4295 6326
1318 430 1546 500 DIST.
1595 430 1922 500 XXXIV.
1971 428 2391 511 QUAESTIO
2441 430 2678 502 UNIC.

403 610 610 697 sunt,
676 603 847 680 ideo
916 604 1137 681 bonae
1193 611 1392 691 sunl,
1449 628 1720 680 verum
1794 613 1956 680 esto

412 718 753 795 bonitate
823 722 1191 816 secunda,
1226 743 1402 820 quae
1457 720 1958 818 consequitur

408 838 822 912 essentiam
916 848 993 914 et
1099 839 1518 914 bonitatem
1603 838 1957 914 intrinse-

408 973 606 1025 cam.

48 1079 376 1155 nmmum
503 1066 689 1143 Viso
762 1069 997 1165 igitur
1063 1070 1247 1169 quid
1323 1071 1778 1169 importatur
1817 1094 1952 1169 per

73 1158 342 1260 '353223''
405 1207 719 1280 nomen,
764 1187 1197 1264 declaratur
1252 1188 1456 1285 quod
1509 1191 1658 1263 tale
1698 1198 1812 1265 est
1869 1188 1946 1262 in

402 1302 740 1398 entibus,
798 1313 873 1379 et
912 1304 1166 1402 arguit
1222 1328 1423 1380 unus
1460 1305 1744 1380 Doctor
1781 1305 1890 1380 sic
1927 1331 1942 1381 ε

401 1418 775 1497 Perfectio
817 1423 1160 1499 universi
1216 1424 1538 1522 requirit
1594 1422 1948 1521 inaequa-

396 1537 683 1614 litatem
778 1541 1191 1638 graduum,
1273 1565 1453 1616 nam
1531 1541 1595 1616 si
1676 1565 1948 1617 omnes

395 1654 681 1750 gradus
731 1655 806 1731 in
860 1657 1217 1734 universo
1276 1667 1533 1734 essent
1571 1659 1940 1756 aequaleS,

394 1780 848 1868 sequeretur
908 1773 1111 1869 quod
1165 1783 1421 1848 essent
1486 1773 1940 1871 inaequaleS,

398 1898 479 1962 ut
516 1888 788 1986 probat
847 1889 1328 1986 Augustinus
1376 1889 1496 1963 83.
1556 1896 1820 1988 quaest.
1866 1914 1936 1987 q.

395 2005 515 2077 83.
564 2004 802 2102 igitur
843 2006 1264 2103 requiritur
1300 2005 1507 2102 quod
1549 2006 1644 2080 sit
1683 2006 1945 2104 aliqua

391 2144 516 2196 res
582 2121 660 2196 in
732 2122 1041 2198 entibus
1090 2122 1569 2217 defectibilis,
1639 2132 1712 2197 et
1768 2122 1941 2198 talis

388 2247 638 2337 potest
696 2239 1046 2315 deficere.
1092 2238 1438 2315 Deficere
1490 2248 1744 2314 autem
1792 2262 1964 2314 ma-.

391 2357 549 2428 lum
611 2364 751 2450 est,
797 2356 968 2430 ideo
1011 2357 1298 2431 malum
1348 2364 1461 2430 est
1505 2354 1584 2429 in
1631 2364 1931 2432 natura.

154 2505 222 2571 5,
485 2473 767 2547 Tamen
836 2473 967 2548 illa
1033 2473 1223 2548 ratio
1292 2496 1445 2547 non
1517 2474 1930 2569 concludit,

387 2612 563 2664 nam
634 2614 789 2663 non
859 2598 1159 2688 oportet
1197 2590 1400 2688 quod
1460 2612 1930 2689 quamquam

382 2728 506 2781 res
563 2706 661 2782 sit
713 2706 1164 2782 defectibilis
1216 2707 1292 2779 in
1350 2716 1654 2801 natura,
1725 2709 1931 2804 quod

381 2822 549 2920 ipsa
605 2831 774 2909 actu
836 2821 1201 2917 deiiciat3
1272 2823 1442 2898 ideo
1502 2823 1671 2897 dico
1725 2825 1931 2920 quod

380 2960 533 3012 non
594 2938 969 3034 sequitur,
1023 2962 1146 3014 res
1195 2947 1309 3013 est
1358 2938 1810 3013 defectibilis
1849 2940 1927 3013 in

380 3054 715 3148 entibus,
800 3053 1033 3151 igitur
1115 3063 1365 3153 potest
1453 3052 1781 3130 deficere
1850 3055 1926 3129 in

380 3185 580 3250 actu.
654 3175 802 3250 Sed
863 3185 1112 3274 potest
1186 3173 1513 3251 deiicere
1592 3175 1931 3275 potentia

382 3301 703 3386 remota,
747 3316 900 3366 non
944 3300 1200 3368 autem
1251 3301 1550 3391 oportet
1589 3293 1931 3390 potentia

378 3410 866 3508 propinqua;
914 3410 1084 3485 ideo
1135 3409 1311 3485 licet
1357 3432 1756 3508 nunquam
1808 3412 1931 3487 de-

380 3525 642 3602 ficeret
698 3536 902 3619 actu,
962 3527 1085 3602 vel
1118 3536 1744 3625 corrumperetur
1799 3528 1930 3602 ali-

379 3640 562 3738 quid
622 3640 698 3714 in
747 3639 1135 3733 universo,
1183 3640 1688 3717 nihilominus
1746 3666 1927 3740 pos-

376 3767 492 3832 set
551 3756 1012 3832 universitas
1061 3779 1228 3832 esse
1284 3757 1616 3855 perfecta
1672 3758 1749 3832 in
1801 3783 1929 3834 en-

375 3873 606 3948 tibus.
683 3873 929 3968 Unde,
990 3881 1074 3947 ut
1112 3875 1278 3948 vult
1316 3873 1795 3970 Augustinus
1844 3876 1921 3949 in

376 3990 820 4065 Enchiridio
887 4013 1054 4088 cap.
1102 3989 1173 4062 6.
1244 3990 1428 4067 Non
1461 3997 1569 4066 est
1604 3991 1922 4079 malum,

372 4107 531 4180 nisi
579 4113 901 4204 propter
957 4106 1263 4192 bonum,
1316 4130 1586 4181 verum
1638 4117 1751 4182 est
1791 4131 1924 4183 oc-

373 4221 888 4315 casionaliter,
932 4230 1007 4297 et
1061 4221 1257 4298 idem
1312 4220 1602 4297 bonum
1666 4234 1922 4322 posset

372 4361 543 4415 esse
583 4339 661 4413 in
712 4348 1013 4425 natura,
1061 4338 1203 4414 etsi
1258 4341 1545 4413 malum
1580 4363 1733 4414 non
1796 4363 1923 4415 es-

370 4466 547 4544 set3
621 4455 792 4530 ideo
852 4454 1341 4552 inaequalitas
1399 4456 1775 4552 graduum
1838 4457 1916 4531 in

373 4571 735 4647 universo
776 4595 931 4645 non
974 4571 1306 4648 ostendit
1364 4572 1568 4669 quod
1630 4575 1916 4648 malum

366 4697 484 4764 est
539 4688 619 4762 in
678 4688 1072 4781 universo,
1135 4688 1266 4763 sed
1330 4688 1744 4765 defectibili
1794 4715 1922 4788 po-

371 4804 612 4879 tentia
665 4812 983 4878 remota.

78 4919 308 5033 {3⁶32
472 4922 650 4997 Ideo
690 4921 928 5020 probo
970 4921 1190 4996 aliter
1229 4921 1436 5019 quod
1479 4924 1762 4997 malum
1807 4933 1922 4999 est

99 5045 311 5158 3:125&
374 5038 450 5111 in
532 5037 895 5113 universo
972 5047 1142 5112 actu
1221 5037 1557 5113 existens
1641 5039 1719 5113 in
1807 5064 1915 5136 re,

30 5121 132 5233 qil·
157 5124 558 5252 mpiltquia
620 5155 906 5228 malum
967 5162 1079 5228 est
1144 5154 1483 5229 carentia
1524 5155 1924 5252 perfectio-

49 5231 317 5367 Ρῗιῗῗῖῗῗ
375 5271 497 5345 nis
528 5269 805 5344 debitae
847 5268 1226 5343 inhaerere
1260 5296 1279 5362 3
1317 5269 1448 5344 sed
1499 5271 1644 5345 tale
1695 5281 1810 5345 est
1841 5271 1917 5346 in

86 5357 279 5410 ‘’em'‘
379 5389 770 5464 universo.
818 5387 1097 5480 Probo,
1160 5386 1344 5484 quia
1405 5409 1918 5486 quaecumque

376 5502 932 5601 suntejusdem
988 5500 1300 5600 speciei,
1352 5502 1667 5599 exigunt
1722 5526 1922 5578 eam-

372 5624 543 5699 dem
614 5617 1152 5720 perfectionem
1191 5645 1212 5714 ;
1257 5618 1390 5694 sed
1433 5619 1919 5699 manifestum

3489 427 3609 496 171

2068 612 2184 678 est
2224 603 2428 700 quod
2469 604 2547 678 in
2589 605 2854 679 eadem
2899 603 3151 702 specie
3196 625 3436 678 unum
3496 600 3614 674 in·
3668 642 3671 643 ν

2063 720 2465 796 dividuum
2557 722 2787 797 habet
2858 720 3404 820 perfectionem
3470 718 3616 792 sibi

2062 834 2431 932 debitam,
2529 838 2740 912 aliud
2835 862 2994 913 non
3083 836 3341 930 habet,
3431 834 3613 933 quia

2062 976 2303 1027 unum
2347 955 2577 1031 habet
2616 955 3170 1053 operationem,
3204 976 3342 1052 per
3380 973 3614 1050 quam

2059 1070 2365 1167 attingit
2440 1071 2704 1168 finem,
2786 1073 2995 1147 aliud
3074 1095 3228 1147 non
3325 1070 3607 1163 habet;

2043 1181 2293 1284 ‘igitur
2357 1187 2435 1262 in
2492 1189 2641 1264 alio
2700 1198 2816 1264 est
2843 1188 3184 1264 carentia
3222 1186 3615 1286 perfectio·
3698 1291 3713 1299 -

2057 1299 2208 1396 niS,
2269 1325 2445 1400 quae
2486 1313 2665 1379 nata
2706 1312 2821 1379 est
2867 1304 3276 1379 inhaerere.

2156 1418 2512 1494 Secundo
2546 1419 2641 1495 ad
2673 1420 2870 1495 idem
2917 1419 3077 1496 sic:
3121 1419 3293 1494 Non
3348 1416 3609 1493 omnia

2055 1534 2264 1609 entia
2293 1535 2579 1610 habent
2618 1535 3057 1611 necessario
3097 1534 3607 1635 perfectiones

2053 1662 2275 1726 natas
2318 1675 2545 1749 posse
2595 1652 3005 1746 inhaerere,
3079 1652 3187 1727 sic
3236 1650 3443 1727 enim
3500 1650 3609 1723 ni-

2053 1766 2164 1840 hil
2204 1767 2743 1865 contingenter
2782 1768 3094 1858 inesset,
3185 1765 3421 1864 igitur
3477 1765 3610 1841 ali-

2051 1904 2210 1981 qua
2247 1884 2455 1958 entia
2503 1908 2658 1958 non
2713 1884 3001 1960 habent
3065 1882 3603 1982 perfectioneS,

2050 2022 2248 2099 quas
2286 2012 2601 2100 possent
2666 2004 2981 2097 habere,
3047 2013 3122 2079 et
3173 2024 3368 2101 quas
3427 2013 3611 2077 sunt

2047 2128 2252 2193 natoe
2311 2119 2732 2218 suscipere,
2803 2120 2974 2196 ideo
3037 2119 3115 2194 in
3174 2128 3453 2194 natura
3491 2128 3606 2193 est

2048 2238 2337 2311 malum
2407 2246 2734 2332 naturoe,
2815 2246 2890 2312 et
2972 2239 3256 2311 malum
3329 2236 3594 2311 moris.

2044 2353 2336 2429 Malum
2433 2364 2757 2444 naturae‚
2859 2379 3035 2430 cum
3131 2354 3305 2452 quis
3390 2362 3597 2429 caret

2042 2469 2508 2567 perfectione
2549 2470 3008 2547 secundaria
3057 2480 3236 2546 nata
3275 2479 3595 2545 natura-

2041 2585 2217 2662 liter
2254 2586 2687 2683 inhaerere3
2760 2590 3046 2663 malum
3109 2587 3369 2675 moris,
3415 2610 3590 2661 cum
3624 2600 3818 2712 Μῗῑιιω
3849 2614 3940 2713 ‘¹2⁸‘

2041 2702 2218 2800 quis
2276 2714 2481 2779 caret
2538 2704 3001 2803 perfectione
3056 2704 3329 2779 morali
3410 2712 3592 2778 nata
3693 2677 3874 2776 :2251ss

2039 2817 2448 2896 inhoerere.

2137 2939 2249 3014 De
2282 2939 2623 3015 secundo
2656 2939 3006 3034 articulo,
3044 2940 3348 3015 declaro
3380 2938 3581 3037 quod
3735 2950 3799 3018 6.

2040 3055 2329 3130 malum
2373 3056 2603 3132 habet
2655 3080 2965 3131 causam
3009 3080 3100 3132 eo
3153 3055 3376 3130 modo
3432 3077 3585 3153 quo
3669 3066 3879 3180 ¹¹⁸¹qu

2039 3180 2155 3245 est
2237 3171 2314 3245 in
2393 3173 2726 3248 entibus.
2805 3172 3289 3249 Manichaeus
3378 3173 3584 3248 enim
3617 3142 3843 3245 causffi·
3884 3144 3936 3181 ‘²‘

2037 3288 2296 3386 posuit
2364 3291 2652 3365 malum
2716 3290 2794 3363 in
2855 3289 3316 3389 principatu,
3390 3290 3589 3365 sicut

2036 3404 2360 3500 bonum,
2484 3415 2560 3482 et
2660 3415 3224 3505 consequenter
3331 3407 3591 3505 posuit

2035 3521 2242 3617 quod
2311 3521 2569 3597 anima
2624 3524 2824 3597 mala
2881 3533 2998 3598 est
3039 3523 3134 3597 ab
3194 3521 3324 3596 illo
3390 3524 3589 3597 malo

2034 3636 2416 3735 principio
2459 3665 2479 3732 3
2550 3638 2754 3712 bona
2819 3647 3076 3713 autem
3117 3661 3162 3712 a
3213 3637 3443 3713 bono.
3501 3639 3592 3711 Et

2034 3753 2144 3828 sic
2195 3756 2483 3829 malum
2525 3755 2721 3830 velle
2778 3766 2894 3830 est
2940 3780 2985 3831 a
3053 3757 3255 3831 mala
3308 3758 3589 3830 volun-

2031 3879 2212 3965 tate,
2275 3871 2564 3946 bonum
2608 3895 2654 3947 a
2692 3873 2895 3948 bono
2955 3871 3406 3948 necessitate
3446 3896 3582 3947 na-

2031 3986 2287 4062 turali.

2127 4105 2412 4179 Contra
2477 4105 2663 4180 istos
2730 4106 2984 4203 arguit
3060 4104 3569 4203 Augustinus,
3605 4112 3890 4226 ‘’⁰3fg‘3ff

2029 4217 2205 4294 libr.
2248 4226 2342 4293 de
2396 4217 2852 4306 Animabzae,
2901 4220 3333 4318 dupliciter,
3408 4219 3571 4318 pri-
3675 4215 3891 4289 alumni

2028 4358 2154 4411 mo
2212 4335 2373 4410 sic:
2418 4334 2832 4410 Peccatum
2900 4342 3012 4411 est
3056 4335 3405 4411 voluntas
3462 4358 3573 4412 re·
3599 4301 3907 4439 {issssei‘s'iii'ci

2026 4454 2331 4529 tinendi
2392 4452 2598 4552 quod
2637 4453 2952 4553 justitia
3017 4461 3242 4542 vetat,
3313 4479 3359 4529 α
3424 4479 3569 4553 quo
3600 4439 3656 4476 ¹¹¹
3686 4425 3904 4477 matum.

2027 4570 2354 4647 liberum
2422 4577 2532 4646 est
2594 4570 2973 4646 abstinere
3025 4599 3052 4656 ,·
3115 4572 3349 4669 igitur
3413 4596 3569 4647 non

2025 4695 2277 4786 potest
2349 4710 2519 4762 esse
2586 4688 2970 4780 voluntas,
3064 4687 3251 4785 quin
3335 4689 3575 4786 possit

2024 4804 2226 4878 velle
2294 4801 2606 4902 aliquod
2672 4802 2990 4877 bonum.
3060 4803 3261 4878 Talis
3315 4815 3571 4880 autem

2025 4923 2388 4996 voluntas
2444 4943 2599 4994 non
2670 4919 3107 4995 necessario
3179 4920 3421 4995 tendit
3496 4923 3573 4995 in

2027 5039 2380 5130 malum3
2443 5060 2596 5110 non
2673 5036 2905 5132 igitur
2965 5038 3164 5111 mala
3220 5039 3578 5113 voluntas

2028 5155 2481 5232 necessitate
2572 5155 2904 5229 naturali
2981 5156 3212 5230 babet
3289 5158 3574 5231 malum

2024 5271 2243 5355 velle,
2302 5270 2481 5369 quia
2550 5281 2662 5345 est
2719 5294 2764 5344 a
2821 5272 3022 5345 malo
3089 5271 3277 5346 De0.

2124 5386 2482 5462 Secundo
2529 5385 2782 5483 arguit
2828 5386 2989 5461 sic:
3037 5385 3419 5463 Poenitere
3461 5402 3576 5465 est

2027 5513 2245 5580 actus
2283 5505 2535 5578 bonus
2590 5503 3035 5595 voluntatis,
3083 5514 3157 5579 et
3203 5507 3348 5579 hoc
3401 5529 3576 5579 con-

2027 5622 2311 5698 cedunt
2365 5618 2808 5715 Manichaei,
2852 5634 2986 5696 sed
3017 5646 3169 5697 non
3214 5625 3574 5700 convenit
