4295 6326
239 1446 350 1511 21.

1573 428 1797 496 DIST.
1851 425 2106 495 XVIII.
2161 424 2579 505 QUAESTIO
2628 426 2682 496 Ι.
3580 428 3707 495 389

1020 731 1387 788 suHoLtUM
1433 734 1528 787 vt.

575 880 855 951 Angelum
888 878 1141 951 potuisse
1173 895 1408 950 peccare
1455 879 1513 934 in
1569 880 1752 949 primo
1805 878 2044 932 instanti

2161 617 2371 688 vera,
2435 603 2549 668 est
2605 595 2697 668 de
2767 595 3142 693 positivis,
3191 620 3339 669 non
3403 595 3493 669 de
3546 593 3700 693 pri-

2158 710 2461 785 vativis.
2573 712 2976 787 Peccatum
3069 724 3182 788 est
3284 711 3701 787 formaliter

2158 829 2481 926 privatio
2550 830 2759 918 boni,
2807 832 3010 926 quod
3072 831 3383 906 deberet
3441 831 3696 905 inesse

504 985 621 1023 suae
655 968 986 1035 creationis,
1023 968 1176 1023 sicut
1204 973 1260 1023 et
1288 968 1516 1034 mereri,
1550 967 1659 1023 hoc
1693 968 1805 1022 late
1841 967 2047 1039 probat
2154 943 2299 1040 ipsi
2368 945 2569 1018 actui
2634 946 2912 1038 elicito,
2987 948 3296 1044 quando
3360 947 3688 1041 elicitur,

500 1065 699 1113 eontra
732 1063 796 1112 D.
831 1058 1119 1138 Th⁰m·.2·
1156 1059 1210 1110 d.
1234 1058 1288 1113 5.
1323 1074 1380 1129 q.
1406 1058 1458 1110 2.
1495 1062 1550 1111 et
1590 1056 1759 1111 habet
1804 1056 1896 1111 bic
1943 1073 2042 1127 pro

500 1162 559 1200 se
582 1146 901 1201 evidentem
930 1146 1124 1201 locum
1155 1145 1222 1201 D.
1246 1145 1560 1217 Augustini
1591 1146 1680 1202 11.
1712 1146 1875 1201 civit.
1909 1162 2038 1213 cap.

503 1235 588 1290 13.

594 1413 703 1487 Ad
774 1412 981 1486 aliud
1039 1412 1348 1510 quando
1391 1413 1766 1509 arguitur,
1831 1414 2035 1512 quod

2152 1070 2224 1134 et
2266 1083 2415 1133 non
2480 1061 2703 1135 inest.

2247 1176 2482 1249 Aliter
2515 1186 2760 1273 potest
2800 1177 2974 1263 dici,
3034 1179 3237 1275 quod
3273 1178 3690 1276 propositio
3838 1196 3947 1264 22.

2149 1300 2262 1364 est
2301 1292 2514 1378 falsa,
2597 1294 2888 1367 scilicet
2928 1295 3130 1390 quod
3202 1318 3427 1369 omne
3488 1318 3693 1369 cooe-
3721 1307 4040 1423 ngeatgffige

2144 1434 2324 1482 vum
2387 1409 2686 1485 effectui
2766 1412 2964 1486 inest
3031 1411 3176 1486 sibi
3235 1412 3576 1487 effective
3646 1440 3690 1487 a
3738 1433 4011 1547 iffffietsffii

198 1559 427 1611 Adsex-
493 1528 553 1603 si
616 1529 964 1605 Christus
1023 1538 1272 1629 potest
1335 1530 1606 1604 mereri
1669 1530 1739 1602 in
1788 1530 2035 1628 primo
2142 1549 2377 1601 causa
2434 1551 2600 1619 sua,
2647 1527 2830 1624 quia
2890 1552 3042 1602 non
3095 1536 3207 1603 est
3268 1528 3687 1603 contradic·
3760 1572 3998 1611 acam.

233 1627 365 1673 tum.

185 1684 429 1757 Angelus

131 1751 312 1820 potuit.
343 1763 459 1812 pee-

127 1823 255 1858 care
288 1824 341 1859 in
356 1812 458 1874 pri-

128 1884 219 1921 mo
253 1874 458 1924 instan-

125 1935 166 1982 ti
197 1936 246 1983 2.
266 1934 382 2048 (ἐξ).
400 1950 451 2001 q.

489 1644 831 1736 instanti,
897 1668 1077 1742 ergo
1146 1655 1221 1720 et
1293 1646 1634 1741 Angelus
1716 1668 2032 1743 peccare

490 1761 566 1834 in
623 1762 870 1859 primo
929 1763 1268 1836 instanti.
1345 1763 1533 1837 Dico
1593 1788 1728 1861 pro
1790 1788 2026 1857 nune,

488 1879 693 1974 quod
762 1889 1010 1976 potest
1062 1903 1378 1978 peccare
1462 1881 1537 1953 in
1604 1880 1851 1980 primo
1922 1881 2032 1953 in-

485 1995 745 2088 stanti,
817 2006 892 2069 et
971 1996 1234 2089 libere,
1298 2006 1372 2071 et
1438 1998 1898 2091 voluntarie,
1946 2009 2028 2072 ut

481 2111 841 2185 voluntas
886 2121 1002 2185 est
1056 2111 1266 2207 prior
1336 2122 1611 2187 natura
1667 2121 1836 2187 actu
1898 2115 2027 2188 eli-

478 2228 665 2320 cito;
709 2252 843 2303 nec
884 2229 1107 2303 video
1150 2229 1226 2301 in
1272 2232 1413 2304 hoc
1455 2231 1791 2327 aliquam
1834 2254 2023 2305 con-

474 2345 1036 2438 tradictionem,
1082 2346 1257 2443 quia
1322 2347 1618 2420 habens
1658 2370 1816 2421 esse
1876 2349 2021 2445 pri-

474 2485 682 2535 mum
730 2463 1180 2560 perlectum,
1218 2471 1292 2537 et
1323 2463 1706 2559 objectum
1751 2487 2017 2562 appro-

465 2579 867 2668 ximatum,
905 2579 967 2652 si
1011 2603 1164 2652 non
1209 2578 1648 2676 impeditur,
1686 2590 1759 2653 et
1799 2591 2014 2656 actus

466 2695 633 2790 ejus
700 2696 796 2769 sit
868 2718 1351 2794 permanens,
1415 2704 1667 2794 potest
1729 2697 2010 2773 habere

465 2817 746 2882 actum.
795 2808 1070 2883 Omnia
1112 2809 1257 2884 ista
1311 2819 1664 2908 poterant
1718 2834 1886 2885 esse
1929 2811 2005 2884 in

460 2927 754 3023 Angelo
809 2925 887 2999 in
932 2925 1179 3025 primo
1235 2925 1578 3020 instanti,
1639 2936 1718 3001 ut
1773 2952 2008 3026 supra

460 3041 746 3116 dictum
789 3053 904 3116 est
930 3043 1021 3115 de
1070 3041 1334 3116 merito
1375 3041 1651 3115 Christi
1689 3042 1768 3116 in
1790 3044 2006 3143 prin-

460 3157 700 3257 cipali
769 3157 1092 3234 articulo
1172 3158 1638 3258 quaestioni&
1714 3170 1787 3234 et
1859 3161 2003 3236 hoc

458 3286 598 3370 est,
661 3276 865 3373 quod
947 3276 1130 3351 dicit
1182 3276 1661 3372 Augustinus
1720 3277 1834 3350 11.
1909 3278 2002 3352 de

460 3395 686 3470 Civz't.
734 3396 912 3480 Dei,
955 3421 1018 3470 c.
1060 3395 1175 3469 13.
1237 3396 1442 3493 quod
1484 3396 1616 3493 qui
1658 3397 2002 3473 sentiunt

459 3514 740 3586 malum
783 3513 1163 3608 Angelum
1227 3535 1583 3610 peccasse
1625 3537 1670 3587 a
1709 3514 2000 3612 princi-

455 3628 605 3725 pie,
691 3629 832 3702 hoc
902 3638 1041 3722 est,
1118 3629 1323 3726 quod
1402 3652 1706 3726 semper
1774 3631 1998 3707 suerit

452 3745 595 3819 sub
664 3755 1005 3843 peccato,
1051 3766 1206 3818 non
1262 3767 1353 3819 ex
1414 3746 1557 3819 hoc
1617 3769 1790 3819 cum
1842 3747 1998 3821 Ma-

451 3859 774 3935 nichaeis
814 3859 1156 3942 sentiunt
1215 3860 1682 3957 ponentibus
1751 3886 1993 3935 unum

449 3977 694 4051 Deum
760 3978 1072 4064 malum,
1111 3985 1185 4049 et
1214 3975 1318 4050 ita
1357 3999 1510 4048 non
1546 3988 1746 4051 esset
1786 3977 1991 4052 Deus

450 4102 713 4170 auctor
743 4092 951 4167 illius
997 4092 1172 4166 mal‘i
1211 4120 1228 4186 ;
1283 4092 1392 4166 sic
1446 4091 1682 4188 igitur
1719 4102 1992 4169 tenens

448 4209 914 4310 oppositum,
973 4209 1283 4307 quando
1336 4210 1680 4305 Angelus
1731 4232 1990 4307 pecca-

445 4328 579 4418 vit,
640 4326 968 4400 nonfuit
1017 4335 1411 4424 peccatum
1472 4349 1516 4399 a
1554 4325 1715 4400 Deo
1758 4325 1992 4401 effec-

445 4445 625 4538 tive,
673 4444 854 4541 quia
893 4452 1075 4517 tunc
1136 4442 1533 4517 induceret
1589 4452 1984 4540 peccatum

446 4564 611 4661 ejus
673 4564 748 4636 in
817 4562 1091 4635 Deum.
1166 4559 1314 4634 Sed
1386 4559 1711 4633 dicendo
1782 4563 1986 4658 quod

444 4682 788 4781 peccavit
821 4679 897 4752 in
931 4679 1181 4777 primo
1215 4677 1559 4770 instanti,
1606 4677 1989 4754 diceretur

446 4802 650 4899 quod
738 4796 1084 4896 peccavit
1160 4794 1620 4892 inquantum
1701 4805 1815 4869 est
1894 4797 1985 4873 de

445 4918 714 5002 nihilo,
778 4924 852 4989 et
918 4937 1072 4986 non
1136 4921 1219 4986 ut
1275 4923 1387 4985 est
1445 4937 1490 4984 a
1558 4912 1744 5004 Deo,
1790 4913 1987 4988 sicut

444 5036 708 5109 dicunt
746 5031 1085 5105 dicentes
1127 5029 1327 5126 quod
1377 5052 1690 5125 peccare
1739 5031 1985 5127 potuit

445 5153 517 5225 in
557 5150 707 5225 alio
767 5147 1107 5222 instanti.
1156 5148 1245 5219 Et
1304 5146 1612 5243 quando
1674 5147 1977 5241 dicitur,

440 5268 642 5366 quod
712 5265 964 5340 omnis
1031 5261 1372 5355 effectuS,
1436 5261 1568 5358 qui
1633 5264 1981 5359 sequitur

437 5412 594 5461 rem
649 5410 694 5460 a
754 5380 1129 5481 principio
1171 5379 1595 5454 secundum
1646 5403 1823 5465 esse,
1866 5390 1978 5455 est

437 5503 698 5587 aDeO,
731 5508 805 5574 et
849 5498 955 5572 sic
1007 5506 1403 5594 peccatum
1446 5496 1716 5590 Angeli
1777 5507 1977 5571 esset

2139 1641 2244 1716 tio
2278 1643 2368 1717 de
2394 1643 2770 1741 opposito.
2810 1643 3029 1718 Unde
3065 1644 3126 1718 si
3159 1644 3370 1719 Deus
3408 1646 3684 1720 laceret

2137 1760 2641 1834 substantiam
2717 1761 2941 1858 ignis,
3017 1771 3091 1836 et
3130 1761 3329 1859 ignis
3379 1774 3683 1838 creatus

2136 1895 2181 1946 a
2222 1875 2381 1948 Deo
2437 1887 2726 1951 crearet
2769 1877 2844 1950 in
2908 1901 2987 1952 se
3039 1878 3541 1974 quantitatem
3610 1889 3682 1953 et

2134 1990 2495 2083 calorem,
2542 2001 2614 2065 et
2659 1991 2807 2066 alia
2840 1992 3263 2067 accidentia
3316 2017 3485 2088 sua,
3549 2004 3680 2068 aut

2132 2103 2195 2178 si
2244 2129 2627 2201 generans
2681 2110 3026 2183 naturale
3073 2119 3479 2205 generaret
3519 2120 3679 2184 tan-

2128 2230 2288 2294 tum
2334 2222 2870 2316 substantiam,
2910 2224 3109 2320 ignis
3150 2225 3469 2300 haberet
3504 2250 3678 2300 cau-

2126 2337 2501 2413 salitatem
2564 2341 2643 2413 in
2707 2364 2786 2415 se
2856 2340 2935 2415 in
3017 2342 3283 2416 eodem
3355 2344 3670 2417 instanti

2124 2452 2200 2526 in
2266 2478 2417 2553 quo
2477 2467 2679 2531 esset
2731 2469 3143 2554 generatus
3202 2469 3276 2535 et
3342 2462 3663 2555 caliduS,

2121 2573 2476 2671 quamvis
2571 2597 2724 2648 non
2824 2575 2898 2647 in
2979 2576 3247 2650 eodem
3351 2578 3665 2653 instanti

2118 2699 2444 2779 naturae,
2509 2689 2585 2764 in
2629 2690 2897 2765 eodem
2959 2700 3212 2767 tamen
3265 2697 3659 2793 temporis,

2114 2805 2362 2903 posito
2422 2807 2627 2904 quod
2685 2831 3065 2905 generans
3125 2810 3380 2907 ignem
3437 2813 3663 2886 anni-

2116 2922 2515 3018 hilaretur,
2574 2925 2881 3022 quando
2944 2926 3228 3001 creavit
3296 2928 3661 3003 substan-

2111 3038 2295 3112 tiam
2355 3039 2580 3137 ignis.
2631 3040 2849 3117 Unde
2893 3043 3202 3139 quando
3236 3042 3360 3117 isti
3395 3043 3660 3120 dicunt

2110 3157 2315 3255 quod
2367 3183 2750 3257 generans
2790 3160 2982 3235 dans
3023 3160 3372 3257 formam,
3418 3162 3546 3238 dat
3585 3174 3656 3240 et

2108 3297 2201 3349 ea
2239 3298 2415 3373 quae
2457 3287 3041 3376 consequuntur
3083 3280 3431 3372 formam,
3481 3281 3653 3358 licet

2106 3412 2377 3465 verum
2440 3391 2535 3465 sit
2576 3393 2667 3467 de
2711 3395 2933 3487 lacte,
2997 3395 3177 3491 quia
3247 3396 3448 3492 ignis
3515 3421 3653 3492 ge-

2106 3530 2389 3583 nerans
2475 3509 2869 3585 sufficiens
2944 3522 3058 3586 est
3146 3513 3239 3586 ad
3334 3537 3652 3589 causan-

2104 3623 2275 3696 dam
2327 3626 2829 3701 substantiam
2876 3627 3095 3701 istam
3150 3628 3374 3725 ignis,
3413 3640 3484 3705 et
3525 3656 3652 3706 ca-

2106 3739 2340 3814 lorem
2386 3741 2459 3813 in
2499 3742 2703 3838 igne,
2751 3752 3001 3817 tamen
3067 3745 3239 3818 licet
3280 3771 3431 3819 non
3478 3772 3650 3823 cau-

2102 3865 2302 3930 saret
2362 3858 2721 3950 calorem,
2778 3859 2979 3954 ignis
3035 3873 3448 3956 generatus
3507 3868 3645 3940 ha-

2099 3970 2312 4046 beret
2407 3971 2821 4046 efficaciam
2908 3985 3253 4072 respectu
3335 3980 3634 4054 caloris.

2098 4088 2190 4160 Et
2233 4089 2842 4182 fundamentum,
2898 4115 3131 4189 super
3188 4115 3340 4190 quo
3374 4094 3639 4170 fundat
3685 4103 3830 4155 mem
3862 4120 3955 4170 po-

3708 4173 3812 4218 test.
3838 4184 3953 4220 este

2097 4227 2207 4297 se,
2267 4204 2535 4279 salsum
2601 4215 2741 4299 est,
2787 4208 2990 4304 quod
3057 4209 3251 4283 idem
3310 4236 3460 4285 non
3523 4224 3638 4287 est
3697 4231 3943 4283 simmia

2097 4319 2171 4392 in
2241 4322 2580 4419 potentia
2653 4333 2720 4397 et
2795 4325 2867 4396 in
2932 4335 3129 4400 actu.
3204 4327 3363 4402 lloc
3432 4330 3635 4403 enim
3699 4298 3956 4417 „⁸3²2‘3032.

2096 4446 2339 4522 solum
2426 4473 2690 4523 verum
2769 4461 2882 4524 est
2963 4452 3040 4524 in
3110 4456 3634 4552 generatione,

2095 4575 2170 4638 et
2215 4577 2415 4640 motu
2476 4568 2829 4656 univoCO,
2879 4594 3017 4642 nec
3068 4580 3181 4644 est
3222 4574 3643 4649 contradic-

2095 4680 2197 4756 tio
2260 4683 2461 4779 quod
2516 4684 2590 4756 in
2653 4685 2922 4759 eodem
2984 4686 3293 4761 instanti
3351 4690 3427 4763 in
3485 4716 3637 4789 quo

2092 4808 2507 4895 generatur
2566 4800 2766 4896 ignis
2834 4803 3155 4896 caliduS,
3203 4807 3404 4901 quod
3467 4832 3640 4884 cau-

2094 4929 2206 4992 set
2274 4918 2350 4990 in
2395 4943 2475 4992 se
2545 4919 2779 4992 alium
2830 4922 3192 5015 calorem,
3240 4924 3381 4998 nisi
3456 4930 3636 5024 quia

2090 5035 2516 5109 secundum
2575 5036 3016 5133 opinionem
3075 5063 3370 5134 eorum,
3445 5069 3633 5118 con-

2088 5152 2438 5224 tradictio
2508 5164 2621 5224 est
2662 5154 2863 5248 quod
2910 5155 3061 5226 fluo
3104 5159 3443 5250 ejusdem
3509 5187 3631 5235 ra-

2086 5267 2319 5339 tionis
2375 5267 2527 5338 sint
2581 5267 2654 5339 in
2701 5267 2967 5342 codem
3023 5272 3366 5368 subjecto
3412 5304 3429 5367 ;
3496 5280 3625 5351 sed

2087 5383 2231 5454 hoc
2311 5383 2895 5457 fundamentum
2955 5384 3064 5458 sic
3128 5399 3240 5461 est
3320 5391 3619 5487 salsum,

2085 5498 2232 5571 nisi
2290 5499 2475 5572 sorte
2538 5499 2610 5571 in
2676 5500 2853 5592 illis,
2918 5524 3092 5597 qua}
3154 5503 3626 5583 inducuntur

436 5646 481 5697 a
519 5620 733 5712 De03
795 5615 964 5689 dico
1014 5614 1218 5711 quod
1279 5613 1339 5686 si
1404 5613 1817 5711 propositio
1877 5615 1975 5688 sit
2080 5639 2217 5714 per
2260 5626 2575 5690 motum.
2624 5618 2891 5692 Dicere
2952 5629 3206 5693 autent
3258 5626 3460 5720 quod
3505 5653 3624 5702 ve-
