4295 6326
1492 446 1715 515 DIST.
1767 446 1885 516 IV.
1940 446 2358 527 QUAESTIO
2407 448 2494 517 11.

71 644 283 712 awrgo
305 650 384 700 est
420 623 550 697 tris
592 634 705 697 est
744 623 1146 720 concipere
1207 630 1280 697 et
1348 643 1612 719 parere
1658 645 1678 714 ;
1726 617 1959 693 mani-

69 723 380 826 iiffiffissii.
418 741 691 815 festum
734 749 873 833 est,
936 747 1010 813 et
1044 747 1247 837 patet
1303 736 1509 835 quod
1575 736 1719 810 ista
1760 758 1960 810 com-

416 865 687 955 petunt
715 857 961 931 beatae
992 854 1293 951 Virgini
1333 853 1624 928 Mariae.
1674 850 1822 925 Sed
1864 850 1957 926 de

417 975 640 1050 modo
683 983 800 1049 est
830 971 1243 1047 difficultas
1279 995 1295 1046 :
1335 969 1595 1044 Primo
1629 991 1959 1066 quomo-

413 1093 509 1168 do
552 1091 928 1188 concepit,
975 1098 1048 1164 et
1106 1090 1197 1163 de
1257 1090 1402 1162 hoc
1455 1087 1655 1180 dico,
1712 1084 1958 1184 primo

413 1209 490 1283 in
542 1206 991 1299 universali,
1063 1205 1393 1303 qualiter
1452 1203 1623 1277 aliae
1677 1210 1958 1275 matres

413 1349 492 1401 se
559 1325 845 1400 habent
897 1323 979 1396 in
1052 1319 1496 1419 conceptu?
1562 1317 1953 1410 Secund0‚

413 1442 871 1544 applicando
950 1444 1117 1517 haec
1185 1439 1621 1539 specialiter
1712 1436 1959 1512 heatae

412 1558 1042 1659 Virgini.Tertio,
1116 1555 1500 1657 quomodo
1570 1555 1744 1630 aliae
1808 1576 1961 1627 ma·

417 1690 570 1754 tres
671 1674 1040 1776 pariunt?
1124 1673 1439 1762 QuartO,
1502 1668 1959 1768 applicando

423 1795 587 1868 haec
655 1793 731 1866 in
797 1789 1108 1889 speciali
1178 1788 1270 1863 ad
1349 1787 1650 1861 beatam
1717 1782 1964 1880 Virgi-

427 1934 629 1986 nem.

96 2013 361 2128 {233¹}ss
523 2025 821 2099 Dicitur
873 2021 1074 2119 quod
1135 2027 1374 2093 mater
1419 2015 1612 2090 nihil
1677 2015 1834 2112 agit
1882 2013 1959 2087 in

131 2141 361 2252 ²4:52¹·
427 2141 954 2241 conceptione,
1003 2137 1134 2213 sed
1167 2159 1249 2211 se
1304 2135 1534 2209 habet
1595 2142 1965 2230 utpoten-

82 2266 153 2314 An
176 2269 374 2315 matres
423 2261 530 2335 tia
561 2258 866 2358 passiva
896 2264 1219 2331 tantum.
1258 2253 1409 2325 Ista
1439 2260 1553 2326 est
1584 2248 1964 2324 sententia

81 2330 397 2440 wtsstttffm
426 2374 923 2473 Philosophi,
1042 2371 1157 2444 15.
1249 2369 1341 2444 de
1434 2365 1957 2460 Animalibus,

426 2519 591 2593 cap.
614 2493 816 2567 25.et
837 2491 955 2563 26.
980 2499 1053 2564 et
1088 2487 1350 2562 recitat
1374 2509 1542 2561 eam
1569 2483 1966 2558 Avicenna

425 2610 509 2683 2.·
541 2608 633 2683 de
668 2607 939 2681 Gener.
987 2627 1151 2702 cap.
1193 2602 1259 2673 1.

519 2728 930 2817 Praeterea,
971 2722 1097 2797 ubi
1122 2719 1328 2796 enim
1360 2740 1522 2791 mas
1553 2726 1628 2791 et
1661 2716 1966 2790 femella

422 2869 573 2919 non
646 2842 1229 2938 distinguuntur
1294 2835 1578 2934 specie,
1641 2833 1774 2908 sod
1836 2858 1964 2907 so-

420 2962 579 3033 lum
636 2980 987 3049 nu1ner0,
1061 2976 1222 3027 mas
1305 2950 1535 3025 habet
1601 2948 1959 3022 virtutem

418 3077 741 3153 activam
781 3102 799 3169 3
838 3073 1137 3148 femella
1196 3067 1679 3158 administrat
1720 3075 1965 3139 mate—

421 3198 608 3272 riam
655 3199 799 3270 hoc
844 3190 1302 3268 determinat
1352 3188 1799 3263 Aristoteles
1830 3184 1968 3259 ubi

418 3338 679 3412 supra,
725 3334 860 3411 per
891 3310 1043 3383 duo
1076 3306 1603 3405 experimenta
1648 3304 1739 3377 de
1795 3302 1961 3375 ovis

422 3431 747 3530 piscium
788 3436 862 3503 et
903 3427 1231 3501 aliorum
1275 3422 1756 3498 animalium.
1807 3420 1964 3492 Ra-

423 3549 525 3623 tio
558 3547 649 3623 ad
693 3548 836 3620 hoc
879 3553 1031 3619 est:
1072 3542 1152 3615 Si
1187 3540 1490 3615 femella
1530 3546 1730 3612 esset
1763 3537 1965 3634 prin-

422 3662 706 3761 cipium
747 3659 1108 3745 activum,
1168 3655 1404 3752 igitur
1445 3663 1705 3752 posset
1734 3673 1963 3748 gene-

428 3801 589 3853 rare
623 3800 757 3875 per
796 3798 875 3851 se
909 3774 1075 3849 sine
1111 3795 1349 3864 mare,
1395 3769 1594 3844 sicut
1643 3768 1704 3842 si
1751 3767 1964 3841 visus

425 3903 619 3969 esset
661 3892 957 3968 activus
1008 3912 1145 3987 per
1183 3912 1290 3975 se,
1378 3894 1635 3986 posset
1678 3884 1963 3982 ubique

425 4034 648 4109 agere
709 4011 874 4085 sine
932 4007 1254 4105 objecto,
1317 4004 1390 4077 2.
1463 4003 1555 4078 de
1622 4001 1961 4089 Anima,·

425 4129 593 4204 ideo
637 4126 852 4225 ponit
881 4123 1406 4221 Philosophus
1448 4119 1655 4217 quod
1696 4141 1961 4193 semen

430 4245 658 4319 maris
688 4267 768 4319 se
825 4242 1054 4317 habet
1107 4240 1304 4314 sicut
1335 4238 1742 4333 coagulum
1815 4257 1966 4309 res-

424 4368 645 4458 pectu
719 4356 936 4433 lactis
962 4384 981 4449 ;
1044 4363 1117 4429 et
1193 4353 1363 4427 ideo
1423 4374 1569 4426 ova
1635 4350 1961 4449 piscium

426 4499 518 4550 an
533 4485 837 4572 tequam
863 4472 1016 4546 sint
1047 4470 1371 4543 irrorata
1393 4467 1686 4542 semine
1729 4467 1964 4541 maris

425 4616 574 4666 non
620 4599 795 4665 sunt
843 4584 1214 4686 proliflca,
1272 4593 1345 4659 et
1395 4582 1548 4657 alia
1587 4606 1733 4657 ova
1781 4592 1964 4657 sunt

428 4707 916 4808 hypenemia,
990 4726 1167 4801 quae
1230 4726 1383 4775 non
1455 4710 1637 4775 sunt
1675 4700 1962 4775 coitum

429 4849 678 4926 passa,
707 4825 858 4899 alia
887 4831 1068 4896 sunt
1098 4842 1245 4895 ova
1268 4842 1444 4915 quae
1472 4826 1653 4892 sunt
1692 4819 1967 4916 zephy-

427 4942 564 5036 ria,
608 4939 897 5016 scilicet
928 4961 1074 5012 ova
1113 4935 1347 5011 venti.

519 5058 690 5133 Alia
752 5055 942 5129 ratio
1019 5052 1113 5127 ad
1176 5053 1371 5125 hoc:
1433 5050 1606 5125 Duo
1654 5049 1965 5147 agentia

426 5176 751 5251 univoca
784 5196 938 5247 non
992 5179 1175 5244 sunt
1218 5168 1655 5243 necessario
1699 5167 1964 5265 requi-

424 5293 567 5368 sita
598 5292 690 5366 ad
725 5288 1077 5365 eumdem
1133 5285 1533 5380 effectum3
1588 5286 1720 5361 sed
1772 5286 1833 5360 si
1867 5284 1967 5359 [6-

428 5410 654 5484 mella
699 5407 797 5481 sit
846 5406 1119 5497 activa,
1165 5403 1513 5501 sequitur
1554 5402 1757 5501 quod
1803 5425 1964 5477 mas

431 5534 504 5600 et
533 5525 835 5600 femella
865 5528 1341 5597 concurrunt
1369 5544 1460 5595 ex
1493 5520 1759 5595 eadem
1802 5543 1967 5618 par-

432 5650 531 5735 te,
567 5652 648 5715 ut
687 5640 838 5714 duo
866 5637 1173 5735 agentia
1214 5637 1570 5731 univoca,
1606 5661 1780 5712 cum
1814 5636 1967 5711 sint

616 5783 753 5840 Τοι.
795 5778 989 5838 xxm.

3479 451 3606 519 273

2067 621 2414 722 ejusdem
2511 623 2822 721 speciei,
2909 624 3024 696 10.
3093 624 3602 723 Metaplzysz'c.

2067 737 2332 834 igitur,
2379 748 2521 813 etc.
2567 741 2816 837 Major
2845 749 3078 838 patet,
3127 740 3309 837 quia
3342 740 3414 812 in
3455 763 3608 812 uno

2067 853 2335 929 ordine
2369 855 2737 931 causandi
2772 856 3016 930 virtus
3058 858 3304 931 activa
3363 865 3612 954 potest

2066 995 2235 1047 esse
2299 972 2373 1046 in
2439 997 2590 1047 uno
2660 973 3086 1073 supposito.
3161 973 3330 1046 Non
3401 972 3607 1047 enim

2066 1096 2181 1161 est
2211 1088 2396 1162 ordo
2426 1112 2561 1187 per
2595 1112 2675 1164 36
2729 1090 3152 1164 secundum
3197 1088 3606 1186 perfectius

2066 1215 2140 1278 et
2172 1204 2692 1303 imperfectius
2724 1207 2922 1283 inter
2979 1206 3375 1304 supposita
3414 1206 3609 1303 ejus-

2067 1320 2237 1396 dem
2272 1322 2581 1420 speciei.
2821 1343 2824 1346 “

2165 1440 2380 1530 Item,
2417 1441 2844 1515 secundum
2876 1464 3171 1536 61111163,
3212 1451 3448 1516 mater
3475 1441 3610 1514 rni-

2068 1556 2811 1646 nistratmateriam3
2875 1559 3109 1656 igitur
3158 1559 3235 1633 in
3292 1559 3605 1634 instanti

2066 1674 2591 1769 generationis
2681 1674 2921 1749 [orma
3005 1675 3376 1750 menstrui
3451 1698 3610 1750 cor-

2067 1790 2478 1888 rumpitur,
2516 1801 2589 1868 et
2621 1816 2757 1889 per
2819 1815 3308 1890 consequens
3359 1816 3610 1866 mens-

2069 1915 2326 1981 truum
2361 1930 2515 1982 non
2586 1918 2702 1983 est
2767 1910 3099 1984 activum
3163 1910 3238 1981 in
3291 1908 3605 1983 instanti

2068 2025 2592 2122 generationis
2635 2027 2899 2126 prolis,
2927 2027 3110 2124 quia
3150 2035 3332 2100 tunc
3379 2025 3604 2100 simul

2070 2151 2271 2218 esset
2311 2152 2386 2217 et
2417 2166 2568 2217 non
2606 2153 2830 2220 esset.

2170 2259 2525 2334 Secundo
2569 2259 2872 2347 dicitur,
2925 2260 3380 2358 applicando
3422 2260 3612 2335 illud

2072 2376 2164 2451 ad
2199 2377 2500 2452 beatam
2541 2377 2968 2474 Virginem,
3020 2379 3226 2474 quod
3258 2379 3426 2476 ipsa
3456 2402 3612 2451 non

2071 2491 2182 2566 sic
2223 2491 2380 2587 egit
2446 2492 2523 2565 in
2565 2493 3062 2589 generatione
3141 2493 3407 2591 proliS,
3481 2492 3614 2568 sed

2072 2617 2367 2681 tantum
2403 2631 2484 2684 se
2545 2609 2812 2683 habuit
2861 2610 2935 2682 in
2995 2609 3289 2685 ratione
3341 2609 3619 2707 princi-

2075 2723 2177 2821 pii
2250 2725 2532 2823 passivi
2606 2725 3108 2800 ministrando
3182 2726 3610 2820 materiam,

2075 2841 2258 2939 quia
2289 2843 2718 2916 secundum
2782 2844 3380 2939 Damascenum,
3444 2866 3614 2941 cap.

2073 2956 2192 3028 48.
2246 2956 2544 3055 Corpus
2618 2957 2909 3033 Christi
2970 2957 3458 3056 formabatur
3524 2981 3622 3031 eoe

2057 3073 2511 3172 purissimis
2550 3074 3057 3173 sanquinibus
3105 3075 3467 3173 Virqz'niS.

2170 3192 2280 3267 Ad
2325 3195 2469 3268 hoc
2519 3195 2870 3291 arguitur
2911 3219 3046 3293 per
3109 3195 3493 3270 rationes:
3534 3201 3621 3267 In

2071 3310 2387 3385 instanti
2413 3311 2942 3410 conceptionis
2963 3312 3189 3387 simul
3212 3313 3352 3386 fuit
3373 3310 3627 3386 Chris-

2072 3435 2197 3502 tus
2264 3426 2679 3521 animatuS‚
2752 3437 2827 3503 et
2888 3453 3169 3527 corpus
3219 3428 3625 3526 organiza-

2075 3554 2265 3636 tum,
2355 3553 2428 3619 et
2507 3545 2844 3620 Verbum
2940 3545 3362 3622 secundum
3468 3546 3626 3621 Da-

2074 3683 2571 3755 mascenum3
2636 3661 2869 3759 igitur
2926 3672 3204 3737 natura
3281 3664 3624 3738 humana

2073 3799 2229 3849 non
2268 3775 2404 3851 [uit
2439 3777 2516 3850 in
2571 3779 2971 3875 supposito
3030 3778 3373 3877 proprio,
3437 3780 3623 3876 quia

2075 3890 2216 3966 [uit
2251 3893 2656 3968 formatum
2690 3894 2765 3966 in
2803 3895 3141 3970 instanti.
3211 3894 3359 3971 Sed
3403 3896 3621 3969 nulla

2073 4009 2318 4085 virtus
2359 4020 2614 4086 creata
2645 4022 2894 4109 potest
2934 4037 3213 4111 corpus
3258 4014 3612 4102 formare,

2076 4149 2217 4201 nec
2257 4151 2579 4224 coagere
2623 4130 2879 4226 agenti
2941 4130 3279 4205 increato
3330 4130 3426 4204 ad
3468 4129 3619 4203 for-

2075 4243 2538 4338 mationem3
2595 4244 2831 4340 igitur
2878 4244 2940 4319 si
3016 4255 3253 4319 mater
3302 4245 3622 4320 haberet

2076 4360 2453 4434 rationem
2506 4360 2860 4458 principii
2903 4360 3129 4435 activi
3186 4360 3263 4433 in
3335 4360 3620 4435 forma-

2072 4476 2279 4550 tione
2344 4476 2715 4573 corporiS,
2797 4499 2950 4550 non
3021 4485 3280 4574 posset
3338 4476 3619 4552 salvari

2073 4589 2292 4690 quod
2324 4593 2489 4691 ipsa
2549 4602 2832 4689 ageret,
2890 4617 3031 4668 nec
3099 4603 3480 4691 coageret,
3517 4594 3619 4667 si-

2074 4719 2204 4784 cut
2246 4709 2531 4783 faciunt
2572 4709 2745 4784 aliae
2782 4719 3087 4784 matreS.

2173 4827 2530 4902 Secundo
2609 4829 2703 4901 ad
2747 4827 2947 4903 idem
2980 4828 3415 4903 'secundum
3460 4829 3621 4902 Au—

2072 4945 2471 5040 gustinum
2521 4945 2635 5017 10.
2692 4968 2926 5041 saper
2994 4944 3181 5019 Gen.
3242 4946 3388 5020 ista
3453 4970 3623 5043 pro-

2073 5061 2331 5136 ductio
2373 5085 2526 5135 non
2596 5061 2738 5135 fuit
2789 5062 3218 5136 secundum
3280 5062 3618 5138 rationes

2075 5178 2538 5271 seminales;
2585 5178 2817 5274 igitur
2866 5186 3166 5275 oportet
3206 5180 3410 5274 quod
3447 5187 3618 5252 tan-

2073 5303 2234 5368 tum
2271 5316 2351 5367 se
2394 5292 2671 5367 habeat
2710 5292 3041 5389 passive.

3334 5779 3399 5832 ¹8
