4295 6326
1400 377 1625 457 DIST.
1677 375 1899 448 XXV.
1944 371 2362 459 QUAESTIO
2415 376 2651 447 UNlC.

463 564 718 631 tamen
815 554 1303 653 acccipiendo
1413 565 1686 648 totum,
1791 553 2013 651 cujus

464 696 641 771 pars
700 672 1032 746 nobilior
1097 681 1765 770 praesupponatur,
1830 671 2015 768 quia

465 790 597 863 illa
671 813 846 887 pars
926 813 1078 862 non
1149 788 1623 886 producitur,
1697 797 1770 862 et
1843 786 2011 861 ideo

468 907 610 981 sub
673 908 800 981 illo
867 907 1258 981 intellectu
1329 930 1483 981 non
1562 914 1760 981 esset
1844 903 2014 979 effi-

467 1024 679 1097 ciens
720 1045 948 1097 omne
993 1023 1332 1097 nobilius
1373 1021 1647 1097 effectu
1694 1045 1830 1119 per
1884 1044 2013 1095 ac-

468 1141 756 1215 cidens.
852 1140 1302 1237 Exemplum
1391 1138 1484 1213 ad
1554 1139 1760 1213 hoc:
1834 1139 2011 1211 Esto

466 1258 669 1355 quod
713 1259 972 1354 aliqua
1003 1257 1331 1354 qualitas
1364 1257 1611 1330 solum
1653 1252 2014 1329 adveniat

466 1376 944 1462 substantiae,
1012 1384 1093 1449 ut
1144 1377 1435 1467 lumen,
1499 1373 1562 1448 si
1614 1395 2015 1447 conserva-

465 1502 675 1566 retur
731 1517 867 1591 per
926 1516 1036 1586 se,
1107 1503 1365 1590 posset
1434 1491 1756 1566 alterare
1826 1489 2014 1564 sub-

463 1608 819 1683 stantiam
883 1636 900 1701 3
986 1617 1230 1681 totum
1301 1606 1489 1681 illud
1559 1615 2010 1702 generatum

463 1733 578 1800 est
630 1724 966 1799 nobilius
1009 1724 1302 1798 ratione
1353 1722 1795 1798 accidentis.
1862 1721 2010 1797 Sed

463 1843 670 1940 quod
739 1840 1367 1941 praesupponitur
1418 1864 1570 1913 non
1632 1849 1745 1914 est
1791 1838 2012 1935 igno-

463 1958 725 2052 bilius,
797 1967 983 2056 puta
1066 1955 1518 2030 substantia.
1611 1953 2009 2042 Quomodo

464 2086 720 2150 autem
756 2097 994 2171 agens
1035 2081 1150 2147 est
1199 2071 1691 2170 praestantius
1725 2070 2006 2168 passio,

463 2191 747 2265 dictum
829 2199 944 2265 est
1008 2189 1252 2287 priuS,
1336 2189 1518 2287 quia
1597 2186 2014 2284 ignobilius

462 2320 576 2383 est
620 2333 740 2401 ec,
785 2307 990 2404 quod
1047 2328 1360 2403 passum
1416 2315 1530 2380 est
1579 2304 1656 2377 in
1714 2302 2013 2378 actione

461 2425 885 2523 aequivoca.

995 2646 1358 2705 SCHOLlUM
1398 2645 1492 2702 IV.

537 2803 849 2860 Solvuntur
880 2803 994 2857 duo
1022 2805 1371 2872 argumenta
1403 2815 1507 2871 pro
1537 2796 1811 2869 opinione
1867 2797 2014 2851 Hen-

469 2896 576 2952 rici
609 2895 794 2965 posita
817 2911 979 2949 num.
1012 2895 1067 2949 5.

213 3144 320 3211 19,
572 3110 681 3186 Ad
734 3110 1065 3208 primum
1127 3131 1263 3206 pro
1313 3105 1654 3181 secunda
1714 3102 2020 3202 opinio-

123 3259 445 3323 Respondet
478 3252 599 3316 ne,
664 3252 839 3302 cum
917 3225 1194 3299 dicitur
1255 3223 1457 3320 quod
1519 3222 1883 3296 balneum
1939 3220 2014 3293 in

119 3323 440 3444 ‘gssffissflff
474 3342 734 3415 anima
800 3348 1052 3413 movet
1107 3347 1189 3411 ut
1238 3334 1607 3422 efficienS‚
1666 3335 1730 3409 si
1790 3334 2021 3408 susti-

156 3448 410 3559 “252150‘
473 3468 745 3532 neatur
799 3454 1002 3553 quod
1058 3453 1440 3551 obJectum
1494 3460 1745 3525 movet
1791 3450 2019 3526 effec-

471 3573 650 3667 tive,
709 3573 883 3647 licet
923 3595 1074 3644 non
1128 3570 1224 3644 sit
1256 3592 1489 3643 causa
1518 3567 1798 3657 totalis,
1839 3576 2019 3642 tunc

469 3701 718 3792 potest
762 3689 1122 3765 sustineri
1181 3689 1379 3786 quod
1435 3689 1797 3762 balneum
1855 3711 2020 3760 mo-

468 3819 595 3882 vet
652 3818 733 3881 ut
780 3805 1123 3882 efficiens
1161 3814 1401 3897 extra,
1456 3813 1534 3876 ut
1584 3802 1786 3878 finis.
1843 3803 2020 3877 Sus·

470 3926 783 4001 tinendo
833 3933 1085 3998 tamen
1130 3921 1334 4019 quod
1377 3920 1474 3995 sit
1515 3930 1808 3994 tantum
1853 3920 2020 3994 sinc

471 4066 616 4141 quo
702 4065 885 4134 non,
958 4050 1032 4113 et
1107 4040 1317 4113 nullo
1398 4036 1622 4111 modo
1703 4060 2019 4111 movens

471 4160 844 4250 effective,
951 4168 1132 4231 tunc
1234 4166 1532 4254 oportet
1645 4157 2014 4252 glossare,

472 4277 675 4374 quod
751 4299 905 4349 non
966 4282 1222 4347 movet
1300 4271 1644 4348 effective
1701 4296 1838 4369 per
1906 4296 2015 4366 se,

470 4395 603 4470 sed
663 4417 796 4491 per
845 4391 1227 4467 accidens.

569 4510 820 4601 DiceS,
867 4531 1099 4582 causa
1145 4530 1282 4604 per
1321 4530 1400 4580 se
1444 4516 1557 4581 est
1599 4506 1807 4604 prior
1846 4530 2018 4580 cau·

470 4650 554 4701 sa
610 4651 747 4725 per
805 4624 1158 4698 accidens
1193 4652 1210 4716 3
1247 4623 1377 4697 sed
1426 4621 1571 4696 ista
1620 4632 1730 4697 est
1771 4622 2018 4720 prima

469 4768 727 4832 causa,
796 4742 979 4839 quia
1046 4740 1258 4838 prius
1334 4739 1629 4834 origine
1722 4748 2017 4836 oportet

472 4863 853 4959 objectum
896 4881 1062 4932 esse
1120 4879 1489 4954 p1·aesenS,
1553 4877 1782 4950 quam
1858 4879 2018 4928 mo-

471 4988 692 5054 vetur
759 4972 1098 5074 potentia
1163 4972 1256 5045 ad
1308 4970 1715 5067 objectum.

571 5094 759 5167 Dico
827 5090 1032 5188 quod
1100 5087 1352 5162 omnis
1419 5110 1652 5170 causa
1726 5110 1861 5183 per
1936 5110 2016 5161 se

142 5191 441 5316 ᾳξξζίἓὲξθ
475 5222 590 5287 est
655 5209 863 5309 prior
937 5230 1168 5281 causa
1237 5229 1372 5303 por
1433 5204 1814 5298 accidens,
1897 5206 2015 5279 vel

143 5315 443 5439 ⁹22ss22¹f⁸⁸
475 5337 774 5420 natura,
816 5325 940 5399 vel
977 5322 1461 5421 perfectione.
1535 5321 1704 5395 Non
1757 5330 2013 5395 autem

472 5466 775 5542 semper
849 5438 1145 5535 origine
1231 5436 1466 5534 prior,
1552 5435 1735 5533 quia
1801 5435 2015 5535 prius

473 5560 769 5658 origine
890 5565 1004 5631 est
1109 5554 1391 5629 amotio
1504 5552 2011 5650 prohibentia,

141 5126 289 5178 Causa
322 5140 418 5191 per

3555 390 3676 457 12‘1

2121 552 2354 649 quam
2453 563 2707 628 motus
2765 555 3025 650 gravis
3102 556 3493 644 deorsum,
3569 567 3681 632 ta-

2124 684 2298 742 men
2371 667 2788 767 ipsummet
2845 683 2958 746 est
3001 672 3240 769 priuS‚
3315 674 3450 747 sed
3521 697 3675 746 non

2119 783 2336 880 prius
2419 796 2671 861 movet
2740 811 2849 880 se,
2921 810 3151 884 quam
3230 799 3681 864 amoveatur

2119 898 2572 996 prohibens.
2637 902 2862 976 Nunc
2915 913 3172 977 autem
3231 904 3454 977 modo
3521 928 3677 978 non

2117 1024 2419 1113 oportet
2488 1020 2694 1116 quod
2754 1043 2987 1095 causa
3053 1031 3405 1119 respectu
3466 1022 3677 1119 ejus-

2120 1131 2293 1207 dem
2367 1132 2575 1228 finis,
2647 1160 2951 1235 semper
3031 1138 3416 1237 praecedat
3497 1162 3678 1214 cau—

2118 1273 2284 1325 sam
2326 1277 2463 1350 per
2519 1254 2903 1348 accidenS‚
2939 1257 3072 1330 sed
3115 1254 3399 1331 sufficit
3466 1256 3673 1354 quod

2120 1380 2469 1466 respectu
2549 1372 2863 1447 alterius
2945 1372 3150 1467 finis,
3240 1382 3320 1447 ut
3413 1374 3673 1449 [oditio

2116 1497 2232 1560 est
2294 1510 2528 1562 causa
2594 1512 2728 1586 per
2784 1480 3142 1565 accidens
3197 1491 3679 1565 inventionis

2116 1602 2488 1689 thesauri,
2541 1612 2615 1677 et
2654 1627 2804 1677 non
2850 1606 3247 1703 praecessit
3284 1607 3482 1680 actio
3544 1630 3681 1704 per

2117 1741 2198 1793 se
2246 1718 2802 1815 inventionem,
2867 1722 3018 1797 nisi
3081 1732 3394 1820 propter
3438 1723 3674 1798 alium

2117 1831 2380 1910 finem.

2213 1951 2324 2024 Ad
2394 1952 2601 2025 aliud
2671 1976 2845 2026 cum
2918 1954 3223 2049 dicitur,
3289 1956 3673 2055 appetitus

2116 2068 2536 2144 sensitivus
2619 2081 2971 2145 movetur
3047 2096 3085 2145 a
3153 2097 3293 2148 suo
3376 2073 3676 2172 appeti-

2114 2184 2278 2274 bili,
2353 2184 2587 2281 igitur
2634 2185 3151 2264 in‘tellectivus
3191 2213 3236 2265 a
3285 2215 3448 2279 suo..
3502 2190 3672 2264 dico

2117 2301 2324 2397 quod
2410 2301 2848 2399 oppositum
2928 2305 3279 2402 sequitur
3345 2330 3439 2380 ex
3530 2308 3674 2380 hoc

2117 2417 2324 2514 quod
2375 2441 2579 2492 unus
2637 2431 2751 2493 est
2806 2420 3026 2514 liber,
3098 2431 3171 2496 et
3225 2422 3422 2496 alius
3482 2447 3670 2517 non,

2120 2533 2304 2631 quia
2366 2536 2794 2611 secundum
2862 2537 3458 2631 Damascenum,
3539 2540 3669 2614 lib.

2117 2653 2188 2725 2.
2235 2676 2401 2751 cap.
2448 2654 2567 2727 22.
2628 2665 2703 2729 et
2746 2656 2866 2730 23.
2923 2656 3043 2730 43.
3097 2660 3477 2757 appetitus
3515 2682 3677 2732 sen-

2116 2768 2387 2842 sitiuus
2445 2769 2766 2857 ducitur,
2835 2779 2908 2847 et
2986 2797 3140 2847 non
3208 2774 3471 2857 ducit,·
3545 2774 3678 2848 scd

2120 2886 2638 2963 intellectivus
2696 2889 2933 2985 ducit,
2995 2899 3067 2965 et
3126 2914 3280 2965 non
3343 2891 3675 2965 ducitur.

2662 3130 3023 3189 SCHOLIUM
3079 3136 3144 3191 V.

2193 3302 2269 3356 Ex
2295 3301 2472 3358 dictis
2508 3302 2843 3365 resolvitur.
2897 3303 3043 3360 nibil
3095 3304 3252 3362 aliud
3302 3324 3336 3362 a
3383 3307 3680 3364 voluntate

2121 3405 2250 3447 esse
2307 3408 2547 3448 causam
2609 3393 2841 3449 totalem
2903 3393 3213 3455 volitionis.
3282 3398 3460 3453 Addit
3520 3401 3675 3469 quod

2121 3478 2269 3550 alias
2298 3486 2638 3552 sequeretur
2669 3480 2814 3538 nibil
2847 3484 3248 3555 contingenter
3273 3486 3522 3541 evenire.

2221 3690 2409 3765 Dico
2463 3691 2697 3787 igitur
2735 3693 2828 3766 ad
2872 3696 3409 3791 quaestionem,
3465 3700 3669 3795 quod

2123 3807 2314 3881 nibil
2361 3818 2699 3882 creatum
2754 3811 2960 3883 aliud
3012 3836 3057 3886 a
3114 3815 3507 3890 voluntate
3563 3826 3677 3890 est

2121 3949 2355 4001 causa
2428 3927 2675 4001 totalis
2743 3938 2958 4002 actus
3023 3931 3331 4004 volendi
3391 3932 3465 4004 in
3539 3959 3677 4008 vo-

2119 4045 2443 4136 luntate,
2490 4044 2673 4140 quia
2722 4044 3012 4142 aliquid
3064 4048 3320 4120 evenit
3386 4051 3676 4124 coutin-

2119 4169 2392 4256 genter
2450 4159 2524 4231 in
2593 4160 2851 4253 rebuS,
2909 4162 3053 4234 hoc
3100 4173 3239 4257 est,
3297 4165 3675 4240 evitabili-

2121 4285 2236 4350 ter
2298 4276 2434 4374 (sic
2499 4276 2839 4373 loquitur
2896 4277 3343 4355 Aristoteles
3398 4283 3475 4354 in
3538 4284 3669 4358 lib.

2124 4392 2192 4464 1.
2241 4393 2766 4468 Perihermen.
2814 4417 2980 4490 cap.
3022 4395 3288 4471 ultimo
3335 4421 3349 4472 :
3394 4399 3675 4474 Neces-

2119 4510 2324 4583 sario
2363 4510 2848 4595 evene-edzoc
2899 4517 3010 4585 est
3045 4512 3668 4611 irzcvicabz‘li56773

2122 4624 2315 4698 illud
2369 4625 2603 4721 igitur
2651 4626 2855 4721 quod
2907 4628 3442 4724 contingenter
3491 4656 3673 4706 eve-

2125 4740 2263 4833 nit,
2338 4739 2436 4813 ita
2522 4741 2804 4833 evenit,
2886 4743 3090 4838 quod
3157 4755 3334 4818 tunc
3418 4759 3675 4844 posset

2125 4879 2277 4929 non
2323 4857 2632 4929 evenire
2676 4857 2752 4929 in
2796 4881 3025 4932 sensu
3072 4859 3344 4934 diviso.
3393 4863 3671 4950 Quoero

3707 1975 4002 2040 Appetitus

3709 2040 4004 2090 sensitivus

3765 2101 3996 2152 ducitur.

3706 2177 3815 2214 non
3845 2165 4010 2224 ducit,

3708 2227 3992 2277 intellecti-

3707 2304 3864 2340 vusse
3907 2302 4032 2340 con·
4092 2324 4095 2327 Δ
4198 2274 4229 2341 ,Δ
4280 2308 4281 2311 ’

3834 2357 3931 2404 tra.

3814 3724 3921 3792 20.

2125 4972 2383 5069 igitur,
2451 4996 2496 5046 a
2582 4996 2736 5070 qua
2817 4997 3051 5050 causa
3140 4978 3675 5076 contingenter

2124 5091 2442 5178 evenit3
2522 5093 2640 5166 vel
2722 5116 2767 5166 a
2852 5116 3085 5167 causa
3171 5095 3676 5176 determinata

2123 5216 2430 5304 potente
2513 5230 2593 5281 se
2677 5208 3211 5301 determinare,
3303 5216 3422 5289 vel
3514 5242 3668 5291 non

2122 5323 2498 5421 potente?
2543 5323 2623 5397 Si
2674 5349 2719 5397 a
2771 5347 2926 5398 non
2982 5335 3316 5422 potente,
3377 5344 3673 5427 oportet

2122 5439 2329 5537 quod
2390 5424 2551 5538 ⁸per
2635 5439 2842 5513 aliud
2930 5440 3482 5519 determinetur
3575 5450 3666 5522 ad

2123 5579 2426 5639 unum3
2500 5558 2620 5632 vel
2689 5556 2749 5630 si
2810 5567 3028 5631 exeat
3096 5559 3171 5631 in
3232 5572 3514 5656 actum,
3593 5577 3671 5640 ut
