4295 6326
578 3381 793 3469 Item,
853 3390 1103 3480 potest
1167 3404 1335 3456 esse
1414 3405 1792 3475 summus,
1865 3406 2020 3457 non

479 3499 682 3573 enim
791 3507 1091 3596 oportet
1173 3499 1644 3573 voluntatem
1740 3499 2020 3574 habere

479 3616 674 3689 duos
770 3624 988 3690 actus
1053 3618 1308 3702 simul,
1364 3639 1540 3690 cum
1604 3639 1805 3690 unus
1866 3639 2019 3690 non

481 3733 805 3808 intendit
882 3733 1147 3820 alium,
1221 3733 1418 3807 sicut
1502 3757 1644 3807 nec
1721 3757 2021 3808 summe

479 3875 733 3949 agere,
816 3851 1127 3948 quando
1188 3851 1345 3948 agit
1394 3851 1659 3945 libere,
1728 3852 1831 3927 ita
1879 3876 2021 3927 nec

482 3977 828 4067 respectu
876 3967 1221 4042 omnium
1268 3978 1568 4067 oportet
1599 3993 1854 4066 agere.

578 4087 793 4172 Item,
857 4085 1143 4181 gradus
1226 4086 1512 4159 amoris
1581 4086 1657 4160 in
1716 4111 2019 4162 summo

479 4227 630 4276 non
676 4200 1001 4276 includit
1063 4211 1317 4276 actum
1395 4202 1784 4297 desiderii,
1838 4205 2021 4302 quia

478 4320 692 4395 Deus
762 4343 1060 4394 summe
1120 4319 1370 4417 diligit
1438 4344 1519 4395 se
1578 4331 1651 4395 et
1706 4346 1873 4410 1188,
1911 4323 2021 4397 sic

480 4446 767 4530 tamen,
841 4434 1045 4532 quod
1116 4458 1267 4508 non
1341 4437 2014 4534 concupiscitnos.

481 4556 748 4630 Restat
775 4553 1010 4650 igitur
1049 4554 1312 4628 utalia
1362 4554 1820 4651 Theologica
1863 4556 2021 4629 vir-

453 4681 604 4771 ,tus
662 4670 979 4746 secundi
1036 4679 1251 4745 actus
1305 4670 1402 4745 sit
1468 4694 1644 4770 spes
1685 4696 1728 4747 a
1770 4672 1917 4748 fide
1948 4682 2020 4748 et

482 4785 851 4861 charitate
885 4783 1263 4858 distincta.

2054 401 2473 481 QUAESTIO
2524 405 2760 476 UNIC.

3559 396 3689 467 475

2141 604 2407 657 versas
2465 584 2886 658 secundum
2960 608 3067 658 se.
3150 585 3451 656 Bonum
3503 579 3685 653 utile

2140 699 2324 774 dicit
2399 712 2828 798 respectum
2903 702 2996 776 ad
3053 700 3223 788 ista,
3298 699 3466 772 ideo
3527 719 3683 770 non

2139 824 2256 889 est
2295 817 2542 914 primo
2584 818 3048 915 appetibile3
3112 817 3220 891 sic
3275 815 3510 911 igitur
3540 814 3686 888 ali-

2140 932 2320 1028 quid
2358 942 2661 1006 amatur
2701 934 2794 1007 ab
2828 934 2976 1008 alio
3027 933 3103 1006 in
3158 956 3266 1026 se,
3324 940 3397 1005 et
3451 929 3680 1004 etiam

2138 1062 2441 1124 amatur
2497 1051 2641 1125 sibi
2693 1052 3007 1144 amanti,
3059 1051 3347 1126 scilicet
3392 1071 3680 1123 concu-

2141 1167 2490 1265 piscenti,
2571 1178 2643 1241 et
2692 1168 2815 1242 isti
2894 1179 3108 1243 actus
3158 1176 3338 1241 sunt
3401 1170 3682 1240 secun-

2138 1285 2320 1358 dum
2364 1286 2546 1359 istas
2588 1286 2780 1360 duas
2821 1284 3294 1379 affectioneS,
3359 1292 3431 1358 et
3492 1283 3677 1357 istos

2136 1410 2352 1475 actus
2445 1401 3002 1475 concomitatur
3107 1402 3390 1498 duplex
3483 1398 3672 1472 ratio

2136 1517 2346 1611 boni,
2420 1541 2574 1614 qua
2633 1518 2872 1616 possit
2936 1518 3045 1592 sic
3121 1527 3195 1591 et
3235 1516 3342 1590 sic
3384 1514 3665 1613 appeti.

2135 1631 2483 1705 Charitas
2514 1631 2774 1726 igitur,
2821 1655 2995 1705 cum
3029 1631 3124 1704 sit
3154 1631 3397 1703 virtus
3431 1629 3672 1703 excel-

2132 1745 2583 1838 lentissima,
2642 1744 2938 1842 perficit
3015 1747 3484 1818 voluntatem
3545 1765 3671 1816 se-

3739 1702 3982 1753 Charitas

3732 1778 3839 1838 non
3863 1766 3992 1817 dicit.

3728 1841 3830 1877 nisi
3871 1842 3991 1878 amo

2129 1861 2468 1934 cundum
2546 1861 2982 1959 perfectius,
3068 1869 3142 1935 et
3241 1859 3665 1934 secundum
3699 1904 3811 1941 rem
3843 1856 4022 1942 amici:

2128 1985 2381 2050 actum
2415 1977 3083 2074 perfectissimum,
3131 1978 3273 2050 hoc
3307 1986 3419 2049 est
3450 2000 3667 2050 ama-

2128 2117 2235 2167 re.
2302 2094 2379 2167 Si
2461 2105 2717 2169 autem
2808 2096 3163 2169 voluntas
3237 2119 3389 2167 non
3467 2107 3668 2168 esset

2130 2210 2397 2304 libera,
2437 2210 2625 2284 nihil
2661 2222 2951 2285 amaret
2981 2211 3130 2285 nisi
3159 2210 3303 2285 sibi
3340 2234 3670 2285 commo-

2127 2328 2311 2401 dum
2358 2354 2374 2413 ;
2421 2328 2654 2424 igitur
2694 2329 3027 2403 charitas
3081 2352 3233 2403 non
3297 2338 3410 2403 est
3465 2328 3668 2426 prin-

2128 2445 2413 2544 cipium
2484 2431 2901 2520 elicitivum
2983 2446 3430 2539 formaliter,
3521 2446 3668 2520 nisi

2128 2569 2344 2634 actus
2385 2559 2767 2635 amicitiae.
2807 2560 2999 2659 Spes
3034 2560 3340 2658 respicit
3380 2561 3670 2635 bonum

2129 2677 2618 2750 commodum
2726 2677 3062 2774 speranti
3127 2705 3144 2770 3
3245 2701 3426 2773 ergo
3516 2702 3670 2752 non

2134 2817 2359 2891 spero
2391 2794 2640 2868 Deum
2683 2818 2849 2869 esse
2903 2795 3188 2868 bonum
3242 2796 3316 2868 in
3381 2819 3492 2890 se,
3537 2796 3671 2870 sed

2130 2933 2297 2985 esse
2331 2911 2621 2984 bonum
2660 2911 2876 3004 mihi,
2914 2921 2986 2985 et
3017 2912 3441 2985 secundum
3487 2912 3673 2987 istas

2128 3026 2323 3102 duas
2354 3026 2795 3102 affectiones
2836 3036 3016 3102 sunt
3056 3027 3207 3102 duo
3254 3040 3470 3103 actus
3516 3028 3663 3102 isti.

2130 3144 2280 3222 Sed
2314 3169 2484 3219 cum
2559 3145 2891 3220 charitas
2968 3144 3263 3244 perficit
3315 3148 3673 3221 volunta-

2127 3271 2279 3337 tem
2360 3263 2785 3338 secundum
2843 3264 3217 3338 rationem
3283 3264 3671 3339 nobilissi-

2130 3403 2363 3473 mam,
2483 3379 2781 3478 perficit
2892 3381 3315 3455 secundum
3414 3391 3670 3455 actum

2126 3496 2438 3571 amandi
2472 3496 2550 3569 in
2583 3519 2688 3571 se.
2738 3496 2930 3595 Spes
2981 3497 3408 3571 secundum
3465 3496 3672 3571 desi-

2126 3613 2423 3688 derium
2481 3624 2791 3712 propter
2847 3615 3365 3708 commodum,
3427 3624 3502 3689 et
3563 3614 3672 3690 sic

2126 3739 2241 3804 est
2289 3730 2440 3805 alia
2468 3729 2740 3824 virtuS,
2800 3731 2961 3805 sive
3003 3731 3201 3805 alius
3248 3743 3504 3823 actus;
3557 3741 3675 3807 ta-

2129 3871 2300 3922 men
2374 3848 2574 3922 idem
2654 3847 3039 3944 obJectum
3103 3858 3218 3923 est
3283 3850 3669 3947 objectum

2126 3964 2305 4039 fidei
2339 3975 2412 4039 et
2464 3964 2653 4062 spei,
2717 3966 3137 4060 charitatis,
3211 3965 3532 4042 visionis
3599 3977 3673 4043 et

2124 4081 2520 4176 tentioniS,
2578 4093 2720 4157 etc.
2804 4082 3166 4158 differens
3241 4086 3669 4160 secundum

2127 4198 2541 4273 relationes
2573 4199 2666 4274 ad
2709 4201 3089 4297 potentias
3125 4228 3142 4294 ;
3190 4202 3321 4276 sed
3355 4202 3434 4276 in
3467 4202 3666 4277 idem

2128 4318 2563 4392 absolutum
2608 4317 2752 4391 sub
2794 4317 3059 4391 eadem
3103 4318 3397 4393 ratione
3443 4320 3673 4394 abso-

2130 4434 2266 4508 luti
2351 4435 2675 4507 tendunt
2731 4458 3000 4510 omnes
3084 4435 3205 4509 isti
3264 4446 3507 4512 actus.
3580 4441 3672 4514 Et

3791 1955 3898 2004 tius.

2129 4550 2301 4626 ideo
2367 4550 2614 4648 prima
2671 4551 3055 4627 distinctio
3112 4577 3262 4626 non
3319 4563 3434 4629 est
3479 4557 3669 4631 ratio
3778 4636 3780 4639 ,

2130 4666 2434 4763 objecti,
2481 4690 2621 4741 nec
2654 4666 3055 4765 distinguit
3086 4693 3300 4766 spem
3330 4694 3374 4745 a
3430 4673 3672 4746 chari-

2130 4791 2310 4877 tate,
2370 4783 2553 4882 quia
2629 4784 2828 4859 idem
2900 4785 3278 4883 objectum
3355 4790 3665 4885 habent,

241 4959 318 5026 19
578 4903 794 4989 Item,
859 4899 934 4974 in
1031 4902 1422 4975 voluntate
1517 4910 1631 4976 est
1721 4900 2018 4976 affectio

189 5012 390 5125 nonam
472 5019 818 5118 justitiae,
857 5028 931 5093 et
959 5016 1256 5094 affectio
1290 5018 1696 5094 commodi.
1736 5019 2024 5094 Secun-

134 5138 447 5265 effiissssigffi
482 5137 664 5211 dum
725 5135 908 5209 istas
1002 5135 1193 5209 duas
1271 5133 1710 5209 affectiones
1796 5136 2025 5210 habet

135 5263 434 5329 appetibile·
482 5256 676 5329 duos
752 5261 991 5339 actuS‚
1075 5260 1147 5326 et
1214 5261 1396 5326 tunc
1473 5251 1625 5326 duo
1694 5252 2015 5351 objecta.

481 5372 823 5446 Primum
893 5379 1144 5444 autem
1228 5368 1517 5443 bonum
1610 5370 2020 5468 appetibile

477 5487 900 5563 formaliter
929 5494 1044 5560 est
1075 5486 1361 5559 bonum
1434 5484 1879 5559 delectabile
1948 5495 2024 5560 et

478 5610 916 5689 honestum,
956 5625 1132 5700 quae
1178 5601 1466 5676 habent
1517 5601 1852 5676 rationes
1901 5601 2023 5713 di-

2132 4901 2327 4975 sicut
2396 4910 2629 4999 patet,
2701 4901 2832 4977 sed
2884 4902 3491 5000 distinguuntur,
3594 4916 3675 4981 ut

2128 5040 2364 5113 supra
2404 5025 2634 5113 patet.
2682 5015 2874 5115 Spes
2907 5019 3108 5092 enim
3146 5030 3258 5095 est
3318 5034 3674 5122 expecta-

2132 5132 2267 5226 tio,
2312 5142 2712 5229 expectare
2755 5134 3173 5210 formaliter
3219 5146 3332 5211 est
3370 5139 3672 5215 deside-

2132 5274 2300 5325 rare
2370 5251 2932 5328 concomitante
2973 5263 3141 5327 actu
3206 5255 3665 5353 intellectuS,

2132 5390 2286 5464 quo
2349 5366 2685 5441 creditur
2752 5370 2894 5443 hoc
2969 5370 3333 5468 possibile
3397 5396 3673 5472 expec-

2131 5492 2319 5558 tare.

2229 5600 2470 5698 Igitur
2499 5603 2646 5677 hoc
2683 5602 2972 5678 bonum
3025 5614 3323 5680 tantum
3368 5631 3460 5683 ex
3506 5632 3674 5707 gra-
