4295 6326
579 421 708 520 ¹82

576 591 770 667 illud
800 599 1198 691 peccatum
1253 611 1411 662 non
1470 583 1894 683 corrumpit
1949 605 2131 681 gra—

578 710 796 785 tiam.

674 829 893 921 Item,
929 834 1242 926 peccata
1270 848 1428 899 non
1470 820 2130 918 distinguerentur

575 940 860 1041 specie,
896 940 1080 1038 quia
1110 938 1381 1037 gratia,
1436 936 1659 1033 cujus
1711 933 2130 1009 formaliter

573 1068 755 1133 sunt
829 1066 1142 1156 peccata
1226 1053 1721 1154 privationeS,
1794 1074 1949 1125 non
2014 1059 2129 1125 est

577 1172 728 1246 alia
765 1181 839 1246 et
880 1172 1031 1246 alia
1074 1169 1357 1268 specie.

676 1283 893 1377 Item,
947 1290 1402 1381 sequeretur
1476 1279 1683 1377 quod
1742 1287 1913 1377 post
1982 1275 2132 1374 pri-

578 1424 790 1475 mum
822 1410 1220 1498 peccatum
1272 1398 1586 1472 mortale
1644 1419 1801 1469 non
1871 1402 2129 1492 posset

578 1520 809 1592 homo
854 1516 1131 1591 iterum
1185 1538 1529 1613 peccare,
1591 1512 1776 1611 quia
1823 1512 2126 1586 nullum

576 1641 980 1732 peccatum
1099 1631 1480 1729 posterius
1600 1635 2130 1726 corrumperet

577 1748 898 1846 gratiam
935 1776 954 1841 3
990 1748 1161 1823 ideo
1204 1771 1385 1844 ergo
1428 1747 1676 1820 solum
1729 1754 1871 1839 est,
1921 1744 2125 1842 quod

575 1863 822 1961 gratia
878 1886 1033 1938 non
1095 1871 1242 1937 stat
1294 1885 1468 1936 cum
1531 1869 1867 1959 peccato,
1945 1859 2129 1957 quia

575 1979 786 2053 Deus
852 2001 1019 2053 eam
1098 2001 1253 2051 non
1340 1986 1745 2051 conservat
1816 1984 2126 2073 propter

575 2093 1030 2169 demeritum
1066 2094 1481 2190 peccantis.

359 2224 424 2289 9.
675 2210 958 2284 Contra
989 2210 1286 2285 tertiam
1326 2210 1532 2284 viam
1581 2233 1596 2285 ε
1643 2207 1982 2283 Privatio
2012 2220 2126 2284 est

579 2324 1222 2422 incompossibilis
1256 2324 1550 2399 habitui
1583 2353 1601 2418 ;
1638 2324 1771 2399 sed
1804 2347 1960 2397 non
2012 2335 2127 2399 est

247 2464 527 2514 peceatum
578 2440 859 2538 aliquis
890 2441 1175 2536 gradus
1206 2439 1510 2514 virtutis
1550 2439 1890 2532 moralis,
1935 2440 2121 2536 quin

226 2527 545 2653 eoffissfaiiffi-
578 2580 756 2631 cum
799 2579 888 2631 eo
930 2565 1076 2631 stet
1107 2566 1506 2655 peccatum
1551 2556 1898 2649 mortale,
1945 2555 2127 2654 quia

218 2652 545 2779 ¹{1fflngussff'
576 2673 640 2748 si
700 2674 924 2749 detur
987 2675 1192 2772 quod
1272 2673 1571 2772 justitia
1653 2672 1966 2748 moralis
2045 2673 2123 2746 in

256 2791 484 2892 Ἑξῗξῗξ
575 2813 782 2865 nono
838 2791 1079 2887 gradu
1149 2797 1296 2865 stet
1351 2813 1527 2864 cum
1583 2799 1922 2887 peccato,
1970 2812 2126 2863 non

574 2916 832 2981 autem
892 2906 972 2980 in
1021 2905 1348 3000 decim0,
1411 2914 1868 3004 sequeretur
1918 2905 2124 3002 quod

575 3044 713 3120 per
771 3046 1016 3097 unum
1104 3031 1358 3096 actum
1462 3031 1720 3118 posset
1818 3020 2126 3095 habitus

248 2339 362 2401 Imp
372 2352 532 2413 ugna-

229 2405 316 2452 tur
342 2415 484 2464 optn.
499 2405 546 2454 3.

575 3137 882 3213 virtutis
913 3135 1329 3235 corrumpi,
1380 3143 1453 3211 et
1503 3136 1854 3211 similiter
1903 3160 2129 3233 gene-

583 3256 767 3350 rari,
814 3266 894 3348 et*
912 3255 1113 3329 idem
1149 3255 1241 3329 de
1285 3253 1549 3329 habitu
1575 3254 1874 3328 vitioso,

278 3388 507 3438 virtutes
677 3373 892 3464 ltem,
952 3369 1140 3443 vitia
1179 3369 1501 3445 moralia
1560 3379 1883 3467 possunt
1926 3376 2125 3444 stare

236 3451 529 3565 sfflssi'ffi,
578 3514 754 3565 cum
815 3489 1088 3587 gratia,
1170 3488 1353 3586 quia
1429 3487 1710 3586 aliquis
1796 3489 2122 3562 multum

221 3580 1017 3712 ‘iiiffif’dnss‘habituatus
1070 3605 1146 3679 in
1242 3603 1444 3679 vitiis
1541 3613 1788 3701 potest
1869 3604 2123 3679 subito

290 3706 476 3764 ΨΜ·
572 3725 973 3825 poenitere,
1064 3734 1138 3800 et
1212 3723 1552 3822 recipere
1629 3721 1980 3820 gratiam,
2052 3732 2125 3797 et

568 3854 825 3920 tamen
891 3846 1353 3918 certum'est
1405 3842 1610 3939 quod
1664 3865 1817 3915 non
1867 3841 2120 3916 statim

569 3967 1172 4056 corrumpuntur
1202 3957 1510 4032 habitus
1541 3957 1825 4051 vitiosi,
1862 3956 2014 4030 imo
2057 3957 2121 4031 si

567 4076 1088 4167 remittuntur,
1162 4076 1307 4149 hoc
1386 4083 1500 4149 est
1562 4074 1783 4149 valde
1870 4074 2122 4147 modi-

566 4217 743 4269 cum
795 4219 815 4286 3
870 4201 1591 4288 quantumcumque
1643 4190 1849 4265 enim
1884 4192 2122 4289 poeni·

566 4322 748 4405 teat,
838 4311 1089 4385 adhuc
1163 4310 1393 4385 habet
1463 4310 2117 4384 vehementiorem

567 4427 1146 4504 inclinationem
1190 4427 1284 4500 ad
1318 4436 1535 4501 actus
1591 4428 1857 4519 maIOS,
1924 4450 2120 4524 quos

567 4546 783 4644 prius
815 4543 1179 4619 exercuit.
1241 4542 1610 4617 Similiter
1647 4542 1943 4617 habens
1978 4544 2121 4616 ha-

570 4664 775 4738 bitus
852 4660 1156 4735 virtutis
1235 4661 1621 4758 perfectae,
1719 4659 1781 4733 si
1878 4661 2118 4734 semel

571 4787 862 4876 peccat,
939 4800 1091 4850 non
1175 4775 1426 4849 statim
1518 4784 2121 4874 corrumpuntur

568 4894 893 4968 virtutes
948 4893 1101 4966 itlae
1156 4892 1451 4990 priores
1518 4893 1873 4986 morales.
1938 4892 2122 4989 quia

569 5023 753 5086 tunc
806 5035 957 5085 non
1018 5010 1314 5084 facilius
1362 5018 1797 5106 resurgeret
1845 5034 1888 5084 a
1939 5033 2120 5107 pec-

570 5140 737 5205 cato
796 5129 993 5203 bene
1067 5138 1431 5218 moratus,
1492 5151 1633 5203 nec
1696 5128 2114 5221 virtuosuS,

568 5272 740 5322 cum
793 5248 1027 5321 semel
1083 5245 1414 5338 caderet,
1469 5269 1699 5343 quam
1763 5244 2114 5338 vitiosuS,

570 5388 711 5439 nec
754 5363 1122 5460 majorem
1173 5361 1753 5438 inclinationem
1803 5360 2121 5437 haberet

570 5483 663 5558 ad
705 5483 901 5557 bene
943 5479 1447 5578 operandum.

2002 409 2247 478 LIBRI
2290 409 2379 479 11.

2767 787 3127 845 SCHOLIUM
3160 787 3252 843 IV.

2306 942 2405 998 Ait
2435 943 2735 1014 peccatum
2770 937 2993 994 actuale
3015 936 3334 994 consistere
3373 934 3430 991 in
3464 934 3779 1007 privatione

2236 1031 2608 1088 rectitudinis
2666 1027 2956 1097 actualis,'
2990 1043 3162 1099 quam
3224 1026 3456 1082 deberet
3518 1023 3783 1081 voluntas

2233 1124 2448 1181 habere
2471 1123 2635 1194 juxta
2682 1124 2903 1176 rectam
2954 1119 3263 1174 rationem.
3324 1115 3581 1188 Explicat
3636 1115 3786 1170 duas

2234 1210 2607 1268 definitiones
2655 1208 2875 1280 peccati
2922 1214 2994 1263 ab
3035 1205 3365 1274 Augustino
3421 1205 3587 1260 datas
3612 1203 3784 1274 juxta

2233 1301 2384 1358 hanc
2413 1300 2794 1367 sententiam;
2824 1298 2983 1364 item,
3029 1295 3314 1366 duplicem
3366 1292 3724 1350 aversionem
3757 1308 3791 1347 a

2235 1390 2373 1460 Dec,
2437 1388 2736 1445 formalem
2799 1394 2852 1442 et
2908 1385 3218 1441 virtualem
3266 1403 3280 1453 ;
3331 1383 3454 1438 haec
3511 1382 3572 1437 in
3626 1381 3786 1437 omni

2236 1479 2468 1536 mortali
2503 1476 2850 1543 includitur,
2901 1480 3106 1547 estque
3158 1471 3541 1547 principalius
3585 1471 3646 1528 in
3695 1488 3782 1540 e0,

2234 1586 2412 1642 quam
2436 1566 2737 1626 conversio
2779 1567 2848 1623 ad
2898 1571 3249 1622 creaturam.

2332 1745 2521 1819 Dico
2556 1744 2816 1841 igitur,
2855 1743 3078 1840 cujus
3111 1741 3290 1816 boni
3344 1749 3458 1815 est
3505 1763 3786 1837 pecca·
3932 1750 4039 1817 10.

2232 1872 2394 1936 tum
2429 1862 2842 1960 corruptio.
2882 1858 3332 1933 Formaliter
3384 1856 3463 1931 in
3514 1858 3786 1929 volun·
3841 1867 4126 1918 Peccatum

3724 1972 3736 1985 ,
3813 1930 4020 1979 actuale
4050 1935 4148 1981 est.

2231 1988 2382 2054 tate
2416 1989 2594 2053 nata
2635 1988 2750 2053 est
2802 1999 2968 2052 esse
3029 1999 3183 2049 non
3243 1976 3493 2049 solum
3559 1983 3787 2049 rect1-
3815 1992 4121 2118 ‘gssssffssiiss

2232 2094 2416 2169 tudo
2503 2092 2945 2185 habitualis,
3038 2091 3171 2166 sed
3250 2089 3600 2182 actualis,
3683 2089 3787 2163 ita
3839 2117 4118 2189 rectitudi-

2234 2211 2439 2310 quod
2481 2210 2881 2285 actualiter
2926 2209 3448 2283 conformatur
3497 2208 3786 2304 regulae
3819 2185 4126 2295 ”iffiiss‘t'f‘

2232 2353 2426 2422 suae,
2485 2328 2600 2402 ita
2662 2326 2888 2425 quod‘
2927 2335 3143 2400 actus
3189 2348 3378 2400 suus
3437 2324 3788 2399 eliciatur
3877 2306 4071 2358 inem·

2233 2454 2543 2543 propter
2591 2444 2820 2518 talem
2885 2441 3149 2535 finem,
3208 2464 3437 2538 quem
3490 2440 3786 2538 judicat

2233 2564 2439 2636 recta
2495 2560 2684 2635 ratio
2741 2569 3118 2657 quantum
3175 2557 3266 2632 ad
3320 2580 3589 2632 omnes
3648 2557 3787 2630 cir-

2232 2679 2759 2770 cumstantias,
2797 2700 2990 2774 quas
3041 2685 3247 2751 recta
3277 2675 3469 2750 ratio
3519 2674 3778 2768 dictat,

2231 2804 2304 2869 et
2335 2794 2639 2868 bonitas
2671 2793 2746 2865 in
2782 2792 2947 2866 istis
3011 2789 3609 2867 circumstantiis
3670 2799 3787 2864 est

2229 2910 2593 3010 perfectio
2655 2909 3028 3003 secunda,
3105 2918 3180 2983 et
3236 2931 3392 2982 non
3491 2908 3785 2981 confor-

2232 3027 2423 3101 mari
2500 3034 2728 3101 rectae
2809 3025 3086 3100 rationi
3162 3033 3278 3100 est
3351 3033 3780 3122 peccatum,

2232 3143 2436 3241 quod
2478 3150 2594 3218 est
2633 3140 3054 3217 formaliter
3117 3140 3507 3239 corruptio
3572 3140 3784 3232 boni,

2231 3258 2524 3333 scilicet
2591 3256 3076 3334 rectitudinis
3143 3256 3490 3331 actualis.
3558 3256 3788 3331 Istam

2230 3374 2773 3450 rectitudinem
2817 3382 3122 3448 tenetur
3182 3374 3543 3447 voluntas
3606 3372 3787 3448 dare

2230 3492 2436 3566 actui
2480 3516 2653 3587 suo,
2716 3501 2787 3567 et
2830 3491 2998 3589 ipsa
3041 3499 3153 3565 est
3209 3513 3444 3564 causa
3500 3489 3793 3564 contin-

2230 3633 2421 3705 gens
2458 3617 2807 3706 respectu
2845 3606 3079 3705 hujus
3144 3606 3651 3697 rectitudinis,
3716 3616 3791 3682 et

2228 3734 2583 3823 respectu
2620 3750 2776 3798 non
2814 3722 3321 3817 rectitudinis,
3358 3722 3539 3821 quia
3572 3723 3789 3799 abso-

2228 3851 2385 3923 lute
2434 3855 2549 3919 est
2615 3868 2851 3919 causa
2914 3842 3373 3939 contingens
3433 3851 3782 3939 respectu

2228 3970 2507 4054 actus3
2581 3959 2814 4058 igitur
2882 3958 2956 4032 in
3037 3967 3407 4057 potestate
3477 3982 3618 4031 sua
3671 3966 3787 4033 est

2226 4100 2546 4152 causare
2610 4075 3101 4150 conformiter
3160 4076 3254 4148 ad
3310 4085 3594 4149 rectam
3658 4099 3782 4149 ra-

2226 4192 2544 4285 tionem,
2582 4194 2700 4267 vel
2745 4190 3222 4284 difformiter,
3285 4199 3359 4266 et
3408 4190 3470 4264 si
3515 4200 3783 4265 causat

2225 4319 2479 4384 actum
2550 4306 3026 4400 difformiter,
3105 4305 3356 4405 privat
3414 4330 3494 4381 se
3573 4307 3778 4381 bono

2225 4425 2379 4509 ino,
2422 4425 2626 4523 quod
2672 4424 2809 4499 fuit
2839 4433 3106 4497 natum
3139 4423 3418 4509 inesse,
3477 4431 3558 4496 ut
3610 4445 3781 4496 rec-

2224 4541 2575 4615 titudinis
2607 4539 2951 4625 actualiS,
2985 4562 3161 4637 quae
3195 4539 3458 4614 debuit
3492 4537 3772 4613 inesse.

2224 4660 2373 4733 Est
2409 4660 2650 4755 iyitzcr
2673 4663 3073 4754 peccatum
3106 4656 3405 4731 actuale
3435 4657 3776 4755 privatio
3848 4652 4102 4706 Definitio

2226 4775 2708 4849 rectitudinis
2783 4772 3134 4867 actualia,
3222 4773 3346 4848 vel
3437 4773 3779 4849 carentia
3826 4717 4112 4900 ἐξὲξὲξὸ

2205 4893 2544 4993 justitiae
2614 4891 2938 4965 actualis
3004 4896 3207 4964 παίω
3277 4891 3518 4965 inesse
3604 4917 3774 4968 cnm
3807 4904 4113 5016 ⁸}9tiudtel-

2226 5008 2476 5083 debito
2522 5007 2860 5083 habendi
2904 5032 3098 5082 eam.
3156 5010 3246 5082 Et
3321 5009 3429 5083 sic
3505 4980 4139 5092 intelli-viffifflssc-

2226 5135 2518 5222 guntur
2558 5124 3050 5199 auctoritates
3083 5126 3524 5222 Augustini,
3570 5128 3776 5225 quod
3841 5093 4109 5205 ἶῗῖἷοῗιῖξῖ

2214 5249 2620 5340 peccatam
2665 5247 2776 5315 est
2799 5240 3114 5334 dictum,
3141 5240 3268 5315 vel
3301 5241 3621 5339 factam,
3658 5243 3783 5318 vel

2226 5357 2717 5455 concupitum
2785 5365 3052 5439 contra
3109 5356 3351 5456 leqem
3405 5358 3586 5449 Dei,
3678 5361 3780 5435 ita

2226 5476 2434 5574 quod
2493 5475 2782 5549 dictum
2874 5476 2993 5550 vel
3076 5475 3368 5574 sactum
3468 5476 3781 5575 ponitur

2225 5595 2395 5667 loco
2484 5591 2819 5689 generis,
2908 5595 3031 5668 vel
3150 5593 3504 5691 subjecti,
3585 5594 3783 5671 sicut
