4295 6326
721 401 804 465 34
2145 385 2377 455 LIBRI
2430 384 2514 451 ll.

723 569 906 663 vidi,
943 580 1017 643 et
1048 570 1155 645 sic
1189 576 1567 667 repugnat
1607 566 2207 664 sibioppositum
2243 591 2259 652 3

725 686 789 758 si
835 710 1019 773 non,
1069 710 1220 760 666
1269 696 1673 783 repugnat.

372 810 694 924 'affiguoroffi
823 805 1039 892 Item,
1102 803 1507 899 negatione
1542 826 1697 876 non
1776 801 2268 930 constituitur

368 950 529 1049 1⁶⁸?ss
536 950 697 1049 5⁰2,-
724 919 1014 1017 aliquid
1058 921 1472 995 summaliter
1521 921 1596 994 in
1633 942 1789 994 esse
1836 919 2263 1017 perfectlori

395 1014 663 1124 ‘'iaagatiss-
725 1062 950 1139 quam
1007 1062 1192 1133 esse,
1247 1041 1451 1139 quod
1493 1039 1886 1139 praecessit
1932 1065 1949 1131 3
2030 1036 2266 1134 igitur

468 1138 610 1174 nem.
724 1157 1153 1232 substantia
1208 1156 1455 1255 prima
1513 1157 1574 1231 si
1642 1155 2132 1232 constituitur
2184 1152 2261 1225 in

722 1296 879 1347 esse
919 1273 1336 1348 formaliter
1377 1274 1814 1371 negatione,
1872 1296 2024 1346 non
2090 1293 2265 1345 666-

717 1390 1061 1465 stituitur
1101 1392 1179 1463 in
1223 1414 1384 1465 6636
1416 1391 1851 1488 perfectiori
1895 1389 2263 1463 substan-

719 1507 841 1580 tife
881 1507 1272 1594 secundae,
1320 1508 1527 1605 quod
1572 1516 1684 1582 est
1754 1516 2021 1580 contra
2062 1505 2263 1579 Aris-

714 1623 1022 1695 totelem
1059 1622 1133 1694 in
1170 1621 1828 1697 praedicamentis,

812 1740 1025 1833 Item,
1074 1739 1165 1813 de
1211 1764 1348 1837 per
1400 1764 1481 1813 sc
1524 1739 1900 1836 singulari
1961 1762 2097 1837 per
2174 1762 2255 1813 se

712 1854 1178 1950 praedicatur
1255 1879 1484 1929 suum
1554 1877 1964 1929 commune
2010 1881 2027 1946 3
2119 1854 2253 1927 sed

713 1969 900 2042 nihil
933 1969 1342 2066 positivum
1378 1971 1840 2067 preadicatur
1879 1993 2014 2067 per
2044 1993 2124 2042 se
2158 1970 2250 2043 de

709 2084 1130 2182 composito
1163 2110 1255 2158 ex
1279 2096 1555 2160 natura
1588 2110 1762 2160 cum
1805 2085 2245 2180 negatione,

710 2197 891 2294 quia
933 2198 1121 2271 illud
1157 2222 1308 2272 non
1356 2200 1585 2274 habet
1637 2222 1875 2273 unum
1919 2221 2251 2296 concep-

713 2324 868 2387 tum
908 2339 923 2401 3
996 2315 1231 2413 igitur
1297 2318 1599 2391 nullum
1669 2316 2080 2414 positivum
2156 2317 2247 2390 de

708 2430 854 2506 isto
887 2456 1025 2528 per
1052 2456 1131 2506 se
1178 2434 1661 2530 prfedicatur.

1282 2739 1667 2798 SCHOLIUM.

780 2917 924 2973 Vera
955 2917 1270 2981 sententia,
1298 2917 1690 2972 substantiam
1726 2916 2086 2973 materialem
2125 2917 2248 2972 lieri

706 3008 857 3064 hanc
905 3024 1005 3079 per
1048 3008 1265 3079 aliquid
1302 3008 1634 3077 positivum,
1685 3010 1821 3078 quia
1888 3007 2249 3078 imperfectio

705 3099 1002 3153 divisionis
1036 3100 1093 3152 in
1143 3098 1308 3170 plura
1362 3114 1474 3153 non
1539 3105 1824 3169 repugnat
1878 3098 1989 3153 nisi
2027 3099 2250 3155 ratione

709 3186 1096 3258 perfectioniS,
1130 3198 1176 3241 οι
1215 3203 1312 3258 per
1346 3186 1396 3240 id
1434 3202 1545 3257 quo
1580 3190 1868 3258 repugnat
1900 3186 2107 3254 dividi,
2165 3200 2250 3244 est

706 3292 762 3328 ιη
799 3293 859 3329 se
892 3291 1098 3331 unum.

494 3492 559 3558 4,
809 3470 994 3544 Dico
1038 3470 1272 3567 igitur
1315 3471 1407 3544 ad
1468 3472 1999 3567 quaestionem,
2043 3473 2248 3569 quod

713 3610 847 3684 pcr
878 3587 1167 3683 aliquid
1208 3586 1621 3683 positivum
1666 3599 1778 3661 est
1820 3588 2251 3664 substantia

376 3750 475 3809 ¹2¹¹·-
511 3735 659 3785 Nuna
715 3704 1124 3778 materialis
1153 3704 1343 3797 haec,
1389 3704 1572 3802 quia
1615 3707 1828 3778 nulla
1859 3706 2251 3803 imperfec-

356 3797 674 3930 0ssffi⁹⁰„‘{ss{,-
709 3821 809 3895 tio
846 3833 1221 3920 repugnat
1249 3822 1505 3914 alicui,
1553 3821 1699 3896 nisi
1737 3832 2047 3921 propter
2086 3847 2251 3920 per-

380 3924 644 4034 ἧῇῗξοζζζξί
708 3941 1109 4014 sectionem
1148 3940 1293 4013 sibi
1332 3940 1842 4015 inhaerentem
1895 3969 1912 4034 3
1959 3943 2091 4016 sed
2134 3942 2243 4015 di-

375 4046 651 4160 Ρθζξξῦἳῑῑῡ·
705 4058 955 4132 vidiin
984 4068 1239 4155 partes
1298 4058 1763 4155 subjectivas
1797 4071 1910 4135 est
1969 4061 2245 4159 imper-

701 4173 1047 4248 fectionis
1084 4200 1101 4266 3
1154 4173 1387 4269 igitur
1424 4196 1573 4246 non
1618 4186 2000 4272 repugnat
2053 4176 2240 4251 sub-

696 4301 860 4365 stan
875 4292 997 4366 tiae
1025 4290 1424 4383 materiali,
1449 4292 1596 4365 nisi
1622 4302 1933 4390 propter
1958 4294 2242 4390 perfec-

423 3610 626 3660 Decisio

392 3674 636 3743 quaestio·

2381 567 2564 653 gnat
2594 557 2829 630 dividi
2883 557 2958 629 in
3002 556 3297 654 species
3367 555 3656 628 ratione
3700 552 3920 627 (11116-
4261 586 4262 645 l

2381 675 2648 749 rentiae
2680 673 3087 770 specificae,
3121 682 3195 747 et
3245 695 3379 770 per
3411 656 3922 745 differentiam

2380 791 2815 889 specificam
2851 792 3080 865 habet
3129 791 3424 888 specics
3482 813 3703 863 suam
3742 788 3918 862 uni-

2380 918 2608 983 tatem
2651 909 3084 1007 positivam,
3119 917 3204 980 ‘et
3244 906 3448 1003 quod
3511 930 3661 980 non
3716 906 3915 979 divi-

2377 1025 2582 1099 ditur
2649 1026 2724 1098 in
2807 1027 3063 1123 plures
3134 1025 3453 1122 specics.
3543 1024 3622 1096 Si
3682 1024 3916 1120 igitur

2381 1143 2691 1217 unitatis
2723 1142 2949 1217 realis
2994 1140 3337 1234 minoriS,
3371 1162 3602 1237 quam
3645 1141 3739 1214 sit
3778 1164 3913 1212 nu-

2374 1259 2711 1353 meralis,
2785 1268 2898 1334 est
2973 1259 3234 1356 aliqua
3291 1257 3483 1331 ratio
3552 1257 3907 1355 positiva,

2370 1400 2506 1473 per
2546 1400 2777 1473 quam
2821 1376 3050 1450 habet
3095 1399 3315 1449 suam
3375 1374 3772 1467 unitatem,
3840 1382 3912 1448 et

2371 1515 2505 1588 per
2563 1492 2911 1566 eamdem
2969 1501 3348 1588 repugnat
3428 1490 3570 1564 sibi
3633 1490 3905 1563 divisio

2368 1610 2718 1706 opposita
2745 1609 2852 1683 illi
2911 1609 3209 1702 unitati,
3246 1608 3479 1705 igitur
3505 1609 3583 1681 in
3624 1608 3908 1682 unitate

2366 1727 2553 1800 reali
2626 1727 2917 1815 ultima,
3009 1751 3186 1823 quae
3256 1736 3370 1800 cst
3429 1727 3700 1821 major,
3775 1748 3909 1822 per

2364 1843 2564 1916 idem
2609 1844 2921 1918 habebit
2981 1844 3370 1941 propriam
3421 1843 3788 1917 unitatem
3832 1852 3905 1916 et

2361 1970 2749 2034 naturam.

2456 2074 2568 2148 Ad
2597 2075 2922 2172 primam
2959 2075 3330 2149 rationem
3370 2074 3895 2172 principalem,
4044 2094 4113 2159 5,

2359 2193 2529 2265 dico
2563 2193 2764 2290 quod
2797 2193 3116 2266 dubium
3149 2204 3288 2285 est,
3335 2193 3398 2267 si
3430 2216 3671 2266 >imum
3717 2191 3898 2265 dicit
3929 2208 4002 2257 Ad
4034 2223 4253 2273 argum.

3964 2271 4249 2336 rincipale.

2358 2309 2877 2403 negationem,
2938 2319 3195 2385 tamen
3255 2318 3415 2384 esto
3476 2308 3678 2407 quod
3754 2308 3889 2399 sic,
3923 2285 4254 2449 ἓὲἰιῖῑηωριη

4048 2412 4112 2446 88
4156 2414 4202 2449 81

2332 2427 2766 2523 cujuslibet
2825 2428 3281 2524 negationis,
3341 2450 3516 2523 quae
3567 2435 3677 2500 est
3738 2435 3896 2498 tan—
3968 2466 4214 2524 „egam

2359 2552 2516 2616 tum
2553 2542 2642 2618 de
2709 2543 2930 2638 factO,
3015 2569 3167 2618 non
3229 2553 3527 2643 oportet
3605 2566 3892 2642 ponere

2357 2683 2671 2735 causam
2733 2661 2879 2734 nisi
2923 2661 3360 2758 negativam
3396 2689 3413 2755 3
3467 2671 3715 2734 tamen
3760 2678 3899 2734 ne-

2357 2777 2718 2871 gationis,
2755 2801 2930 2875 quae
3001 2788 3231 2875 negat
3288 2778 3895 2876 possibilitatem,

2360 2896 2477 2968 vel
2521 2895 3058 2991 aptitudinem,
3106 2907 3403 2993 oportet
3433 2920 3719 2994 ponere
3762 2922 3899 2994 po-

2358 3008 2656 3084 sitivam
2703 3035 3041 3100 causam,
3089 3012 3273 3109 quia
3310 3012 3618 3110 quando
3661 3036 3900 3112 oppo-

2357 3125 2590 3199 situm
2689 3127 3120 3223 negationis
3225 3138 3607 3227 repugnat
3667 3127 3898 3203 alicui

2357 3241 2542 3335 enti,
2588 3253 2885 3340 oportet
2925 3268 3211 3341 ponere
3271 3269 3582 3320 causam
3645 3245 3902 3342 positi-

2359 3379 2537 3430 vam
2610 3381 2848 3455 quare
2904 3359 3050 3435 sibi
3094 3373 3497 3457 repugnat.
3565 3361 3645 3434 Si
3693 3362 3898 3436 enirn

2358 3474 2806 3571 superficies
2867 3500 3020 3550 non
3064 3488 3265 3552 esset
3322 3480 3684 3572 colorata,
3742 3504 3895 3552 non

2357 3599 2653 3686 oportet
2721 3615 3006 3688 ponere
3066 3616 3377 3668 causam
3456 3594 3891 3691 positivam,

2356 3705 2486 3777 sed
2529 3714 2824 3780 tantum
2864 3709 3044 3805 quia
3087 3733 3325 3806 agens
3368 3733 3522 3783 non
3568 3710 3887 3803 inducit,

2356 3823 2538 3917 quia
2571 3824 2714 3897 sibi
2758 3850 2911 3899 non
2956 3838 3336 3923 repugnat
3379 3827 3716 3924 recipere
3761 3852 3896 3900 co-

2354 3941 2649 4034 lorem3
2728 3942 2790 4016 si
2868 3952 3124 4017 tamen
3195 3943 3339 4018 sibi
3395 3954 3888 4041 repugnaret,

2351 4065 2735 4151 oporteret
2766 4081 3053 4155 ponere
3087 4082 3396 4133 causam
3432 4058 3841 4157 positivam
3871 4087 3889 4153 3

2351 4195 2556 4244 nunc
2597 4183 2853 4248 autem
2911 4198 3153 4249 unum
3221 4198 3544 4249 numero
3605 4175 3682 4249 in
3749 4177 3892 4250 hoc

2348 4287 2774 4382 individue,
2821 4314 2975 4364 non
3013 4293 3261 4366 solum
3298 4291 3480 4366 dicit
3542 4292 3887 4388 negatio-

696 4409 977 4482 tionem
1013 4408 1155 4481 sibi
1188 4407 1722 4483 inhaerentem.
1773 4409 2030 4483 Minor
2098 4434 2237 4508 pa-
2343 4426 2549 4498 nem,
2597 4406 2777 4503 quia
2817 4430 3056 4502 agens
3089 4431 3242 4481 non
3298 4410 3479 4504 agit,
3517 4409 3650 4483 sed
3701 4408 3887 4482 dicit

694 4531 822 4610 tet,
871 4522 1053 4620 quia
1086 4522 1246 4596 Deo
1301 4534 1685 4620 repugnat
1716 4548 2230 4622 quaecumque
2341 4521 2829 4616 negationem
2902 4523 3463 4621 possibilitatis,
3496 4525 3679 4622 quia
3734 4524 3881 4599 sibi

692 4639 994 4733 divisiO,
1058 4638 1218 4713 sive
1287 4638 1366 4712 in
1430 4650 1683 4738 partes
1732 4643 2225 4740 subjectivaS,

2342 4647 2719 4734 repugnat
2740 4639 2973 4712 dividi
2994 4640 3070 4713 in
3105 4642 3328 4738 plura
3352 4641 3755 4716 individua
3786 4666 3883 4716 ex

690 4755 851 4830 sive
887 4755 1123 4849 alias3
1188 4756 1335 4831 hoc
1379 4781 1533 4831 non
1577 4769 1806 4852 esset,
1866 4759 2013 4834 nisi
2083 4759 2228 4833 im·
2337 4760 2546 4845 parte
2587 4751 2708 4825 sui
2742 4752 3151 4828 intrinsece
3186 4782 3203 4847 3
3242 4755 3497 4851 igitur,
3528 4765 3673 4830 etc.

687 4877 1235 4977 perfectionem
1276 4888 1641 4976 portaret.

781 4996 999 5089 Item,
1044 5018 1180 5094 per
1222 4997 1571 5070 eamdem
1633 4998 2040 5094 rationem,
2087 5023 2225 5098 per

681 5131 913 5207 quam
947 5117 1325 5209 repugnat
1392 5109 1621 5183 alicui
1681 5111 1911 5185 dividi
1960 5112 2039 5187 in
2082 5113 2225 5187 ali-

678 5244 857 5320 qua,
931 5245 1066 5320 per
1123 5220 1471 5296 eamdem
1549 5224 1924 5298 rationem
1988 5224 2222 5300 habet

678 5337 1049 5412 unitatem
1082 5359 1301 5411 suam
1334 5335 1737 5433 positivam
1783 5363 2221 5438 repugnan-

674 5463 827 5528 tem
863 5454 971 5528 illi
1014 5452 1405 5545 divisioni,
1439 5453 1637 5528 sicut
1687 5466 1893 5553 patet
1925 5457 2016 5531 de
2069 5457 2219 5531 dif-

669 5570 992 5648 ferentia
1022 5566 1407 5670 specifica,
1445 5569 1629 5669 quia
1659 5570 1939 5670 speciei
1973 5596 2209 5671 repu-
