4295 6326
1404 473 1635 545 DIST.
1684 471 2075 543 XXXVIII.
2125 471 2545 552 QUAESTIO
2594 474 2832 543 UNIC.
3558 477 3683 546 201

2133 648 2561 723 secundum
2607 672 2736 741 se3
2785 673 2925 725 nec
2982 648 3208 724 video
3244 649 3445 723 unde
3507 648 3689 724 des-

2133 773 2494 839 truantur
2535 766 2649 840 illi
2717 776 2935 842 actus
2991 765 3328 840 distincti
3397 789 3682 840 secun-

2132 881 2316 955 dum
2350 905 2461 977 se,
2499 907 2674 957 cum
2714 892 2930 958 actus
2970 882 3374 957 collativus
3406 905 3683 981 super-

2132 999 2368 1072 venit.
2417 999 2633 1074 Sicut
2672 1000 2878 1076 enim
2914 1000 3125 1074 visus
3166 998 3397 1073 simul
3450 999 3683 1074 habet

482 647 793 723 tendere
824 674 980 725 non
1012 650 1292 726 dicitur
1330 648 1636 750 proprie
1672 646 1820 721 nisi
1861 669 2030 721 res-

484 774 709 863 pectu
779 790 934 842 non
1007 768 1274 863 habiti,
1334 777 1407 843 et
1460 769 1606 841 hoc
1660 788 1798 862 per
1867 787 2030 838 me-

485 882 694 958 dium
739 883 1177 982 intendens,
1215 895 1290 961 et
1330 883 1775 960 terminum.

129 999 438 1114 {32⁸3}ss
582 1002 729 1076 Sed
767 1011 979 1078 estne
1016 1004 1217 1079 idem
1249 1010 1463 1078 actus
1497 1008 1847 1098 respectu
1903 1001 2027 1074 ul·-

130 1124 426 1241 pffiffssvssgj
486 1115 649 1190 timi
683 1116 862 1194 finis
903 1118 1373 1213 immediate,
1436 1129 1511 1193 et
1567 1116 1698 1215 qui
1759 1126 1874 1190 est
1930 1116 2024 1190 ad

188 1256 418 1316 μείνω.
485 1233 840 1309 ultimum
931 1260 1069 1334 per
1144 1234 1470 1310 media?
1543 1233 1731 1307 Dico
1818 1233 2022 1330 quod

479 1348 838 1426 ultimum
871 1351 1383 1451 potestaccipi
1424 1348 1858 1448 dupliciter,
1899 1349 2023 1423 vel

478 1468 931 1567 simpliciter
981 1471 1368 1559 ultimum,
1443 1468 1647 1567 quod
1703 1467 2021 1542 omnino

477 1608 634 1658 non
677 1595 791 1660 est
828 1586 922 1660 ad
963 1586 1173 1661 aliud
1213 1584 1670 1677 ordinabile,
1735 1583 1853 1657 vel
1899 1584 2024 1657 ul-

481 1697 748 1774 timum
818 1700 1201 1797 negative,
1247 1709 1318 1775 et
1378 1723 1514 1797 pro
1583 1706 1792 1790 tunc,
1838 1696 2022 1793 quia

474 1837 631 1887 non
710 1815 1112 1890 actualiter
1173 1814 1574 1889 ordinatur
1640 1823 1823 1887 tunc
1923 1813 2016 1886 ad

473 1931 885 2027 posterius,
940 1931 1141 2025 licet,
1177 1929 1668 2005 habitualiter
1708 1928 2019 2003 ordine-

473 2057 623 2122 tur.
672 2049 932 2124 Primo
978 2050 1231 2143 modo,
1269 2073 1424 2123 non
1469 2056 1768 2146 oportet
1810 2048 2016 2144 quod

474 2164 727 2239 omnis
812 2164 1137 2240 intentio
1193 2166 1291 2240 sit
1349 2172 1696 2262 respectu
1770 2163 2019 2236 ultimi

473 2282 924 2378 immediati,
960 2307 1100 2358 nec
1143 2307 1279 2382 per
1300 2305 1784 2379 consequens
1808 2280 2014 2379 quod

475 2397 677 2473 idem
712 2399 810 2473 sit
866 2409 1081 2475 actus
1126 2409 1478 2497 respectu
1551 2398 1828 2491 ultimi,
1873 2421 2012 2496 pro

474 2525 817 2613 respectu
855 2516 1022 2613 ejus
1077 2517 1169 2591 ad
1218 2516 1592 2590 ultimum.
1652 2514 2010 2589 Secundo

473 2632 729 2726 modo,
764 2632 933 2707 dico
963 2632 1167 2730 quod
1201 2632 1336 2727 sic,
1373 2631 1557 2729 quia
1587 2631 1839 2705 omnis
1889 2630 2013 2702 in-

469 2747 707 2821 tentio
766 2755 879 2821 est
959 2757 1307 2846 respectu
1369 2745 1696 2843 alicujus
1765 2745 2010 2820 ultimi

475 2871 654 2935 tunc
748 2862 1031 2960 cogniti
1093 2863 1172 2936 in
1246 2873 1447 2939 actu.
1529 2862 1745 2937 Sicut
1829 2863 2010 2938 dare

471 2980 792 3077 pauperi
885 2982 1485 3078 eleemosynam,
1551 2980 1775 3053 datur
1833 2979 2007 3074 sibi,

472 3104 556 3171 ut
606 3107 988 3194 pascatur,
1031 3107 1217 3173 tunc
1259 3121 1448 3174 usus
1499 3122 1655 3173 non
1724 3106 1838 3173 est
1890 3099 2013 3171 ul-

479 3211 775 3308 timum,
864 3215 1005 3289 etsi
1066 3214 1385 3289 ulterius
1456 3222 1838 3312 pascatur,
1932 3220 2013 3287 ut

2132 1121 2387 1187 actum
2440 1115 2819 1190 albedinis
2871 1114 3314 1189 distinctum

2131 1231 2316 1305 dum
2355 1257 2465 1326 se,
2511 1242 2584 1308 et
2625 1233 3053 1330 nigredinis
3094 1231 3518 1307 secundum
3559 1255 3670 1327 se,

2130 1352 2440 1447 quando
2523 1360 2696 1425 actu
2747 1350 3044 1448 judicat
3117 1350 3669 1443 diversitatem,

2129 1467 2239 1541 sic
2280 1468 2742 1560 intellectuS,
2816 1467 3128 1565 quando
3199 1466 3431 1540 habet
3496 1475 3668 1540 actu

2128 1594 2383 1657 actum
2484 1584 2928 1658 collativum
2996 1583 3356 1675 duorum,
3445 1581 3674 1656 habet

2127 1710 2381 1774 actum
2424 1700 2868 1774 distinctum
2908 1699 3307 1796 utriusque
3351 1696 3670 1770 extremi

2127 1818 2550 1893 secundum
2588 1842 2699 1911 se,
2757 1828 2830 1893 et
2879 1820 3240 1892 voluntas
3291 1815 3367 1888 in
3413 1814 3672 1890 confe-

2124 1935 2364 2009 rendo
2405 1944 2479 2008 et
2519 1935 2904 2009 tendendo
2975 1934 3054 2007 in
3088 1932 3319 2008 finem
3357 1938 3670 2030 propter

2121 2051 2227 2145 id,
2263 2053 2467 2149 quod
2512 2062 2625 2127 est
2656 2052 2751 2126 ad
2776 2051 3037 2127 finem.

2217 2170 2329 2243 Ad
2400 2169 2731 2268 primum
2804 2169 3256 2267 principale,
3323 2168 3659 2242 concedo

3394 1137 3678 1189 Secun-

3815 2179 3881 2243 4.

2120 2286 2326 2383 quod
2358 2310 2585 2361 omne
2618 2309 2855 2383 agens
2887 2309 3023 2384 per
3053 2309 3132 2360 se
3164 2284 3321 2381 agit
3351 2294 3660 2383 propter
3692 2291 3771 2341 Ad
3793 2304 4001 2354 argum.

3757 2354 3969 2404 rimum.

2118 2403 2379 2494 finem,
2462 2412 2536 2478 et
2608 2403 2958 2478 similiter
3045 2427 3138 2478 ex
3230 2402 3653 2477 intentione
3700 2368 3976 2490 §mapalia

3716 2494 3766 2528 m
3806 2493 3884 2540 gis
3912 2493 3967 2528 a·

2116 2521 2320 2596 finis.
2350 2522 2499 2596 Sed
2532 2520 3060 2619 aequivocatur
3091 2520 3438 2614 intentae,
3476 2520 3657 2617 quia
3684 2494 3887 2606 gut‘itur
3932 2542 4000 2592 aa

2117 2640 2568 2715 naturaliter
2644 2639 2893 2714 activa
2939 2642 3060 2714 vel
3127 2638 3435 2738 passiva
3500 2662 3655 2712 non

3760 2605 3938 2654 finem.

2117 2754 2426 2852 proprie
2468 2753 2796 2828 tendunt
2845 2753 2921 2825 in
2966 2752 3231 2845 finem,
3312 2752 3445 2826 sed
3488 2762 3661 2826 ten—
3741 2775 3745 2782 ·

2116 2871 2406 2945 duntur
2434 2871 2555 2944 vel
2590 2868 2981 2944 ducuntur
3010 2869 3105 2942 ab
3146 2868 3662 2964 Intelligentia

2117 2994 2631 3082 cognoscente
2673 2983 2936 3078 finem,
2972 2985 3142 3058 ideo
3176 3008 3329 3058 non
3365 2994 3662 3081 oportet

2119 3102 2326 3201 quod
2379 3100 2686 3200 proprie
2728 3100 3130 3176 intendant
3187 3098 3452 3195 finem,
3525 3100 3659 3174 sed

2120 3220 2553 3316 dirigantur
2583 3220 2677 3294 ab
2718 3218 3190 3293 intendente.

3733 3309 3765 3359 d
3795 3322 3983 3359 secun-

473 3331 634 3407 Deo
696 3334 1020 3430 placeat,
1065 3332 1318 3407 adhuc
1372 3332 1560 3406 illud
1627 3333 1851 3406 habet
1905 3354 2013 3405 ra·
2217 3338 2329 3412 Ad
2383 3337 2620 3431 aliud,
2691 3336 2859 3412 dico
2908 3336 3111 3435 quod
3164 3335 3513 3430 intenti0‚
3560 3336 3650 3410 de
3685 3309 3730 3358 A
3789 3372 3936 3422 dum,

474 3446 763 3520 tionem
823 3448 1098 3541 ultimi,
1166 3456 1378 3542 tunc,
1460 3446 1630 3521 ideo
1690 3446 2010 3520 intentio
2123 3475 2277 3550 qua
2322 3451 2665 3548 loquitur
2706 3450 3212 3546 Augustinus,
3259 3459 3372 3525 est
3410 3449 3655 3548 ipsius

480 3587 634 3636 non
669 3572 1114 3660 potestesse
1162 3589 1372 3639 usus.
2123 3568 2592 3661 voluntatis;
2655 3576 2727 3642 et
2803 3591 2958 3641 non
3027 3567 3208 3641 dicit
3301 3569 3505 3665 quod
3582 3566 3660 3639 in

255 3703 319 3772 3,
578 3683 693 3753 An
736 3690 988 3755 tamen
1033 3680 1130 3769 sit
1171 3705 1373 3755 unus
1414 3689 1630 3754 actus
1695 3680 2015 3755 intentio
2124 3683 2336 3758 omni
2366 3682 2665 3757 visione
2700 3682 3054 3757 distincta
3102 3683 3491 3757 concurrit
3543 3705 3667 3755 vo-

193 3821 422 3874 lutentio
485 3795 1015 3895 illorum,quae
1043 3798 1337 3872 suntad
1370 3797 1634 3891 finem,
1669 3806 1741 3872 et
1781 3795 2020 3871 finis?
2125 3799 2287 3874 litio
2315 3797 2919 3896 distincta,‘quia
2946 3799 3212 3872 saltem
3262 3798 3509 3895 prima
3550 3796 3670 3871 vi-

135 3893 450 4004 gffisstffifff'
480 3913 667 3987 Dico
709 3913 914 4010 quod
948 3923 1163 3988 actus
1196 3914 1600 3988 collativus
1628 3923 1740 3988 est
1786 3938 2013 4003 unUS,
2126 3917 2240 3990 sio
2280 3915 2637 3989 distincta
2679 3914 3069 4012 praecedit,
3120 3915 3304 4012 quia
3344 3914 3667 3990 intentio

481 4038 553 4103 et
592 4038 847 4129 tamen
897 4030 1257 4124 duorum,
1313 4029 1535 4104 aliter
1589 4031 1803 4103 nullo
1845 4038 2016 4103 actu
2126 4030 2483 4104 distincta
2514 4030 2935 4104 voluntatis
2997 4053 3151 4103 non
3195 4039 3443 4127 potest
3497 4054 3667 4104 esse

481 4155 1075 4242 cognosceretur
1131 4145 1525 4220 conclusio
1579 4169 1760 4220 vera
1801 4170 2021 4243 prop·
2126 4156 2302 4222 ante
2335 4146 2770 4220 distinctam
2837 4146 3462 4220 intellectionem.
3517 4148 3666 4222 Sed

479 4272 591 4338 ter
612 4264 1020 4362 principia,
1056 4263 1811 4338 necintenderentur
1842 4287 2018 4361 quae
2127 4273 2302 4339 ante
2346 4263 2777 4337 distinctam
2857 4262 3454 4337 intellectionem
3526 4288 3670 4361 po-

475 4382 778 4456 suntad
818 4380 1053 4455 finem
1098 4391 1409 4478 propter
1449 4380 1713 4455 finem.
1771 4380 2019 4455 Inten-
2124 4389 2272 4454 test
2349 4403 2515 4453 esse
2601 4378 2796 4451 visio
2866 4377 3195 4452 exterior
3280 4378 3663 4473 distincta,

480 4505 582 4569 tio
615 4496 849 4593 igitur
877 4506 1125 4595 potest
1164 4520 1331 4570 esse
1366 4520 1571 4570 unus
1611 4506 1825 4571 actus
1858 4499 2021 4572 col-
2126 4520 2300 4572 cum
2336 4496 2530 4571 visio
2564 4503 2815 4594 potest
2845 4494 3183 4592 incipere
3216 4518 3261 4569 a
3309 4495 3669 4571 distincta

479 4613 755 4688 lativus
796 4614 997 4687 circa
1024 4613 1204 4706 duc,
1250 4622 1323 4687 et
1353 4622 1600 4710 potest
1651 4637 1817 4689 esse
1849 4615 2001 4703 duo
2126 4614 2552 4690 intentione
2585 4614 3022 4711 copulante,
3065 4614 3188 4687 vel
3233 4635 3399 4687 esse
3432 4614 3662 4687 simul

480 4737 692 4803 actus
733 4728 1070 4803 distincti
1139 4728 1610 4803 intendendo
1678 4727 1868 4800 illud
1937 4726 2012 4799 in
2126 4754 2300 4805 cum
2338 4730 2495 4822 illa,
2539 4730 2660 4803 vel
2693 4736 2943 4825 potest
2986 4751 3153 4802 esse
3215 4738 3391 4803 ante
3460 4752 3660 4825 eam,

480 4868 587 4936 se,
633 4845 834 4942 quod
872 4854 985 4919 est
1025 4844 1118 4918 ad
1161 4843 1396 4918 finem
1435 4843 1511 4917 in
1555 4868 1665 4938 se,
1729 4843 1881 4917 alia
1945 4851 2018 4917 et
2124 4847 2296 4922 ideo
2331 4871 2481 4920 non
2516 4855 2628 4921 est
2659 4867 2973 4919 necesse
3009 4845 3214 4941 quod
3248 4846 3495 4920 solum
3553 4848 3662 4922 sic

480 4962 625 5036 alia
666 4961 1119 5036 intentione.
1168 4962 1258 5034 Et
1290 4962 1476 5035 l'orte
1528 4960 1837 5057 quando
1906 4968 2019 5034 est
2127 4963 2468 5061 incipiat.

481 5087 694 5152 actus
736 5076 1170 5172 collativus,
1210 5087 1388 5150 sunt
1428 5076 1580 5150 duo
1633 5076 1760 5150 alii
1802 5085 2019 5151 actus
2221 5078 2332 5152 Ad
2389 5076 2624 5165 aliud,
2705 5076 2874 5150 dico
2944 5076 3148 5174 quod
3244 5078 3663 5175 requiritur
3757 5063 3980 5176 Αιᾴυξιξῖ·

481 5196 815 5270 distincti
870 5196 1295 5270 secundum
1343 5218 1453 5289 se,
1498 5195 1682 5292 quia
1718 5194 1863 5268 nisi
1927 5195 2021 5269 si·
2125 5205 2330 5269 recta
2381 5192 2600 5285 rati0,
2636 5192 2700 5264 si
2740 5192 2964 5265 debet
3001 5216 3167 5268 esse
3223 5204 3429 5268 recta
3469 5196 3662 5270 visio

484 5314 637 5408 mul
681 5312 778 5386 sit
809 5322 1025 5386 actus
1058 5311 1290 5407 hujus
1322 5312 1748 5386 secundum
1792 5335 1901 5404 se,
1946 5321 2019 5386 et
2122 5308 2544 5407 spiritualis
2602 5317 2677 5382 et
2730 5307 2962 5400 utilis,
3004 5310 3120 5381 vel
3182 5310 3387 5405 quod
3456 5320 3661 5385 recta

482 5430 686 5504 illius
727 5430 1155 5504 secundum
1198 5453 1308 5524 se,
1363 5429 1671 5526 quando
1724 5438 1838 5503 est
1904 5452 2020 5502 ac·
2120 5426 2445 5503 intentio
2489 5426 2912 5525 requiritur
2937 5435 3305 5523 tanquam
3345 5428 3657 5523 praevia,

477 5556 599 5620 tus
675 5546 1103 5633 collativuS,
1144 5569 1294 5619 non
1374 5546 1569 5620 bene
1627 5545 2019 5642 judicatur
2120 5546 2242 5620 vel
2287 5545 2554 5618 saltem
2592 5542 3128 5617 communiter.

482 5661 1044 5752 convenientia,
1081 5673 1155 5737 et
1207 5660 1637 5737 differentia
1696 5659 2016 5736 istorum
2218 5663 2328 5737 Ad
2363 5661 2601 5755 aliud,
2645 5660 2814 5734 dico
2862 5660 3065 5757 quod
3108 5659 3360 5734 omnis
3414 5660 3657 5735 inten-
3687 5634 3970 5749 Adfflff'
