4295 6326
346 1014 544 1067 Secun-

374 1079 524 1130 dum.

306 1863 562 1916 Tertium.

315 2673 533 2726 Contra.

284 5188 545 5262 ‚Su-prema

253 5265 302 5299 w
319 5264 397 5299 sio
429 5265 574 5314 posi-

283 5315 390 5363 tive
421 5327 531 5362 non

268 5381 448 5450 potest
477 5390 576 5450 po-

266 5454 318 5488 ni
352 5440 402 5488 in
442 5453 559 5488 ani-

249 5516 338 5552 ma
357 5502 569 5562 Christi,

268 5565 361 5616 sed
396 5578 553 5627 nega-

336 5627 463 5678 tiva.

219 5741 254 5750 ..-

177 5751 214 5762 ..⁴

627 373 756 442 344

633 552 907 649 paliter
948 552 1130 649 quia
1175 552 1420 623 virtus
1489 547 1792 622 infinita
1848 568 2001 619 non
2036 569 2181 641 po-

634 678 783 743 test
818 669 892 741 in
929 671 1194 766 plura3
1258 668 1392 742 sed
1462 665 2024 740 inconveniens
2067 671 2181 735 est

636 783 996 858 virtutem
1032 782 1325 856 linitam
1369 782 1460 855 ad
1497 790 1602 854 tot
1643 802 1723 853 se
1769 777 2180 853 extendere

636 897 711 972 in
750 907 951 993 actu,
989 899 1186 973 sicut
1227 906 1483 996 potestv
1517 895 1762 969 virtus
1799 894 2122 968 infinita.

736 1015 950 1108 Item,
1012 1014 1620 1090 illuminationes
1687 1014 1779 1087 de
1835 1008 2181 1086 veritati-

635 1130 781 1206 bus
851 1132 1206 1207 revelatis
1249 1129 1445 1205 fiunt
1494 1130 1840 1204 ordinate
1879 1156 1896 1221 ;
1943 1127 2179 1224 igitur

630 1249 998 1343 AngeluS,
1037 1248 1167 1346 qui
1210 1257 1323 1323 est
1380 1246 1734 1344 superior
1777 1246 1853 1318 in
1900 1253 2177 1318 natura

630 1364 888 1438 anima
963 1364 1269 1454 Christi,
1370 1373 1628 1462 posset
1732 1361 2171 1435 illuminare

629 1503 795 1556 eam
829 1482 1239 1556 revelando
1279 1482 1424 1555 sibi
1456 1480 1744 1578 aliquid
1779 1480 2166 1572 [uturum3

628 1598 760 1673 sed
793 1599 857 1674 si
899 1598 1065 1697 ipsa
1104 1600 1399 1674 videret
1444 1599 1704 1672 omnia
1750 1597 1827 1669 in
1882 1597 1946 1668 V
1952 1596 2164 1688 erb0,

627 1714 817 1789 nihil
855 1739 1141 1789 novum
1169 1725 1424 1812 posset
1463 1714 1607 1789 sibi
1647 1716 2012 1788 revelare.

726 1842 938 1925 Item,
985 1834 1045 1907 si
1106 1832 1360 1907 videat
1426 1832 1686 1906 omnia
1760 1831 1833 1903 in
1881 1831 2161 1926 VerbO,

622 1945 861 2043 igitur
886 1957 1142 2046 posset
1175 1948 1609 2021 illuminare
1637 1948 1826 2020 alias
1866 1948 2164 2021 animas

621 2074 696 2138 et
733 2067 1116 2162 Angelos3
1155 2089 1640 2163 consequens
1698 2075 1813 2140 est
1854 2066 2157 2158 salsum,

621 2183 803 2281 quia
831 2194 1110 2258 natura
1167 2183 1482 2257 inferior
1528 2207 1676 2256 non
1750 2192 1998 2280 potest
2037 2184 2161 2256 in-

619 2298 860 2374 ssuere
901 2299 977 2373 in
1064 2300 1589 2397 superiorem;
1652 2300 2159 2375 revelationes

618 2417 821 2491 enim
885 2417 1098 2516 prius
1156 2416 1353 2491 fiunt
1420 2426 1717 2492 natura}
1776 2419 2157 2516 superiori

617 2555 849 2630 quam
880 2534 1250 2607 inferiori.

715 2650 1191 2748 Oppositum,
1232 2648 1602 2745 Magister
1635 2649 1709 2722 in
1770 2650 2046 2744 littera,
2083 2662 2160 2727 et

616 2768 1416 2843 adducitilludJoann
1456 2765 1526 2839 3.
1558 2768 1858 2843 Animae
1898 2770 2158 2844 Chris-

613 2885 667 2957 ti
701 2884 928 2959 datar
968 2884 1313 2983 Spiritus
1370 2906 1523 2957 non
1601 2885 1683 2958 in
1742 2909 2151 2983 mensuram

613 3001 847 3098 igitur
878 3001 1140 3077 omnia
1194 3000 1428 3075 videt.

1160 3281 1514 3339 SCHOLIUM
1557 3282 1594 3337 t.

681 3442 790 3492 Pro
824 3436 1011 3508 prima
1041 3436 1357 3508 quaestione
1390 3436 1637 3508 primum
1691 3438 1905 3494 dictum
1944 3455 1957 3495 :
1993 3439 2155 3494 Sum-

608 3544 699 3583 ma
729 3527 864 3584 visio
893 3532 1068 3596 potest
1094 3529 1225 3599 poni
1256 3529 1315 3582 in
1344 3527 1537 3583 anima
1568 3528 1794 3598 Christi,
1829 3531 1910 3584 ita
1954 3533 2012 3584 ut
2071 3546 2157 3585 re-

607 3627 810 3689 puqnet
838 3635 962 3673 eam
990 3618 1196 3674 excedi.
1231 3621 1387 3673 Patet
1419 3635 1486 3673 ex
1515 3619 1682 3673 dictis
1714 3620 1769 3674 d.
1807 3620 2048 3692 praeced.
2082 3623 2151 3677 ad

608 3701 984 3773 quaestionem
1020 3704 1293 3776 primam,
1346 3703 1417 3760 de
1457 3720 1693 3760 summa
1742 3705 1947 3777 gratia,
1997 3712 2054 3762 et
2080 3725 2151 3779 ‚q.

607 3795 660 3850 3.
696 3795 765 3850 de
787 3811 1019 3853 summa
1060 3796 1351 3863 fruitione,
1410 3801 1466 3850 et
1514 3796 1708 3851 eadem
1763 3798 1910 3852 ratio
1965 3807 2048 3854 est
2084 3800 2156 3854 de

605 3886 847 3941 visione.
898 3886 1231 3941 Secundum
1363 3888 1539 3942 Potest
1590 3886 1714 3941 calis
1754 3904 1966 3942 summa
2015 3888 2154 3944 visio

604 3973 744 4045 poni
772 3974 1086 4030 immediate
1115 3992 1147 4030 a
1171 3977 1275 4033 Deo
1306 3978 1363 4029 in
1395 3977 1586 4031 anima
1630 3975 1833 4030 Christi
1879 3980 1999 4032 sine
2038 3979 2153 4033 ullo

606 4066 816 4119 lumine
839 4068 1068 4135 praevio,
1103 4066 1240 4137 quia
1272 4066 1380 4121 hoe
1433 4065 1748 4138 requiritur
1805 4077 2025 4121 tantum
2080 4070 2149 4123 ad

606 4152 1067 4221 coessseiendum,
1120 4159 1177 4209 et
1221 4172 1452 4210 omnem
1515 4154 1884 4210 efficientiam
1969 4162 2156 4227 polest

606 4244 759 4300 Deus
804 4245 1094 4315 supplere.
1152 4245 1410 4316 Explicat
1466 4247 1595 4301 fuse
1654 4247 1880 4300 nullum
1946 4263 2154 4319 praerc-

606 4333 754 4407 quiri
786 4335 1047 4390 habitum
1081 4335 1150 4389 ad
1185 4335 1463 4389 visionem
1492 4336 1549 4389 in
1586 4339 1810 4391 ratione
1855 4336 2149 4407 receptivi,

604 4424 692 4482 vel
725 4423 922 4481 formae
955 4426 1294 4482 necessariae
1325 4427 1394 4481 ad
1442 4426 1757 4497 agendum.

706 4635 815 4710 Ad
859 4634 1182 4732 primam
1228 4633 1733 4731 quaestionem
1778 4642 1957 4708 sunt
1996 4636 2147 4708 duo

609 4749 955 4826 articuli:
1023 4751 1357 4842 PrimuS,
1394 4750 1455 4823 si
1507 4749 1941 4824 intellectus
1978 4751 2149 4823 ani-

609 4893 756 4942 mae
779 4867 1057 4941 Christi
1130 4876 1372 4963 potest
1441 4864 1703 4962 perfici
1753 4867 2150 4963 perfectis-

608 4984 802 5058 sima
833 4982 1130 5055 visione
1165 4993 1237 5056 et
1260 4981 1680 5078 suprema?
1713 4982 2142 5076 SecunduS,

608 5105 670 5178 si
706 5112 948 5201 potest
990 5102 1237 5201 primo
1294 5111 1367 5174 et
1408 5100 1904 5176 immediate?

707 5221 815 5294 Dc
859 5219 1105 5317 primo
1148 5218 1317 5291 dico
1364 5229 1444 5292 ut
1490 5218 1729 5315 priuS,
1785 5219 1990 5316 quod
2030 5243 2149 5290 su-

599 5362 875 5438 prema
943 5348 1189 5435 polest
1247 5335 1484 5433 accipi
1590 5360 1726 5433 pro
1786 5359 2149 5433 suprema

609 5466 862 5532 creata
934 5457 1050 5529 vel
1143 5454 1507 5528 increata.
1608 5454 1716 5527 De
1809 5452 2149 5527 increata

607 5584 896 5648 certum
943 5580 1055 5647 est
1096 5571 1296 5668 quod
1332 5594 1516 5663 non,
1569 5570 1700 5643 sed
1748 5571 1996 5644 solum
2040 5569 2146 5642 in·

2007 363 2249 432 LIBRI
2296 363 2418 433 lll.

2297 542 2645 614 telleclus
2704 540 3041 615 divinus.
3089 542 3200 616 De
3266 542 3633 628 secunda,
3717 543 3837 616 vel

2291 658 2515 732 debet
2547 659 2824 755 exponi
2860 659 3416 757 superlativum
3478 659 3830 757 positive,

2288 777 2405 851 vel
2456 779 2836 873 negative.
2868 778 2945 851 Si
2982 778 3333 876 positive,
3370 779 3621 853 adhuc
3663 779 3832 853 dico

2287 894 2489 991 quod
2530 918 2713 987 non,
2760 895 2943 993 quia
2983 919 3137 968 non
3207 904 3456 993 potest
3496 919 3662 970 esse
3696 921 3832 971 su-

2285 1035 2551 1109 prema
2578 1014 2770 1088 visio
2804 1014 3160 1089 creabilis
3192 1014 3268 1088 in
3313 1016 3571 1111 aliquo
3613 1015 3830 1089 intel-

2283 1128 2512 1218 lectu,
2553 1126 2738 1223 quin
2796 1127 3119 1224 aequalis
3175 1127 3413 1224 possit
3444 1128 3684 1202 creari
3745 1127 3822 1200 in

2280 1242 2539 1339 aliquo
2582 1243 3014 1337 intellectu;
3052 1243 3181 1318 sed
3213 1268 3574 1342 suprema
3604 1268 3827 1319 crea-

2279 1360 2455 1435 bilis
2485 1361 2807 1459 positive
2849 1362 3029 1435 dicit
3070 1386 3463 1437 excessum
3510 1364 3603 1437 ad
3655 1388 3825 1436 om-

2280 1501 2415 1551 nes
2458 1479 2649 1552 alias
2689 1479 3085 1553 creabiles.
3124 1479 3202 1552 Si
3247 1480 3657 1577 exponitur
3700 1504 3825 1555 ne-

2276 1594 2557 1691 gative,
2618 1595 2721 1669 ita
2764 1597 2968 1693 quod
3032 1621 3181 1669 non
3243 1606 3499 1694 posset
3556 1597 3819 1671 excedi

2276 1712 2370 1786 ab
2413 1713 2673 1810 aliqua
2703 1714 2852 1788 alia
2891 1714 3230 1807 creabili,
3266 1715 3374 1789 s'ic
3398 1714 3567 1788 dico
3611 1716 3817 1811 quod

2275 1839 2519 1926 potest
2558 1854 2863 1905 summa
2901 1830 3266 1923 creari,et
3293 1840 3543 1929 potest
3580 1832 3812 1930 recipi

2271 1946 2347 2019 in
2383 1948 2640 2022 anima
2679 1949 2985 2023 Christi.

2367 2064 2476 2138 De
2519 2065 2887 2157 secundo,
2933 2065 2995 2139 si
3049 2074 3294 2164 potest
3372 2065 3809 2141 immediate

2267 2180 2527 2254 videre
2559 2180 2896 2255 Verbum
2927 2205 3062 2279 per
3086 2182 3455 2257 rationem
3493 2181 3801 2275 infiniti,

2271 2296 2569 2370 videtur
2601 2297 3061 2393 quibusdam
3093 2298 3295 2396 quod
3324 2322 3504 2372 non.
3546 2298 3804 2372 Primo

2268 2411 2449 2508 quia
2480 2435 2703 2509 affere
2744 2415 3272 2511 praesupponit
3316 2438 3474 2488 6336
3509 2442 3526 2507 ;
3573 2414 3807 2511 igitur

2264 2552 2488 2625 affere
2581 2532 3169 2627 supernaturale
3274 2534 3809 2630 praesupponit

2265 2669 2423 2719 6336
2498 2650 3129 2745 supernaturale3
3230 2649 3463 2747 igitur
3548 2651 3808 2726 videre

2265 2766 2851 2861 supernaturale
2893 2767 3426 2864 praesupponit
3471 2791 3630 2841 6336
3670 2793 3807 2843 su-

2265 2882 2753 2977 pernaturale
2784 2910 2802 2976 3
2839 2882 3071 2977 igitur
3100 2907 3251 2956 non
3287 2884 3805 2983 potestprimo

2264 3007 2338 3071 et
2376 2998 2812 3074 immediate
2844 3000 3105 3075 videre
3138 2999 3505 3077 Verbum.

2363 3117 2718 3194 Secundo
2759 3119 2853 3194 ad
2914 3118 3116 3194 idem
3155 3143 3169 3194 ε
3245 3119 3325 3195 Si
3368 3131 3626 3220 posset
3662 3123 3809 3222 pri-

2262 3258 2389 3308 mo
2432 3245 2504 3310 et
2553 3236 3019 3324 immediate,
3083 3248 3537 3335 sequeretur
3600 3242 3805 3337 quod

2262 3375 2355 3426 ex
2388 3351 2599 3449 puris
2662 3353 3144 3428 naturalibus
3187 3354 3426 3451 possit
3475 3354 3553 3428 in
3608 3358 3808 3431 hanc

2262 3468 2671 3562 visionem,
2708 3478 2783 3542 et
2824 3471 2967 3544 hoc
3003 3470 3330 3545 maxime
3363 3472 3425 3545 si
3460 3472 3806 3548 intellec-

2261 3594 2386 3659 tus
2417 3585 2514 3659 sit
2553 3585 2849 3659 activus
2908 3585 2986 3659 in
3028 3587 3159 3660 tali
3223 3586 3554 3663 visione.

2356 3703 2605 3777 Tertio
2642 3703 2735 3777 ad
2787 3703 3019 3797 idem,
3081 3716 3538 3802 sequeretur
3594 3710 3806 3806 quod

2260 3819 2426 3916 pari
2456 3820 2749 3893 ratione
2782 3831 3039 3918 posset
3070 3823 3429 3897 voluntas
3470 3824 3615 3897 frui
3657 3826 3806 3898 im-

2261 3937 2587 4012 mediate
2622 3961 2923 4012 summa
2948 3938 3307 4013 fruitione
3358 3941 3524 4016 sine
3558 3943 3803 4038 gratia

2256 4053 2377 4126 vel
2408 4052 2802 4141 charitate,
2840 4054 3037 4127 sicut
3067 4052 3502 4130 intellectus
3536 4056 3799 4132 videre

2259 4169 2693 4245 immediate
2728 4171 3170 4265 essentiam,
3200 4183 3271 4247 et
3306 4186 3484 4248 tunc
3517 4176 3800 4273 aliquis

2258 4285 2424 4360 sine
2458 4287 2827 4361 charitate
2871 4298 3125 4385 posset
3174 4289 3320 4363 frui
3365 4315 3695 4367 summe.

2354 4402 2541 4477 Dico
2610 4404 2703 4477 ad
2739 4404 2945 4478 hunc
3014 4407 3443 4482 secundum
3523 4410 3801 4484 articu-

2258 4519 2446 4611 lum,
2484 4519 2683 4616 quod
2747 4519 3219 4596 intellectum
3282 4547 3504 4620 posse
3536 4525 3796 4601 videre

2254 4634 2593 4709 Verbum
2639 4636 3102 4731 immediate,
3169 4649 3412 4736 potest
3470 4640 3795 4739 intelligi

2256 4750 2686 4848 dupliciter,
2735 4754 2851 4827 vel
2886 4753 3456 4831 immediatione
3497 4758 3793 4852 forniae,

2255 4872 2374 4944 vel
2401 4871 2973 4947 immediatione
3003 4873 3078 4946 in
3106 4875 3395 4950 ratione
3428 4878 3800 4975 recipien-

2256 4986 2381 5079 di;
2430 4987 2638 5061 verbi
2709 4989 2980 5083 gratia,
3049 4994 3485 5089 exemplum
3536 4996 3793 5091 primi,

2255 5102 2393 5175 etsi
2430 5101 2859 5200 intellz'qere
2900 5129 3054 5179 non
3130 5108 3409 5183 mediet
3464 5110 3538 5182 in
3578 5112 3799 5186 ratio-

2256 5242 2351 5293 ne
2390 5220 2800 5317 rccipiendi
2865 5234 3212 5320 respectu
3274 5226 3494 5322 velle,
3545 5238 3794 5305 tamen

2258 5336 2830 5412 inimediatione
2915 5339 3180 5414 formae
3276 5344 3393 5416 vel
3483 5343 3798 5421 effectus

2258 5452 2561 5525 mediat.
2611 5455 3063 5553 Exemplum
3121 5458 3468 5553 secundi,
3525 5484 3801 5560 super-

2258 5567 2470 5643 ficies
2541 5572 2817 5646 mediat
2877 5574 2955 5646 in
3016 5574 3309 5651 ratione
3379 5580 3796 5679 recipiendi

3860 2070 3943 2120 An
3975 2077 4162 2135 possit

3918 2137 4114 2187 anima

3901 2197 4109 2249 Christi

3838 2260 4013 2311 videre
4038 2262 4179 2314 Ver-

3862 2325 3989 2373 bum
4012 2325 4143 2376 sine

3879 2387 4116 2438 lumine.

3955 4422 4021 4491 4.
