4295 6326
163 1178 400 1242 Praecep·

113 1243 234 1290 tum
274 1240 442 1290 homi·

145 1304 236 1352 nis
272 1317 439 1368 quan·

111 1365 295 1423 doque
323 1381 440 1417 con-

150 1433 396 1479 temnen-

208 1492 354 1544 dum.

99 3068 212 3116 Lex
222 3066 396 3117 Domi·

125 3131 184 3180 ni
197 3135 383 3187 sancta

104 3198 160 3244 et
180 3194 430 3244 immacu-

204 3256 329 3308 lata.

1565 421 1793 491 DIST.
1848 420 1969 491 111.
2022 419 2442 501 QUAESTIO
2491 419 2611 488 lV.

473 616 630 668 non
673 604 979 670 tenetur
1045 597 1137 671 de
1196 595 1652 671 necessitate
1742 596 2024 670 habere

472 713 741 787 falsam
814 714 1258 812 opinionem
1303 715 1394 789 de
1438 715 1767 789 Praelato
1837 739 2021 807 suo;

471 852 655 926 ergo
716 830 777 903 si
821 830 985 927 ipse
1039 832 1311 905 stultas
1373 842 1447 905 et
1511 832 1754 905 fatuas
1815 832 2023 927 leges

470 945 674 1039 facit,
710 957 961 1042 potest
1015 957 1087 1021 et
1120 948 1366 1042 legem
1401 956 1473 1021 et
1530 948 2020 1021 mandantem

471 1074 996 1153 contemnere,
1061 1074 1137 1139 et
1199 1065 1404 1162 quod
1465 1088 1595 1139 eas
1686 1075 2015 1156 revocet,

477 1187 560 1252 ut
624 1177 999 1272 infirmas,
1044 1178 1366 1253 firmiter
1427 1181 1800 1255 laborare.
1845 1181 2016 1253 Non

481 1305 730 1369 tamen
808 1295 1032 1370 debet
1081 1296 1394 1369 interior
1461 1295 1708 1393 primo
1791 1297 2017 1369 modo

473 1421 966 1486 contemnere
1031 1424 1499 1510 praeceptum
1565 1413 2012 1510 superioriS,

472 1527 546 1600 id
653 1537 791 1618 est,
868 1551 1021 1601 non
1102 1528 1586 1603 observando
1677 1551 1766 1602 ea
1838 1551 2014 1626 quae

468 1644 1030 1742 praecipiuntur
1081 1644 1175 1718 ab
1234 1668 1353 1739 e0,
1417 1644 1601 1741 quia
1642 1644 2012 1742 quamdiu

466 1762 823 1836 subditus
891 1771 1033 1855 est,
1123 1772 1423 1838 tenetur
1488 1762 1566 1835 in
1652 1761 2013 1835 omnibus

465 1879 804 1971 obedire,
880 1903 1056 1976 quae
1118 1904 1273 1955 non
1345 1879 1781 1955 immediate
1833 1888 2012 1953 sunt

464 2005 731 2070 contra.
764 1996 1009 2070 Deum
1090 2008 1163 2070 et
1213 1997 1462 2071 honos
1507 2019 1783 2070 mores.
1821 1995 2009 2070 Dico

463 2136 646 2208 ergo
690 2114 896 2209 quod
930 2112 1059 2187 illa
1103 2113 1467 2209 obligatio
1518 2135 1786 2187 omnes
1827 2112 2011 2186 obli-

461 2227 671 2323 gavit
735 2227 827 2300 ad
892 2252 1041 2301 non
1122 2239 1615 2302 contemnere
1668 2228 2007 2302 secundo

465 2345 689 2418 modo
730 2371 746 2430 ;
781 2345 1124 2418 secunda
1194 2356 1450 2420 autem
1506 2357 1656 2420 tam
1701 2345 1792 2420 ad
1851 2368 2005 2418 non

462 2472 955 2536 contemnere
993 2462 1239 2560 primo
1318 2462 1545 2535 modo
1608 2484 1839 2557 quam
1884 2485 2008 2536 se-

464 2581 745 2654 cundO.
822 2579 1040 2653 Unde
1094 2580 1263 2653 dico
1308 2578 1514 2675 quod
1582 2601 1853 2651 omnes
1912 2580 2004 2653 ad

462 2719 657 2792 quos
690 2695 1040 2793 pervenit
1074 2692 1615 2792 promulgatio,
1647 2703 2005 2767 tenentur

461 2812 554 2884 ad
583 2811 1152 2908 susceptionem
1197 2811 1389 2906 ejus,

560 2927 948 3014 Quantum
1018 2927 1111 3001 ad
1189 2926 1499 3000 tertium
1591 2925 2000 2999 articulum

461 3040 551 3116 de
622 3041 1203 3115 circumcisione
1274 3040 1346 3111 in
1429 3040 2000 3137 comparatione

462 3157 553 3231 ad
624 3159 1133 3258 Baptismu1n‚
1194 3157 1459 3231 dicunt
1497 3156 1838 3253 quidam,
1913 3180 1998 3233 ac

463 3275 521 3348 si
558 3275 1040 3350 circumcisio
1086 3274 1533 3372 simpliciter
1564 3284 1725 3349 erat
1770 3275 1993 3368 mala,

457 3404 530 3468 et
562 3395 912 3469 similiter
944 3392 1320 3468 sacrificia
1360 3392 1551 3489 ejus.
1611 3392 1757 3467 Sed
1796 3392 1995 3466 istud

454 3511 832 3584 redundat
872 3510 946 3582 in
994 3510 1269 3602 Deum,
1318 3508 1500 3606 quia
1540 3508 1748 3582 Deus
1788 3532 1998 3582 nun-

449 3651 679 3724 quam
741 3626 1001 3701 statuit
1072 3626 1409 3722 aliquam
1467 3626 1746 3721 legem,
1806 3625 1991 3723 quin

448 3757 649 3819 esset
702 3746 906 3820 bona
981 3753 1056 3818 et
1115 3754 1406 3836 sancta,
1471 3753 1544 3817 et
1605 3743 1991 3817 meritoria

446 3862 625 3953 illis,
701 3861 831 3957 qui
920 3860 1420 3934 observarent
1487 3859 1725 3952 illam,
1806 3858 1992 3956 quia

446 3978 669 4053 aliter
746 4001 898 4051 non
966 3975 1587 4073 vituperarentur
1637 4000 1791 4048 non
1849 3976 1990 4050 ob-

445 4105 845 4168 servantes
927 4116 1126 4184 eam,
1197 4115 1340 4166 nec
1400 4092 1990 4188 praemiarentur

444 4210 945 4284 observantes
1000 4231 1196 4280 eam.

540 4327 687 4402 Sed
737 4328 972 4415 diceS,
1018 4326 1081 4399 si
1162 4328 1280 4399 lex
1336 4324 1784 4399 Judaeorum
1847 4325 1986 4398 fuit

444 4446 669 4534 bona,
731 4468 912 4540 ergo
955 4443 1305 4517 Christus
1371 4444 1607 4539 gratis
1641 4450 1984 4516 mortuus

443 4573 582 4656 est,
665 4570 737 4636 et
811 4561 976 4635 sine
1048 4584 1305 4648 causa,
1380 4559 1561 4656 quia
1637 4584 1792 4634 non
1871 4569 1983 4635 est

443 4689 790 4753 mortuus
837 4677 984 4752 nisi
1027 4685 1109 4750 ut
1149 4686 1538 4752 cessarent
1571 4677 1705 4752 ista
1772 4678 1983 4774 lega-

440 4796 565 4886 lia,
641 4805 715 4869 et
771 4796 998 4893 plene
1070 4802 1362 4891 pateret
1404 4793 1697 4867 homini
1730 4793 1853 4866 via
1886 4794 1980 4867 ad

437 4915 800 5006 salutem3
848 4913 907 4986 si
952 4935 1134 5006 ergo
1176 4910 1319 4985 ista
1361 4910 1486 4984 via
1524 4910 1620 4984 sit
1652 4911 1855 4985 hona
1886 4911 1979 4984 ad

441 5033 795 5119 salutem,
819 5030 1056 5126 gratis
1087 5038 1159 5102 et
1191 5028 1355 5103 sine
1376 5052 1610 5102 causa
1632 5029 1980 5102 Christus

440 5158 792 5222 mortuus
834 5156 972 5220 est.

532 5265 718 5337 Dico
787 5287 969 5355 ergo
1013 5247 1218 5358 quod
1278 5263 1393 5334 lex
1454 5261 1599 5335 ista
1637 5261 1980 5335 Mosaica

439 5378 573 5451 luit
619 5379 846 5468 bona,
884 5376 1341 5472 inquantum
1378 5399 1611 5472 opera
1635 5376 1801 5471 ejus
1843 5373 1979 5448 sse-

439 5495 620 5568 bant
649 5494 719 5565 in
760 5492 905 5565 fide
947 5491 1278 5576 venturi,
1350 5492 1547 5565 sicut
1586 5515 1818 5589 opera
1870 5492 1978 5564 le-

442 5613 557 5708 gis
578 5621 861 5686 nostrae
890 5608 1086 5682 fiunt
1116 5608 1194 5680 in
1221 5606 1369 5683 fide
1395 5609 1629 5699 illius,
1666 5608 1970 5707 quijam

3565 421 3690 488 591

2139 594 2379 667 venit.
2419 593 2639 669 Unde
2686 595 2780 669 ab
2813 594 3115 689 eodem,
3149 618 3193 668 a
3232 617 3388 692 quo
3426 594 3690 691 utjam

2141 710 2539 788 incarnato
2619 721 2693 786 et
2767 736 2991 809 passo
3099 712 3539 786 habuerunt
3614 719 3687 784 et

2139 831 2427 906 habent
2495 832 2988 907 Sacramenta
3079 842 3342 906 nostra
3425 830 3686 906 effica-

2136 947 2360 1031 ciam,
2399 948 2492 1022 ab
2533 947 2665 1021 illo
2708 949 3147 1022 habuerunt
3189 948 3686 1022 Sacramenta

2131 1064 2415 1137 veteris
2447 1062 2636 1157 legis
2679 1062 3129 1148 efficaciam,
3173 1075 3252 1136 ut
3279 1062 3684 1137 incarnan-

2139 1181 2351 1266 do,et
2378 1181 2548 1255 ideo
2581 1181 2724 1254 fuit
2764 1182 2875 1256 eis
2907 1182 3025 1256 lex
3058 1205 3326 1256 eorum
3362 1181 3564 1255 bona
3607 1193 3681 1257 et

2128 1295 2639 1388 rationabiliS,
2709 1306 2782 1370 et
2868 1297 3114 1393 magis
3197 1297 3677 1373 rationabilis

2124 1410 2236 1484 eis
2277 1433 2507 1507 quam
2553 1420 2837 1499 nostra,
2903 1423 3213 1510 propter
3266 1414 3673 1489 ruditatem

2122 1549 2421 1620 eorum,
2481 1537 2554 1602 et
2616 1527 2974 1602 duritiam
3019 1529 3092 1601 in
3139 1529 3670 1627 spiritualibus

2121 1642 2215 1715 ad
2246 1644 2742 1718 credendum.
2798 1644 3015 1718 Venit
3057 1646 3260 1719 enim
3285 1646 3525 1740 Deua,
3554 1672 3669 1724 se-

2119 1760 2461 1833 cundum
2547 1760 3097 1855 Augustinum,
3198 1763 3666 1860 temporibus

2119 1875 2478 1971 conqraz‘s
2509 1875 3052 1951 administrare
3077 1877 3659 1971 medicamenta,

2118 1998 2192 2063 et
2221 1992 2403 2088 quia
2441 1991 2779 2089 populus
2823 1993 2959 2066 isle
2997 2016 3296 2091 pronas
3365 2001 3532 2070 erat
3570 2020 3668 2070 ea·

2116 2107 2444 2180 minima
2491 2107 2943 2182 carnalitate
3001 2133 3142 2182 saa
3187 2110 3291 2184 ad
3327 2109 3665 2186 idolola-

2113 2224 2368 2307 triam,
2426 2209 2703 2297 maluit
2763 2222 2937 2298 illas
2993 2224 3146 2299 sibi
3230 2225 3670 2323 sacrificari

2112 2338 2487 2425 victimas,
2542 2364 2770 2437 quam
2817 2340 3207 2415 Daemonc'.

2212 2456 2439 2531 Dices
2521 2457 2723 2554 quod
2793 2482 3000 2531 mors
3078 2459 3436 2534 animalis
3505 2487 3659 2536 non

2114 2572 2362 2667 placet
2392 2571 2585 2665 Deo,
2629 2572 2811 2669 quia
2843 2572 3009 2669 ejus
3051 2598 3256 2648 mors
3289 2585 3362 2649 et
3388 2575 3657 2652 immo-

2112 2685 2293 2759 latio
2327 2709 2481 2759 non
2519 2696 2631 2760 est
2667 2686 2894 2761 bona.

2211 2805 2697 2903 Respondeo,
2732 2806 2905 2880 licet
2948 2831 3150 2882 mors
3193 2819 3266 2882 et
3298 2809 3656 2886 immola-
3690 2824 3886 2894 ,Mem
3918 2831 3970 2901 qt

2108 2919 2214 2992 tio
2259 2922 2614 2996 animalis
2655 2922 3114 3019 inquantum
3169 2935 3281 2998 est
3323 2926 3650 3023 privatio
3685 2888 4007 3025 ἒῗῖῗῆῗιιῖῗέιῗη

2106 3037 2287 3112 vitae
2334 3037 2750 3113 formaliter
2790 3063 2944 3113 non
2981 3040 3076 3114 sit
3107 3040 3334 3131 bona,
3391 3052 3647 3119 tamen
3683 3014 4007 3139 {iiiessoia‘ifi‘

2113 3156 2189 3232 in
2235 3169 2607 3256 quantum
2674 3158 3215 3257 imponebatur
3253 3186 3297 3236 a
3353 3162 3514 3237 Deo
3557 3167 3649 3239 ad
3725 3140 3958 3267 effugii.

2108 3276 2575 3372 signandum
2690 3300 2958 3351 verum
3067 3278 3648 3356 Sacramentum

2106 3390 2376 3465 mortis
2426 3390 2735 3484 Christi,
2793 3392 2870 3464 in
2940 3416 3094 3489 quo
3155 3393 3645 3493 offerebatur,

2107 3509 2312 3583 sicut
2349 3532 2597 3604 agnus
2656 3508 3194 3585 immaculatus
3263 3512 3470 3589 filius
3511 3516 3647 3591 Dei

2103 3649 2244 3700 suo
2317 3625 2550 3717 Patri,
2599 3625 2707 3699 sic
2768 3626 3096 3702 maxime
3157 3628 3294 3702 fuit
3337 3642 3649 3730 accepta

2102 3742 2262 3815 Deo
2297 3766 2432 3839 pro
2467 3765 2787 3841 mune-re
2829 3753 2904 3817 et
2942 3744 3315 3843 obsequio
3367 3750 3646 3844 gratis-

2099 3859 2324 3953 simo,
2369 3869 2443 3934 et
2483 3861 2966 3935 solummodo
3008 3862 3440 3959 adaequato.

2199 3975 2409 4049 Licet
2448 3999 2632 4072 ergo
2666 3975 3168 4052 Circumcisio
3211 3989 3371 4054 erat
3404 3980 3634 4076 bona,
3808 3988 3871 4054 9.

2096 4100 2352 4165 tamon
2397 4092 2471 4165 in
2518 4092 2849 4166 adventu
2899 4094 3185 4169 boniet
3234 4096 3637 4173 ‘nobilioris
3687 4102 3965 4157 Excellen-

3743 1630 3985 1692 Augusti-

3795 1706 3916 1745 nus.

2095 4218 2169 4282 et
2216 4207 2668 4283 efficacioris
2724 4210 3065 4298 remedii,
3107 4222 3189 4286 ut
3230 4214 3627 4312 Baptismi,
3677 4167 3973 4310 ειξῗεξῖῗιῗ

2093 4323 2358 4397 debuit
2398 4347 2725 4398 cessare.
2781 4325 3221 4422 Baptismus
3262 4328 3463 4402 enim
3523 4340 3638 4405 est
3684 4305 3971 4409 cuffiiifffi

2094 4441 2517 4515 remedium
2567 4440 2842 4513 melius
2901 4450 2975 4513 et
3033 4443 3398 4533 nobilius,
3455 4448 3639 4542 quia

2092 4581 2504 4632 commune
2542 4558 2964 4632 remedium
2992 4570 3131 4654 est,
3160 4586 3332 4636 cum
3372 4575 3638 4638 exten-

2093 4676 2220 4750 dat
2262 4701 2341 4751 se
2387 4678 2480 4751 ad
2526 4687 2937 4775 utrumque
2987 4703 3283 4776 sexum,
3322 4707 3473 4756 non
3530 4685 3638 4759 sic

2099 4793 2655 4887 Circumcisi03
2702 4804 2815 4867 est
2882 4794 3107 4868 etiam
3171 4797 3247 4870 in
3303 4823 3640 4876 commu-

2092 4910 2291 4984 niori
2359 4910 2725 5003 materia3
2764 4919 2878 4984 est
2918 4912 3148 4985 etiam
3209 4918 3633 4990 remedium

2091 5029 2428 5126 plenius,
2466 5028 2649 5125 quia
2691 5029 3113 5125 pleniorem
3149 5042 3223 5106 et
3269 5035 3634 5131 majorem

2090 5144 2415 5239 gratiam
2459 5146 2752 5218 confert
2804 5143 2877 5217 in
2925 5146 3204 5221 virtute
3241 5149 3634 5225 Passionis

2090 5261 2371 5334 Christi
2404 5262 2562 5356 jam
2601 5261 2989 5349 exhibitae,
3026 5285 3255 5358 quam
3287 5266 3632 5340 Circum-

2089 5377 2304 5470 cisio,
2342 5379 2563 5472 cujus
2621 5378 2863 5451 virtus
2931 5392 3091 5453 erat
3149 5407 3193 5454 a
3260 5383 3627 5459 Passione

2088 5494 2368 5568 Christi
2411 5494 2740 5592 praevisa
2799 5504 2872 5568 et
2931 5498 3378 5591 praec1·edita
3422 5500 3629 5572 exhi-

2088 5610 2280 5685 heri.
2357 5614 2483 5685 Est
2526 5611 2752 5685 etiam
2811 5610 3399 5688 Sacramentum
3444 5615 3626 5689 faci-
