4295 6326
312 2607 542 2657 Primum
561 2607 630 2657 A·

309 2670 393 2720 dae
438 2683 627 2733 pecca·

405 2735 541 2781 tum.

358 3181 601 3246 Angelus

303 3259 414 3295 non
463 3257 632 3308 appe-

303 3308 390 3357 tiit
445 3321 632 3371 mqua-

367 3371 570 3419 litatem

420 3433 532 3482 Dei.

673 408 797 475 104

671 603 856 656 vero
970 586 1185 682 prius
1298 585 1673 661 intellexit
1773 608 1881 674 se,
1988 606 2218 681 quam

669 697 896 771 aliam
993 711 1453 795 creaturam,
1537 702 1720 799 quia
1813 700 1999 775 illud
2080 701 2222 773 suit

670 815 814 889 sibi
918 819 1132 916 prius
1244 820 1790 915 intelligibile3
1860 842 2011 891 non
2112 818 2223 892 sic

671 943 923 1007 autem
1007 937 1263 1009 homo.
1357 938 1533 1011 Ideo
1612 936 1809 1010 sicut
1884 936 2216 1033 primum

667 1058 1066 1146 peccatum
1181 1053 1455 1149 Angeli
1578 1053 1713 1126 luit
1825 1052 2217 1148 diligendo

670 1186 750 1237 se
855 1164 1353 1241 immoderate
1458 1190 1717 1242 amore
1830 1168 2212 1258 amicitiae,

667 1270 777 1349 s'ic
873 1277 1207 1376 primum
1315 1289 1710 1378 peccatum
1800 1282 1982 1356 Adae
2081 1282 2217 1356 suit

666 1391 1055 1488 diligendo
1181 1395 1677 1471 immoderate
1813 1398 2214 1472 mulierem

664 1530 924 1583 amore
993 1509 1379 1605 amicitiae,
1448 1536 1602 1585 non
1663 1513 1754 1585 ad
1817 1522 2214 1611 pec-catum

661 1626 943 1714 carnis,
1040 1630 1157 1702 vel
1245 1652 1504 1703 amore
1574 1629 1942 1723 libidinis,
2032 1629 2214 1728 quia

660 1739 852 1814 illud
935 1753 1332 1840 peccatum
1412 1744 1756 1818 nondum
1825 1746 1989 1839 fuit,
2071 1769 2212 1820 nec

660 1856 834 1930 talis
891 1859 1276 1956 appetitus
1327 1860 1836 1948 inordinatuS,
1901 1861 2032 1935 sed
2101 1885 2215 1935 so·

662 1974 821 2046 lum
915 1977 1288 2072 placendo
1366 1988 1629 2052 contra
1725 1980 1968 2075 legem
2042 1979 2207 2053 Dei.

662 2088 756 2164 Et
818 2091 927 2166 sic
1006 2104 1253 2191 potest
1316 2118 1481 2169 esse
1553 2105 1948 2193 peccatum
2019 2096 2217 2171 inter

665 2207 1048 2301 homineS,
1149 2232 1301 2282 non
1405 2210 1809 2306 cogitando
1923 2211 2212 2308 aliquid

664 2333 888 2422 turpe
936 2326 1218 2420 carnis,
1283 2327 1414 2401 sed
1475 2328 1550 2400 iu
1614 2329 1984 2425 placendo
2036 2327 2208 2422 sibi,

664 2463 1137 2539 quamquam
1213 2443 1310 2517 sit
1384 2454 1649 2518 contra
1715 2446 1960 2540 legem
2040 2444 2206 2517 Dei.

664 2558 861 2632 Illud
932 2560 1168 2656 igitur
1232 2561 1371 2634 suit
1420 2561 1751 2659 primum
1812 2572 2209 2660 peccatum

662 2676 874 2769 Adae,
954 2678 1199 2774 primo
1261 2678 1758 2754 immoderate
1824 2680 2212 2776 diligendo

662 2793 1095 2883 mulierem,
1177 2795 1377 2869 sicut
1443 2807 1700 2894 posset
1756 2820 2214 2895 quamcum-

664 2934 813 3009 que
868 2912 1093 2987 aliam
1157 2924 1583 2988 creaturam
1632 2916 2107 2990 rationalem.

762 3031 1122 3105 Secundo
1244 3034 1711 3130 sequebatur
1814 3047 2210 3133 peccatum

666 3148 1007 3246 gravius,
1081 3150 1453 3248 placendo
1503 3151 1646 3226 sibi
1703 3152 1778 3226 in
1858 3177 1949 3228 eo
2007 3156 2215 3251 quod

668 3265 809 3339 fuit.
896 3276 1164 3340 contra
1269 3269 1510 3364 legem
1626 3269 1840 3364 Dei;
1929 3280 2002 3346 et
2106 3272 2215 3345 sic

666 3382 1063 3458 multoties
1132 3383 1574 3482 proceditur
1641 3410 1684 3459 a
1740 3399 2051 3484 peccato
2122 3390 2219 3463 le-

666 3499 862 3574 viori
915 3500 1014 3602 ad¹
1067 3500 1405 3596 gravius.
1464 3501 1623 3576 Nec
1678 3503 1921 3576 voluit
1975 3505 2214 3578 Adam

670 3641 840 3692 esse
890 3618 1214 3714 aequalis
1271 3618 1460 3712 Deo,
1524 3619 1722 3693 sicut
1771 3643 1911 3694 nec
1977 3623 2222 3717 Ange-

672 3736 793 3808 lus
870 3733 1007 3806 suit
1100 3734 1202 3808 ita
1269 3734 1723 3828 obstinatuS‚
1796 3737 1980 3833 quin
2035 3738 2225 3812 vidit

647 3854 819 3952 ¹hoc
919 3875 1085 3926 esse
1182 3851 1629 3950 simpliciter
1717 3853 2217 3952 impossibile.

673 3969 855 4042 Ideo
948 3968 1277 4065 primum
1370 3978 1764 4065 peccatum
1833 3971 2019 4045 Adae
2087 3973 2227 4045 suit

673 4087 916 4159 multo
1016 4084 1287 4179 levius,
1381 4110 1612 4183 quam
1707 4090 1944 4161 multa
2049 4112 2224 4185 quae

673 4200 871 4274 fiunt
983 4201 1208 4275 modo
1314 4226 1357 4275 a
1452 4204 2012 4299 peccatoribUS,
2123 4205 2227 4278 ita

673 4317 878 4415 quod
941 4316 1004 4390 si
1073 4317 1198 4391 ille
1268 4318 1660 4393 debuisset
1719 4319 1953 4394 fuisse
2021 4320 2228 4395 dam-

673 4443 900 4508 natus
1014 4457 1148 4530 pro
1241 4432 1397 4526 itto,
1508 4436 1744 4508 multo
1850 4436 2222 4512 minorem

674 4575 978 4650 poenam
1044 4550 1463 4639 habuisset,
1524 4576 1755 4650 quam
1819 4556 2033 4627 multi
2095 4557 2227 4652 qui

685 4667 907 4740 modo
959 4666 1423 4740 damnantur
1465 4692 1598 4764 pro
1651 4670 1981 4766 peccatis
2036 4672 2223 4745 suis,

330 4807 610 4879 Peccatum
681 4782 962 4855 Tamen
1025 4804 1264 4853 unum
1321 4794 1714 4875 peccatum
1767 4795 2015 4881 potest
2081 4786 2230 4859 dici

334 4883 637 4994 atram„

332 4996 491 5045 modo
539 4995 623 5045 sit.

685 4893 935 4989 majus
992 4891 1172 4985 atio,
1243 4894 1361 4967 vel
1433 4895 1614 4992 quia
1680 4896 2008 4992 bonitaS,
2081 4923 2235 4996 qua

685 5009 936 5108 privat
979 5008 1396 5082 formaliter
1428 5022 1900 5107 peccantem,
1926 5025 2041 5087 est
2084 5038 2234 5089 ma-

675 5127 800 5224 jor
854 5148 1082 5222 quam
1143 5125 1472 5220 bonitaS,
1529 5151 1683 5224 qua
1723 5129 1968 5225 privet
2026 5132 2235 5204 aliud

685 5253 1112 5343 peccatum,
1159 5244 1276 5317 vel
1331 5244 1513 5340 quia
1552 5255 1948 5342 peccatum
1995 5272 2232 5321 unum

685 5374 800 5439 est
867 5372 1131 5436 contra
1200 5362 1423 5458 plura
1481 5374 1890 5463 praecepta,
1955 5375 2027 5441 et
2091 5390 2239 5440 ma-

687 5481 804 5577 gis
872 5479 1113 5553 ardua
1207 5502 1438 5576 quam
1517 5479 1612 5553 sit
1687 5481 1921 5555 aliud.
2013 5483 2238 5558 Nunc

689 5603 942 5667 autem
1000 5602 1274 5665 neutro
1345 5594 1571 5667 modo
1631 5594 1772 5668 fuit
1837 5608 2234 5694 peccatum

2097 409 2337 478 LIBRI
2384 410 2470 477 11.

2333 584 2664 681 primum
2718 585 2901 659 Adae
2958 584 3407 676 maximum,
3465 604 3619 655 non
3672 579 3877 655 enim

2330 700 2682 798 privabat
2749 701 3169 775 formaliter
3233 699 3572 774 bonitate
3642 694 3879 769 maxi-

2332 839 2481 910 ma,
2546 816 2728 913 quia
2784 840 2936 889 non
2997 816 3137 889 suit
3199 814 3400 888 circa
3460 812 3873 886 maximum

2327 931 2648 1024 bonum,
2803 931 2944 1005 etsi
3050 930 3418 1003 indirecte
3531 925 3880 1025 privabat
3986 958 3997 969 ·

2327 1047 2530 1120 bono
2599 1046 3003 1139 maximo;
3085 1067 3339 1142 neque
3409 1042 3547 1116 suit
3614 1049 3879 1115 contra

2327 1163 2871 1238 arduissimum
2978 1170 3446 1260 praeceptum
3560 1158 3871 1249 directe,

2327 1303 2578 1377 neque
2673 1288 2938 1354 contra
3025 1280 3250 1375 plura
3345 1275 3613 1368 ardua,
3695 1273 3879 1370 quia

2326 1396 2657 1495 primum
2741 1405 3207 1494 praeceptum
3291 1403 3464 1468 est:
3545 1390 3875 1488 Diliqes,

2325 1523 2468 1589 etc.
2543 1512 2998 1606 secundum,
3066 1512 3158 1586 de
3247 1508 3652 1584 dilectione
3712 1531 3878 1605 pro-

2322 1629 2536 1703 ximi.
2648 1629 2929 1702 Contra
3032 1627 3366 1726 primum
3471 1648 3629 1697 non
3738 1622 3878 1696 fuit
3905 1651 4189 1703 Peccatum

2323 1745 2635 1839 directe,
2723 1768 2977 1842 neque
3057 1751 3325 1818 contra
3417 1739 3870 1831 secundum,
3930 1714 4189 1842 ῗῃῆῗζζῗ

2323 1863 2506 1960 quia
2569 1886 2930 1938 excessus
3006 1860 3375 1957 diligendi
3439 1858 3696 1931 minus
3763 1867 3876 1932 est
3904 1841 4191 1897 ‘'³⁸⁸³mum’

3904 1917 4006 1954 ΠΕΟ
4042 1909 4214 1953 contra

2322 1978 2605 2053 directe
2668 1990 2931 2053 contra
2989 1978 3121 2052 illa
3177 1986 3591 2075 praecepta,
3640 1997 3871 2071 quam
3951 1966 4189 2092 gr‘gssg'ffi

2322 2098 2419 2170 sit
2494 2097 2751 2171 odium
2837 2096 2976 2170 Dei
3052 2098 3173 2170 vel
3256 2093 3610 2193 proximi,
3712 2101 3872 2167 esto
3904 2096 4191 2204 etffirstg‘ff

2322 2212 2528 2310 quod
2624 2214 2833 2287 Deus
2936 2221 3191 2310 posset
3257 2210 3450 2284 odiri
3527 2211 3572 2280 ⁹.
3649 2208 3872 2282 Nunc
3956 2216 4188 2329 gffiffin

2321 2339 2577 2404 autem
2674 2339 3056 2426 pecatum,
3138 2328 3341 2425 quod
3406 2327 3689 2400 solum
3760 2333 3872 2399 est
3901 2341 4121 2454 {Vide
4149 2314 4197 2391 ci.

2321 2455 2749 2543 peccatum,
2813 2444 2995 2541 quia
3054 2443 3557 2542 prohibitum,
3613 2440 3870 2515 minus
3937 2409 4218 2516 ’φαμι

2321 2574 2435 2638 est
2564 2573 2959 2662 peccatum
3075 2561 3519 2654 formaliter,
3635 2582 3865 2656 quam

2323 2682 2511 2756 illud
2598 2680 2800 2779 quod
2900 2680 2975 2752 in
3047 2702 3127 2753 se
3206 2679 3492 2752 malum
3582 2686 3721 2763 est,
3798 2685 3868 2748 et

2321 2822 2472 2872 non
2529 2798 2712 2895 quia
2769 2797 3267 2895 prohibitum.
3326 2796 3551 2869 Nunc
3611 2803 3866 2870 autem

2321 2916 2721 2990 comedere
2790 2915 2881 2989 de
2950 2914 3080 2988 illo
3157 2913 3396 3009 ligno,
3469 2936 3622 2987 non
3694 2912 3869 3009 plus

2322 3031 2462 3106 fuit
2554 3041 2950 3129 peccatum
3047 3030 3139 3104 de
3234 3052 3518 3127 genere
3623 3037 3866 3122 actuS,

2324 3172 2554 3246 quam
2650 3148 2742 3223 de
2837 3146 2986 3222 alio
3077 3146 3319 3243 ligno,
3409 3145 3539 3220 sed
3620 3145 3869 3219 solum

2325 3266 2507 3364 quia
2574 3265 3071 3363 prohibitum.
3154 3264 3303 3339 Sed
3373 3262 3634 3338 omnia
3690 3286 3873 3360 pec-
3903 3283 4213 3335 comedere

3904 3347 3972 3396 de
3993 3347 4148 3410 ligno
4164 3359 4244 3393 ve·

3936 3410 4074 3467 tito,
4114 3408 4220 3457 ruit

2326 3393 2518 3476 cata,
2595 3405 2770 3479 qua}
2837 3391 3017 3454 sunt
3074 3381 3275 3454 circa
3347 3380 3608 3454 decem
3670 3402 3873 3476 prae—

2327 3507 2571 3595 cepta,
2645 3497 3061 3571 formaliter
3119 3521 3270 3570 non
3344 3504 3639 3570 tantum
3692 3505 3874 3569 sunt
3904 3475 4250 3598 gssffuffi-

2329 3616 2558 3708 mala,
2654 3614 2836 3711 quia
2937 3613 3347 3712 prohibita,
3456 3612 3587 3686 sed
3692 3612 3875 3708 quia
3947 3597 4219 3647 hibimm·

2333 3732 2559 3823 mala,
2618 3730 2789 3804 ideo
2849 3729 3260 3827 prohibita,
3318 3729 3504 3826 quia
3561 3752 3653 3803 ex
3708 3729 3877 3822 lege

2332 3857 2628 3921 naturae
2715 3846 3148 3944 oppositum
3238 3844 3647 3941 cujuslibet
3742 3841 3880 3915 fuit

2337 3965 2685 4056 malum,
2775 3972 2849 4036 et
2927 3986 3063 4060 per
3138 3963 3566 4034 naturalem
3642 3957 3882 4031 ratio-

2333 4104 2510 4155 nem
2620 4091 2868 4177 potest
2958 4082 3186 4153 homo
3290 4077 3577 4164 videre,
3673 4075 3880 4172 quod

2334 4196 2729 4295 quodlibet
2812 4205 3282 4294 proeceptum
3366 4218 3457 4269 ex
3542 4192 3688 4266 illis
3768 4201 3885 4265 est

2332 4315 2777 4390 tenendum.

2432 4431 2672 4505 Adam
2734 4430 2966 4527 igitur
3020 4453 3108 4504 ex
3169 4429 3301 4503 illo
3362 4426 3733 4527 peccavit,
3803 4437 3886 4501 ut
4063 4437 4141 4500 4.

2339 4552 2530 4624 foret
2632 4547 2913 4641 socius,
2999 4547 3197 4622 sicut
3272 4546 3487 4620 multi
3576 4554 3887 4644 propter
3916 4548 4177 4662 22¹1ssssss
4180 4549 4254 4662 sug

2340 4667 2779 4742 societatem
2838 4688 3327 4740 communem
3396 4664 3684 4738 faciunt
3761 4664 3888 4736 in-
3988 4652 4254 4785 gravii-2

2342 4786 2665 4857 honesta
2721 4792 2986 4857 contra
3047 4783 3186 4856 Dei
3255 4791 3660 4880 praecepta.
3722 4781 3891 4854 Mu-
3957 4751 4210 4801 pacm

2344 4901 2483 4973 lier
2559 4908 2810 4973 tamen
2900 4898 3215 4973 seducta
3297 4906 3482 4985 erat,
3570 4907 3643 4972 et
3726 4897 3894 4994 ipsa

2344 5014 2791 5113 simpliciter
2903 5014 3216 5110 gravius
3343 5014 3713 5111 peccavit,
3821 5022 3897 5087 et

2346 5131 2872 5230 multipliciuS,
2939 5154 3074 5228 per
3118 5154 3199 5204 se
3250 5129 3664 5227 loquendo.
3723 5130 3900 5227 Ipsa

2346 5250 2550 5325 enim
2614 5273 2706 5324 ex
2763 5247 3019 5322 verbis
3076 5246 3455 5343 serpentis
3512 5247 3708 5321 bene
3770 5268 3900 5343 po·

2349 5366 2492 5439 tuit
2602 5363 2892 5456 seduci,
2982 5372 3055 5437 et
3160 5384 3481 5459 peccare
3581 5369 3895 5459 peccato

2350 5480 2685 5578 graviori
2763 5502 2992 5577 quam
3070 5478 3375 5572 Adam3
3437 5476 3622 5552 dixit
3690 5476 3892 5552 enim

2352 5621 2670 5698 serpens
2724 5597 2896 5691 sibi,
2960 5595 3183 5670 eritis
3210 5596 3411 5670 sicut
3454 5595 3572 5670 dii
3600 5622 3619 5689 ;
3653 5593 3895 5670 Adam
