4295 6326
631 451 755 521 196
2052 443 2293 515 LIBRI
2340 445 2429 518 11.

630 627 798 701 vult
844 649 1013 701 eam
1044 626 1297 720 velle3
1351 623 1544 697 nihil
1602 631 1858 697 autem
1900 620 2179 718 impos-

634 743 962 820 sibiliuS.

403 875 508 942 11.
732 861 992 935 Prima
1031 860 1347 935 istarum
1395 857 1777 946 rationum
1821 881 1973 931 non
2005 879 2184 930 con-

285 991 603 1103 Sfflffiaffgsc-
638 978 903 1072 cludit,
966 1001 1143 1052 nam
1210 1000 1363 1050 non
1433 975 1836 1074 sequitur:
1909 973 1972 1047 si
2040 974 2186 1046 ho-

306 1116 579 1168 adduetus.
640 1094 845 1169 mine
897 1094 1243 1192 sapiente
1286 1103 1596 1167 auctore
1656 1115 1809 1165 non
1880 1090 1963 1163 fit
2041 1091 2184 1163 ho-

636 1238 759 1287 mo
804 1212 1160 1304 deterior,
1233 1210 1466 1307 igitur
1508 1233 1648 1284 nec
1696 1210 1855 1282 Deo
1916 1216 2185 1282 aucto-

638 1355 745 1425 re,
786 1329 970 1427 quia
1002 1331 1231 1403 homo
1261 1328 1569 1425 sapiens
1600 1349 1753 1399 non
1789 1333 2180 1423 operatur,

633 1470 776 1521 nec
817 1451 1274 1543 cooperatur
1304 1443 1398 1517 ad
1441 1444 1611 1535 boc,
1657 1441 1861 1539 quod
1903 1438 2185 1538 aliquis

634 1571 924 1662 peccet,
987 1560 1171 1658 quia
1236 1569 1422 1633 tunc
1490 1583 1643 1633 non
1712 1565 2052 1631 maneret
2105 1554 2184 1628 in

637 1680 1036 1774 charitate,
1085 1702 1263 1754 cum
1303 1686 1610 1752 tenetur
1644 1675 1964 1772 diligere
2006 1698 2189 1772 pro-

636 1797 930 1871 ximum
1016 1795 1216 1870 sicut
1290 1794 1696 1891 seipsum3
1768 1793 1900 1867 sed
1978 1791 2188 1865 Deus

639 1938 793 1989 non
851 1913 961 1988 sic
1017 1921 1322 1986 tenetur
1377 1909 1698 2006 diligere
1764 1907 2184 2001 hominem,

641 2031 838 2105 sicut
892 2028 1232 2127 seipsum
1279 2056 1296 2120 ;
1369 2026 1604 2123 igitur
1651 2025 1812 2099 Deo
1878 2032 2190 2098 auctore

640 2154 888 2246 potest
940 2147 1170 2219 horno
1230 2141 1397 2217 fieri
1449 2140 1806 2234 deterior,
1862 2142 2005 2213 hoc
2045 2147 2187 2230 est,

642 2288 799 2338 nou
858 2271 1348 2359 cooperante,
1393 2257 1576 2356 quia
1629 2257 1737 2331 sic
1776 2258 2026 2332 solum
2080 2263 2195 2329 est

646 2377 1066 2478 quaerenda
1127 2398 1360 2451 causa
1398 2371 1880 2472 privationis,
1939 2380 2012 2445 et
2052 2372 2195 2445 ho-

650 2519 772 2570 mo
841 2494 949 2569 sic
997 2517 1152 2566 non
1218 2500 1479 2590 posset
1554 2513 1708 2563 non
1768 2485 2192 2586 cooperari,

648 2623 722 2689 et
786 2633 1095 2686 manere
1159 2610 1237 2682 in
1303 2607 1697 2694 charitate,
1773 2605 1903 2680 ubi
1971 2600 2199 2680 sciret

648 2731 853 2829 quod
897 2752 1052 2803 non
1095 2725 1491 2825 cooperari
1526 2726 1718 2800 soret
1756 2747 1991 2798 causa
2032 2745 2202 2820 pec-

653 2847 799 2922 cati
851 2846 929 2919 in
990 2843 1365 2943 proximo.

752 2962 1110 3037 Secunda
1149 2959 1339 3035 ratio
1383 2983 1535 3033 non
1579 2957 1990 3047 concludit,
2053 2954 2202 3029 nisi

658 3084 750 3157 de
864 3103 1093 3155 causa
1189 3087 1462 3175 agente
1556 3075 2031 3150 naturaliter.
2123 3069 2204 3146 Si

658 3199 864 3275 enim
920 3197 1017 3272 ad
1082 3195 1606 3271 causalitatem
1665 3215 1919 3267 causae
1981 3199 2208 3264 natu-

661 3314 843 3388 ralis
894 3311 1221 3410 pertinet
1287 3333 1515 3386 omne
1584 3308 1788 3406 quod
1847 3317 1986 3401 est,
2042 3306 2210 3404 ipsa

663 3456 818 3505 non
884 3437 1133 3528 potest
1197 3429 1676 3516 subtrahere,
1750 3448 1891 3499 nec
1981 3422 2213 3497 dimi-

667 3571 906 3623 nuere
948 3546 1259 3643 aliquod
1294 3568 1477 3620 esse.
1516 3544 1665 3618 Sed
1709 3565 1943 3617 causa
1972 3541 2215 3615 libera

669 3667 864 3740 bene
906 3671 1153 3761 potest
1211 3686 1363 3736 non
1424 3661 1634 3753 dare,
1697 3683 1872 3733 cum
1916 3658 2081 3755 ipsa
2120 3655 2218 3729 sit

675 3780 921 3853 totalis
952 3802 1186 3854 causa
1232 3776 1570 3852 entitatis
1598 3803 1616 3869 3
1676 3775 1874 3849 unde
1922 3773 1985 3846 si
2030 3770 2218 3845 ratio

672 3894 1191 3987 concluderet,
1229 3893 1586 3990 probaret
1617 3890 1822 3988 quod
1863 3888 2222 3962 voluntas

672 4024 934 4088 nostra
998 4035 1151 4084 non
1222 4019 1481 4108 posset
1542 4031 1708 4083 esse
1769 4029 2002 4081 causa
2068 4029 2222 4079 non

676 4152 832 4203 esse
872 4125 1226 4221 alicujus,
1264 4124 1484 4221 cujus
1515 4132 1629 4197 est
1666 4122 1920 4197 totalis
1960 4143 2220 4195 causa.

772 4242 1021 4317 Tertia
1089 4241 1281 4315 ratio
1341 4263 1496 4312 non
1567 4236 1982 4324 concludit,
2047 4235 2231 4331 quia

679 4363 811 4435 illa
868 4359 1059 4434 ratio
1134 4357 1559 4432 secundum
1632 4355 1838 4429 illam
1911 4352 2232 4427 distinc-

680 4480 968 4552 tionem
1047 4474 1541 4549 concluderet
1606 4471 1808 4569 quod
1874 4493 2017 4565 ego
2076 4492 2232 4542 non

685 4615 991 4692 possem
1080 4611 1424 4688 peccaro,
1489 4588 1670 4686 quia
1734 4586 1797 4660 si
1879 4586 2016 4677 sie,
2107 4589 2239 4658 aut

616 4768 627 4778 ,
688 4714 850 4785 Deo
918 4711 1255 4801 volente,
1326 4716 1458 4782 aut
1523 4708 1895 4791 nolente;
1964 4702 2027 4778 si
2096 4726 2241 4775 no-

694 4830 925 4920 lonte,
1010 4824 1451 4925 prohiberet
1533 4846 1652 4896 me
1726 4842 2105 4919 peccare3
2179 4817 2242 4891 si

695 4944 1029 5035 volente,
1118 4963 1294 5014 cum
1400 4939 1757 5012 voluntas
1823 4935 1921 5010 sit
2009 4942 2241 5027 recta,

697 5084 874 5157 quae
971 5059 1136 5132 vult
1229 5056 1433 5155 quod
1522 5055 1731 5129 Deus
1823 5054 1988 5127 vult
2077 5074 2245 5126 eam

698 5179 924 5271 velle,
1011 5176 1243 5273 igitur
1318 5198 1473 5248 non
1546 5195 1968 5271 peccarem,
2068 5167 2251 5267 quia

702 5295 910 5369 Deus
977 5295 1141 5366 vult
1201 5316 1320 5366 me
1378 5313 1722 5389 peccare.
1794 5288 1953 5362 Nec
2021 5286 2250 5361 etiam

702 5412 1052 5511 sequitur
1131 5409 1321 5483 illud
1397 5406 1982 5499 inconvenienS,
2045 5402 2253 5500 quod

703 5532 913 5604 Deus
996 5526 1164 5599 vult
1255 5547 1422 5600 eam
1519 5525 1717 5598 velle
1804 5520 2009 5619 quod
2096 5541 2254 5593 non

704 5648 869 5722 vult
944 5667 1114 5718 eam
1200 5642 1426 5732 velle,
1527 5639 1954 5715 secundum
2049 5634 2256 5733 quod

2284 622 2477 696 nihil
2530 629 2643 698 est
2697 619 2839 693 isto
2882 607 3464 712 impossibilius,
3522 597 3706 699 quia
3772 593 3836 670 si

2285 748 2584 838 oportet
2646 734 2851 835 quod
2942 730 3038 806 sit
3131 726 3238 801 ibi
3303 714 3831 805 contradictiO,

2285 857 2520 953 igitur
2603 854 2813 927 Deus
2899 850 2992 922 de
3069 839 3412 944 potentia
3487 833 3840 910 absoluta

2286 1092 2710 1180 voluntate,
2803 1105 2942 1157 nec
3020 1080 3475 1152 llbertatem.
3549 1068 3841 1139 Conse—
3873 1070 3953 1117 An
3987 1067 4193 1164 potest·

2289 1231 2535 1306 quens
2590 1215 2704 1280 est
2769 1204 3074 1291 falsum,
3120 1194 3302 1293 quia
3344 1191 3554 1263 Deus
3593 1189 3841 1282 potest
3875 1196 4196 1305 τῗεζῗιέιὶἓζα.

2290 1347 2608 1400 causare
2651 1321 2864 1420 prius
2905 1314 3071 1390 sine
3122 1302 3554 1407 posteriori,
3599 1307 3673 1372 et
3734 1316 3841 1368 sic
3895 1319 4165 1369 ubertate.

2291 1460 2780 1517 conservare.
2843 1434 3034 1506 Cum
3095 1425 3331 1523 igitur
3369 1427 3646 1493 natura
3710 1434 3846 1484 vo-

2291 1556 2606 1633 luntatis
2672 1554 2770 1626 sit
2835 1548 3048 1648 prior
3088 1543 3437 1617 libertate
3492 1542 3566 1608 et
3618 1527 3848 1604 recti-

2292 1674 2584 1761 tudine,
2630 1671 2841 1744 Deus
2900 1669 3162 1762 posset
3217 1677 3460 1732 unum
3532 1666 3848 1723 conser-

2290 1814 2502 1883 vare,
2561 1785 2769 1863 aliud
2826 1805 3010 1857 non.

2390 1910 2704 1998 Quarto,
2764 1898 3177 2001 apponitur
3212 1892 3400 1967 ratio
3443 1885 3847 1982 magistra-
3973 1890 4077 1955 12.

2297 2026 2389 2100 lis
2471 2023 2564 2097 ad
2656 2014 3233 2094 conclusionem
3330 2006 3411 2079 in
3479 2000 3842 2100 priorem,
3878 2004 4206 2056 D.Thom.1.

2296 2138 2723 2217 secundum
2783 2131 2986 2231 quod
3050 2127 3339 2201 malum
3402 2140 3651 2218 poenae
3709 2137 3849 2212 po-
3878 2069 4204 2181 p‘q‘⁴{·⁸“·

2296 2268 2444 2334 test
2509 2278 2674 2331 esse
2752 2278 2798 2326 a
2864 2250 3055 2339 De0,
3125 2242 3261 2319 sed
3327 2262 3484 2313 non
3553 2233 3843 2308 malum
3878 2194 4180 2332 ⁸}¹1‘'0‘<⁸‚}‚¹5‘.‘

2299 2377 2576 2473 culpae,
2657 2369 2840 2468 quia
2903 2386 3134 2463 poena
3201 2362 3578 2455 repugnat
3645 2350 3846 2422 bono
3877 2333 4039 2370 ”¹⁰⁰⁸
4083 2324 4210 2370 'm‘

2301 2499 2674 2566 creaturae
2733 2479 3206 2569 formaliter3
3270 2472 3402 2548 sed
3435 2469 3664 2566 culpa
3730 2487 3853 2539 re-

2302 2614 2595 2707 pugnat
2717 2602 2919 2675 bono
3039 2592 3301 2669 divino
3402 2582 3848 2670 formaliter,

2303 2724 2485 2824 quia
2525 2718 2938 2819 opponitur
3004 2706 3392 2786 dilectioni
3451 2700 3620 2796 Dei,
3700 2719 3856 2795 qua

2304 2845 2514 2918 Deus
2567 2841 2644 2912 in
2705 2861 2786 2912 se
2827 2835 2993 2932 ipso
3035 2835 3360 2905 amatur.

2402 2957 2551 3033 Sed
2607 2956 2740 3028 illa
2778 2950 2969 3025 ratio
3013 2946 3269 3019 minus
3336 2940 3565 3030 valet,
3609 2932 3857 3033 primo
3904 2958 4190 3023 Rejicitur.

2308 3077 2514 3154 enim
2564 3070 2912 3170 sequitur
2952 3064 3158 3165 quod
3200 3059 3393 3134 nihil
3436 3057 3512 3129 in
3555 3051 3863 3128 entibus

2312 3193 2554 3294 possit
2592 3210 2909 3265 causare
2943 3190 3377 3282 peccatum,
3433 3173 3616 3274 quia
3656 3171 3866 3244 Deus

2314 3310 2503 3385 illud
2593 3329 2746 3380 non
2835 3299 3335 3400 permitteret,
3424 3288 3624 3389 quod
3724 3283 3867 3359 sibi

2317 3435 2722 3528 repugnat,
2767 3421 2950 3520 quia
2990 3417 3053 3493 si
3101 3422 3304 3492 esset
3356 3409 3690 3486 calidum
3751 3404 3875 3477 in-

2319 3544 2623 3618 finitum
2675 3540 2752 3611 in
2829 3545 3135 3624 natura,
3207 3528 3272 3603 si
3331 3531 3641 3625 propter
3707 3518 3875 3615 ejus

2321 3660 2786 3754 activitatem
2849 3677 3000 3727 non
3074 3647 3318 3748 possit
3372 3640 3673 3719 causari
3733 3636 3875 3711 sibi

2328 3796 2771 3875 repugnans
2835 3766 3251 3844 formaliter
3326 3786 3370 3836 a
3432 3780 3668 3833 causa
3730 3755 3882 3827 sor-

2325 3892 2500 3968 tiori
2569 3891 2645 3963 in
2702 3886 3034 3968 entibus,
3118 3878 3353 3976 igitur
3423 3875 3659 3947 multo
3731 3870 3886 3943 for-

2332 4010 2480 4083 tius
2534 4004 3008 4105 permitteret
3051 3997 3123 4070 id
3177 3993 3342 4069 fieri
3384 4015 3429 4065 a
3468 4010 3702 4065 causa
3748 3985 3885 4059 de-

2338 4123 2616 4200 biliori.
2717 4119 2795 4194 Si
2877 4116 3112 4213 igitur
3188 4112 3413 4208 culpa
3508 4110 3888 4203 repugnat

2339 4240 2753 4318 formaliter
2818 4237 3022 4309 bono
3092 4230 3383 4320 divinO,
3451 4247 3627 4299 cum
3695 4217 3887 4293 illud

2341 4360 2437 4435 sit
2468 4356 2890 4447 infinitum,
2929 4376 3082 4424 non
3123 4344 3508 4445 permittet
3550 4339 3890 4435 aliquam

2341 4479 2650 4575 culpam
2709 4472 2786 4545 in
2848 4467 3180 4545 entibus.
3264 4464 3556 4536 Praeter
3622 4457 3768 4529 hoc
3827 4451 3890 4526 si

2344 4594 2572 4692 culpa
2631 4598 2833 4666 esset
2889 4586 3293 4660 destruens
3334 4579 3626 4653 bonum
3693 4568 3896 4644 divi-

2346 4733 2531 4785 num
2587 4703 3028 4791 formaliter,
3075 4700 3270 4773 sicut
3313 4696 3436 4770 ille
3468 4691 3674 4781 dicit,
3713 4699 3896 4762 tunc

2348 4831 2549 4899 esset
2589 4828 2856 4895 contra
2895 4817 3182 4890 bonum
3215 4818 3589 4884 creaturae
3632 4806 3903 4879 forma-

2351 4941 2548 5031 liter,
2585 4945 2658 5011 et
2690 4938 2834 5009 hoc
2865 4940 3158 5006 tantum
3203 4927 3279 4999 in
3323 4935 3496 5000 actu
3528 4919 3897 5012 secundO,

2353 5057 2551 5131 sicut
2591 5060 2839 5152 potest
2879 5047 3027 5123 dici
3069 5045 3274 5143 quod
3324 5040 3570 5138 gratia
3607 5047 3723 5112 est
3760 5036 3904 5109 bo-

2355 5193 2541 5245 num
2600 5167 2974 5250 divinum,
3012 5160 3196 5258 quia
3243 5182 3287 5233 a
3335 5157 3497 5231 solo
3528 5153 3703 5251 {Deo
3764 5150 3905 5224 da-

2359 5300 2508 5379 tur,
2569 5293 2644 5358 et
2700 5283 2910 5355 illam
2970 5277 3219 5375 privat
3271 5274 3498 5370 culpa
3535 5276 3835 5342 tantum
3880 5292 3899 5358 ;

2359 5406 2593 5503 igitur
2661 5396 3178 5497 metaphorice
3211 5403 3326 5469 est
3364 5391 3591 5488 culpa
3639 5394 3907 5462 contra

2361 5525 2653 5599 bonum
2702 5515 3082 5592 divinum.
