4295 6326
416 2633 520 2700 16.

359 3793 556 3865 Omnes

298 3864 600 3932 contraxis-

295 3936 351 3972 se
385 3933 615 4033 ossgma-

621 438 770 505 '162

1150 755 1510 813 SCHOLIUM
1551 754 1671 811 v11.

708 907 1037 965 Resolvitur
1067 907 1254 979 prima
1293 906 1536 980 quaeetio
1585 904 1721 960 dist.
1762 904 1851 960 30.
1910 900 2180 975 parvulos

637 997 975 1053 contrahere
1025 999 1329 1068 peccatum
1387 994 1687 1066 originale.
1737 992 1879 1049 Vide
1923 1009 2025 1064 pro
2071 991 2182 1047 boc

636 1088 963 1160 Scripturas
995 1091 1052 1143 et
1110 1085 1366 1143 Concilia
1397 1086 1454 1142 in
1487 1085 1667 1142 Oxon.
1719 1085 1800 1139 ibi
1844 1083 1902 1138 in
1950 1081 2180 1138 Scholio

633 1179 828 1236 citata.
882 1176 1133 1233 Resolvit
1190 1179 1365 1232 etiam
1421 1184 1622 1247 quaest.
1683 1175 1817 1230 dist.
1876 1174 1964 1229 31.
2025 1172 2179 1243 quod

631 1265 914 1339 originale
945 1281 1058 1321 non
1091 1263 1457 1321 contrabitur
1502 1281 1569 1320 ex
1598 1280 1769 1319 carne
1817 1260 2178 1331 concupisci-

629 1357 825 1414 biliter
846 1357 1151 1420 seminata,
1185 1355 1351 1427 quasi
1385 1354 1587 1410 illesic
1612 1362 1808 1410 causet
1839 1352 2177 1424 qualitatem

630 1444 986 1510 morbidam,
1019 1444 1120 1498 sed
1151 1441 1533 1509 contrabitur,
1569 1441 1707 1513 quia
1734 1440 1997 1513 gignitur
2024 1439 2181 1495 filius

631 1532 788 1601 Adae,
823 1532 1042 1587 babens
1075 1530 1336 1586 debitum
1369 1526 1669 1600 originalis
1699 1528 1965 1602 jtistitiae,
2024 1526 2180 1600 quod

633 1626 720 1679 est
775 1636 1042 1693 expresse
1098 1618 1383 1676 Aneelmi.
1438 1617 1701 1690 Explicat
1726 1618 1985 1689 exemplo
2043 1618 2181 1690 equi

635 1712 760 1768 eine
806 1713 1005 1777 l'raenO,
1040 1708 1331 1780 quomodo
1357 1706 1566 1762 amissa
1600 1706 1836 1778 justitia
1887 1706 2180 1778 originali,

634 1799 925 1855 efficimur
963 1798 1248 1862 effraenes„
1272 1799 1569 1852 currentes
1599 1803 1725 1867 post
1770 1794 2179 1865 concupiscen-

634 1890 745 1945 tiae
777 1896 1029 1955 nostrae,
1061 1887 1189 1943 eine
1216 1885 1410 1956 aliquo
1442 1884 1688 1956 positivo
1715 1885 1771 1940 in
1821 1887 1995 1941 nobis
2045 1902 2179 1940 cau-

636 1984 783 2036 sato.
845 1978 987 2034 Vide
1036 1993 1166 2033 eum
1227 1978 1285 2032 in
1338 1979 1519 2033 Oxou.
1581 1975 1718 2031 dist.
1769 1976 1858 2032 32.
1895 1992 2056 2032 num.
2087 1976 2179 2032 22.

634 2069 819 2125 Solvit
861 2069 1033 2123 etium
1084 2072 1285 2138 quaest.
1346 2065 1486 2121 dist.
1543 2065 1632 2119 32.
1693 2065 1844 2137 quod
1897 2063 2183 2142 originale

632 2159 949 2217 remittitur
1006 2173 1106 2228 per
1163 2156 1439 2228 Baptismi
1503 2157 1768 2227 gratiam,
1846 2173 1946 2228 per
2007 2162 2180 2227 quam

630 2248 853 2307 tollitur
889 2247 1150 2304 debitum
1183 2244 1431 2301 habendi
1467 2245 1761 2317 justitiam
1811 2244 2178 2317 originalem.

634 2340 772 2397 Vide
803 2342 860 2395 in
892 2343 1074 2396 Oxon.
1106 2337 1300 2395 Schol.
1354 2337 1411 2393 d.
1461 2337 1552 2393 32.
1616 2352 1779 2391 num.
1822 2336 1912 2391 ⁴3.
1945 2335 2043 2392 ubi
2075 2337 2184 2393 boc

637 2432 975 2502 explicatur.

743 2609 854 2684 De
895 2607 1234 2684 secundo
1268 2605 1619 2705 quaesitO,
1655 2628 1752 2680 an
1787 2606 1934 2679 tale
1975 2604 2073 2679 sit
2101 2604 2178 2677 in

650 2726 1039 2819 univerSO,
1074 2724 1194 2802 cui
1239 2722 1599 2821 competit
1640 2723 1808 2796 hoec
1840 2721 2184 2820 descrip-

645 2846 750 2919 tio
816 2843 1183 2935 nominis,
1257 2851 1331 2915 et
1404 2848 1722 2937 apparet
1777 2840 1979 2937 quod
2040 2839 2178 2934 sic,

642 2960 826 3058 quia
853 2957 1104 3033 omnis
1152 2955 1359 3030 filius
1417 2954 1791 3029 naturalis
1842 2954 2028 3029 Adae
2069 2965 2185 3030 est

642 3072 939 3146 debitor
972 3068 1294 3169 justitiae
1353 3067 1774 3165 originalia„
1842 3068 2026 3166 quia
2058 3091 2185 3143 ca-

642 3200 757 3266 ret
783 3214 874 3264 ea
913 3212 1049 3287 per
1081 3197 1334 3263 actum
1371 3185 1735 3283 parentis,
1772 3196 1846 3261 et
1886 3210 2022 3284 per
2053 3211 2185 3263 ac-

642 3306 1074 3405 ceptionem
1106 3303 1444 3402 parentis
1476 3312 1589 3378 est
1639 3303 1963 3398 debitor,
2003 3306 2186 3403 quia

644 3423 1129 3497 manifestum
1167 3420 1521 3518 estquod
1581 3418 1789 3494 filius
1842 3445 1994 3495 non
2041 3425 2185 3496 ha-

642 3541 769 3615 het
808 3563 1004 3633 eam,
1051 3537 1233 3636 quia
1262 3561 1415 3611 non
1459 3537 1689 3610 sentit
1734 3538 1938 3612 illam
1975 3521 2186 3613 tran-

646 3656 1130 3756 quillitatem,
1211 3679 1386 3752 quae
1453 3663 1567 3729 est
1617 3653 1931 3730 effeetus
1985 3655 2178 3752 ejus,

647 3773 866 3862 Quod
906 3771 1114 3845 silius
1142 3770 1238 3844 sit
1267 3770 1564 3844 debitor
1603 3794 1741 3869 per
1806 3772 2186 3869 acceptio-

648 3914 825 3966 nem
881 3888 1247 3987 parentis,
1297 3886 1563 3984 probat
1632 3889 2045 3962 Anselmus
2091 3888 2185 3962 de

651 4008 1008 4104 Concept.
1081 4003 1369 4101 Vz'rqin.
1431 4026 1596 4099 cap.
1641 4001 1760 4076 27.
1825 4004 2007 4101 quia
2067 4013 2188 4079 to-

643 4133 795 4198 tam
841 4130 1194 4196 naturam
1264 4117 1555 4215 accepit
1612 4118 1881 4215 Adam,
1944 4129 2014 4194 et
2056 4143 2189 4195 ac-

641 4239 842 4337 cepit
886 4235 1267 4334 justitiam
1325 4233 1780 4330 originalem
1841 4259 1978 4332 pro
2030 4244 2188 4309 tota

639 4365 959 4442 natura;
995 4352 1230 4450 igitur
1262 4373 1398 4447 per
1473 4352 1618 4423 hoc
1658 4350 1799 4424 fuit
1856 4359 2009 4426 tota
2060 4375 2188 4425 na·

641 4483 814 4547 tura
853 4468 1205 4559 debitrix,
1264 4475 1337 4540 et
1400 4465 1640 4539 Adam
1704 4466 1958 4541 amisit
2014 4490 2186 4542 eam

641 4613 779 4689 pro
813 4596 969 4661 tota
999 4595 1300 4677 natura,
1329 4591 1403 4657 et
1433 4583 1541 4657 sic
1577 4593 1972 4680 peccatum
2000 4585 2186 4660 Adae

643 4713 953 4781 accusat
1018 4711 1372 4775 naturam
1456 4701 1787 4792 nudam3
1861 4711 1936 4776 et
2013 4702 2189 4776 licet

644 4830 904 4922 posset
954 4819 1192 4893 Adam
1229 4817 1628 4893 restituere
1691 4819 1905 4909 illud,
1964 4821 2185 4918 cujus

647 4938 785 5012 fuit
812 4933 1136 5025 debitor,
1168 4933 1629 5029 inquantum
1665 4935 2180 5032 suppositum,

644 5076 799 5126 non
869 5059 1126 5147 tamen
1194 5072 1331 5144 pro
1410 5056 1568 5122 tota
1636 5059 1964 5144 natura3
2010 5052 2183 5126 ideo

648 5163 1206 5268 quilibetfilius
1266 5171 1379 5236 est
1420 5161 1743 5256 debitor,
1798 5174 1871 5238 et
1919 5166 2185 5240 nullus

644 5310 813 5363 eam
849 5283 1078 5357 habet
1109 5280 1586 5354 naturaliter.
1617 5280 1956 5377 Igiturin
2001 5306 2185 5380 quo·

646 5404 830 5477 libet
861 5397 1317 5474 naturaliter
1369 5405 1790 5494 propagato
1853 5405 1973 5472 ‘est
2015 5422 2188 5496 pec-

645 5531 897 5598 catum
969 5515 1344 5611 originale
1409 5513 1891 5610 regulariter,
1960 5524 2035 5590 et
2073 5518 2184 5592 sic

645 5645 852 5739 patet
889 5631 1169 5707 solutio
1230 5630 1500 5728 primae
1550 5631 2026 5728 quaestionis.

2060 429 2303 500 LIBRI
2348 430 2437 501 11.

2387 609 2670 683 Contra
2725 606 2945 697 illud,
2991 629 3147 682 non
3208 603 3431 681 aliter
3485 602 3629 679 fuit
3667 596 3865 678 haec'
3962 626 4069 695 17,

2288 733 2565 800 natura
2631 723 2714 797 in
2769 725 3039 819 Adam,
3102 746 3279 822 quae
3347 732 3463 798 est
3515 722 3594 796 in
3639 721 3828 814 filio,
3884 738 4163 800 Quomodo

2289 865 2518 940 quam
2589 841 2730 916 suit
2795 843 2963 916 haec
3018 864 3388 940 persona3
3461 840 3594 915 sed
3662 841 3830 915 haec
3859 805 4180 942 ”uffissssq‘ie'

3896 936 4154 1059 attilia.

2289 986 2621 1060 persona
2677 985 2886 1036 nunc
2927 962 3300 1059 producta
3342 985 3495 1035 non
3550 960 3693 1034 fuit
3752 960 3826 1033 in
3860 1011 3891 1045 0

2287 1078 2558 1172 Adam,
2622 1076 2771 1152 nisi
2822 1101 2959 1176 per
3020 1079 3301 1152 multas
3360 1086 3832 1152 transmuta-

2288 1196 2579 1288 tiones3
2617 1194 2852 1292 igitur
2908 1217 3052 1270 nec
3113 1196 3278 1269 haec
3321 1203 3642 1288 natura3
3691 1194 3834 1290 igi-

2290 1325 2415 1389 tur
2469 1316 2635 1388 haec
2668 1323 2946 1388 natura
2979 1313 3057 1387 in
3101 1313 3246 1388 isto
3281 1337 3435 1387 non
3470 1322 3581 1387 est
3614 1311 3834 1387 debi-

2290 1432 2437 1505 trix
2476 1455 2612 1530 per
2641 1432 2814 1525 hoc,
2855 1430 3060 1528 quod
3111 1439 3388 1504 natura
3453 1429 3531 1502 in
3590 1429 3828 1502 Adam

2290 1546 2584 1646 accepit
2624 1569 2821 1620 eam.
3622 1542 3625 1547 ’

2386 1665 2574 1739 Dico
2644 1665 2850 1761 quod
2920 1666 3089 1739 haec
3160 1674 3439 1739 natura
3504 1662 3831 1738 debitrix

2290 1791 2403 1857 est
2461 1779 2782 1877 justitiae
2847 1779 3247 1877 originalis
3303 1780 3379 1853 in
3445 1780 3604 1874 illo,
3649 1779 3834 1877 quia

2278 1896 2581 1995 justitia
2620 1896 2760 1971 fuit
2792 1905 3103 1995 accepta
3141 1896 3219 1969 in
3254 1907 3598 1995 parente.
3634 1897 3831 1972 Illud

2289 2015 2529 2113 probo
2572 2015 2718 2090 sic:
2768 2017 3012 2090 Omne
3066 2015 3388 2109 donum,
3452 2017 3659 2114 quod
3720 2025 3834 2091 est

2291 2133 2554 2207 datum
2628 2133 3025 2207 voluntate
3093 2133 3620 2228 antecedente,
3719 2142 3833 2209 est

2290 2250 2740 2350 simpliciter
2778 2251 3148 2339 debitum,
3186 2251 3364 2327 licet
3410 2276 3561 2326 non
3612 2253 3834 2327 detur

2288 2369 2684 2443 voluntate
2734 2377 3302 2466 consequente3
3366 2368 3499 2443 sed
3529 2368 3831 2465 justitia

2290 2487 2467 2562 data
2541 2487 2727 2560 Adae
2798 2486 2936 2560 fuit
2975 2486 3151 2560 data
3216 2485 3394 2561 filiis
3434 2487 3829 2562 voluntate

2291 2605 2827 2691 antecedente;
2874 2604 3110 2701 igitur
3138 2613 3502 2679 tenentur
3531 2604 3831 2703 simpli-

2292 2725 2504 2800 citer.
2567 2725 2815 2822 Major
2863 2733 3095 2822 patet,
3142 2724 3324 2822 quia
3390 2724 3601 2800 Deus
3640 2725 3833 2800 dans

2290 2837 2644 2933 gratiam,
2689 2836 2769 2910 in
2827 2837 2972 2910 hoc
3036 2836 3165 2909 dat
3222 2834 3512 2910 bonum
3577 2848 3830 2912 actum

2290 2956 2684 3029 voluntate
2752 2952 3278 3046 antecedente,
3351 2977 3506 3029 non
3573 2965 3829 3031 tamen

2294 3073 2688 3145 voluntate
2746 3080 3297 3168 consequente,
3361 3093 3538 3169 quae
3579 3073 3828 3147 statim

2293 3188 2508 3286 ponit
2565 3209 2727 3261 rem
2767 3186 2845 3258 in
2908 3209 3090 3260 esse.
3139 3187 3287 3262 Iste
3350 3198 3601 3264 tamen
3638 3191 3837 3265 reci-

2295 3308 2515 3406 piens
2591 3315 2704 3380 est
2801 3305 3100 3380 debitor
3161 3316 3377 3382 actus
3435 3308 3830 3402 meritorii,

2294 3446 2763 3522 quamquam
2809 3445 2963 3496 non
3025 3422 3253 3520 simul
3298 3424 3521 3499 detur
3559 3426 3829 3521 gratia,

2294 3550 2366 3615 et
2398 3549 2613 3615 actus
2655 3538 2905 3612 bonus
2939 3538 3380 3614 formaliter.
3419 3541 3585 3614 Nisi
3627 3544 3831 3617 enim

2294 3658 2420 3732 ille
2455 3667 2655 3731 esset
2686 3656 2985 3730 debitor
3024 3667 3332 3731 actuum
3367 3661 3835 3756 provenien-

2294 3775 2513 3868 tium,
2542 3776 2685 3848 hoc
2718 3783 2858 3868 est,
2897 3773 3028 3871 qui
3060 3780 3831 3876 possentprovenire,

2295 3890 2440 3965 nisi
2468 3890 2629 3988 ipse
2666 3890 3096 3988 impediret,
3134 3905 3589 3990 sequeretur
3627 3899 3831 3995 quod

2295 4007 2428 4105 qui
2470 4006 2814 4105 peccavit
2846 4010 3083 4083 semel
3142 4021 3312 4108 post
3351 4013 3673 4107 gratiam
3710 4039 3835 4090 re-

2293 4133 2619 4221 ceptam,
2684 4125 3086 4222 aequaliter
3133 4138 3333 4202 esset
3390 4130 3833 4228 puniendus

2294 4263 2469 4313 cum
2503 4239 2681 4332 alio,
2716 4238 2850 4336 qui
2884 4250 3054 4336 post
3092 4242 3415 4338 gratiam
3449 4256 3829 4344 receptam

2292 4353 2642 4451 peccavit
2682 4353 2971 4429 centies
3042 4359 3485 4453 mortaliter,
3532 4362 3716 4459 quia
3756 4364 3831 4436 in

2296 4467 2542 4565 primo
2599 4477 2909 4566 peccato
2973 4480 3294 4568 uterque
3348 4474 3603 4550 amisit
3659 4502 3839 4573 gra-

2294 4585 2476 4660 tiam
2507 4614 2525 4680 3
2560 4586 2794 4682 igitur
2833 4586 2895 4661 si
2931 4611 3084 4662 non
3136 4602 3393 4666 essent
3454 4594 3838 4673 debitores

2296 4714 2605 4777 actuum
2699 4705 3263 4781 meritoriorum
3310 4703 3833 4808 'possibilium

2297 4819 2577 4913 inesse,
2623 4820 2688 4895 si
2748 4821 2994 4918 gratia
3052 4827 3571 4924 remansisset,
3637 4832 3836 4907 alius

2297 4935 2372 5008 in
2405 4938 2793 5033 peccando
2826 4947 3091 5036 postea
3111 4963 3263 5014 non
3307 4953 3508 5018 esset
3539 4945 3837 5023 debitor

2297 5062 2513 5127 actus
2570 5054 2957 5128 contrarii.
3034 5054 3250 5131 Patet
3296 5058 3554 5155 igitur,
3627 5065 3831 5161 quod

2296 5168 2479 5264 quia
2509 5181 2767 5267 posset
2801 5171 3064 5245 fecisse
3107 5182 3322 5248 actus
3377 5178 3828 5277 meritorioS,

2298 5294 2372 5360 et
2408 5294 2657 5360 tamen
2691 5287 3062 5386 peccavit,
3110 5289 3280 5364 ideo
3347 5295 3661 5387 gravius
3692 5323 3834 5397 pu-

2300 5404 2555 5478 nietur
2595 5428 2825 5503 quam
2860 5406 3102 5500 alius3
3140 5407 3375 5506 igitur
3401 5412 3698 5491 debitor
3722 5430 3836 5494 est

2299 5523 2528 5596 homo
2554 5548 2692 5621 pro
2735 5548 2853 5617 e0,
2899 5525 3104 5622 quod
3129 5526 3354 5601 datur
3393 5530 3540 5605 sibi
3568 5537 3836 5610 volun-

2295 5646 2445 5712 tate
2487 5640 3012 5715 antecedente.
3067 5641 3324 5716 Minor
3371 5656 3604 5744 patet,
3652 5649 3834 5748 quia
