4295 6326
70 1562 89 1580 ·
124 1562 255 1611 diet.
286 1562 365 1611 23.

101 1629 155 1673 et
184 1636 336 1688 seqq.

70 1687 152 1737 Ad
187 1699 396 1748 argum.

70 1753 396 1800 seeundum.

1428 524 1434 530 ·
1517 431 1745 499 msr.
1803 429 1911 497 [V.
1969 423 2388 506 QUAESTIO
2442 423 2563 491 ιιι.

429 636 661 712 quam
706 613 929 686 alius.
994 611 1074 685 Si
1106 610 1317 685 dicas
1361 606 1563 683 unde
1606 605 1975 704 probatur

429 730 630 804 istud
680 730 720 801 ‘2
810 727 1295 826 Responde0‚
1398 725 1518 798 hic
1587 723 1748 820 jam
1820 718 1978 793 dixi

428 847 635 945 quod
667 869 826 923 non
869 838 1118 946 potest
1149 844 1458 920 habitus
1505 847 1979 940 supernatu-

427 963 609 1039 ralis
639 963 946 1063 probari
976 963 1231 1037 inesse
1265 984 1401 1059 per
1444 959 1781 1055 aliquem
1844 978 1976 1030 ac-

425 1091 591 1157 tum
624 1081 793 1179 ejus
829 1108 848 1174 ;
884 1080 1113 1156 credo
1154 1088 1412 1154 tamen
1443 1076 1670 1152 fidem
1709 1096 1978 1170 coope-

427 1200 580 1275 rari
621 1199 717 1275 ad
758 1209 1012 1274 actum
1057 1195 1447 1289 credendi,
1492 1193 1689 1269 sicut
1747 1190 1975 1266 credo

424 1319 679 1417 ipsum
716 1316 996 1392 inesse.
1044 1315 1153 1390 Ad
1207 1313 1389 1412 quid
1451 1320 1706 1387 autem
1759 1331 1977 1407 opor-

428 1445 582 1511 teat
612 1434 837 1509 fidem
886 1456 1172 1532 ponere
1205 1432 1279 1505 in
1317 1423 1976 1522 homine‚dicetur

424 1551 509 1627 in
547 1551 766 1627 tertio
799 1550 843 1623 ⁰.

525 1669 637 1742 Ad
749 1667 960 1743 aliud
1045 1674 1586 1762 argumentum
1693 1660 1972 1736 dicitur

429 1786 635 1884 quod
699 1783 914 1884 prius
981 1781 1481 1880 conjungitur
1546 1802 1682 1879 per
1737 1776 1967 1851 fidem

427 1911 861 2001 parentum,
953 1922 1184 1998 quam
1272 1920 1410 1996 per
1484 1894 1715 1969 fidem
1786 1915 1968 1991 pro-

426 2020 699 2118 priam.
746 2020 1052 2105 Contra,
1092 2042 1292 2116 pono
1325 2016 1530 2114 quod
1577 2036 1846 2088 omnes
1887 2011 1964 2083 in

427 2136 769 2211 Ecclesia
809 2142 1165 2232 parentes
1232 2132 1386 2205 sint
1452 2128 1823 2221 haeretici,
1894 2135 1970 2201 et

420 2255 649 2330 etiam
703 2255 866 2352 ipse
898 2252 1321 2350 baptizanS,
1388 2247 1804 2323 dummodo
1862 2256 1967 2320 ta-

419 2394 591 2447 men
628 2372 704 2445 in
731 2382 903 2447 actu
939 2370 1071 2443 illo
1104 2368 1451 2443 intendat
1483 2368 1729 2441 facere
1754 2364 1958 2462 quod

416 2488 759 2564 Ecclesia
802 2487 1000 2580 lacit,
1072 2495 1147 2559 et
1193 2483 1398 2582 quod
1449 2482 1799 2557 Christus
1840 2480 1962 2553 in-

415 2608 684 2695 stituit,
731 2607 982 2682 adhuc
1016 2603 1442 2703 baptizatus
1483 2599 1751 2699 recipit
1781 2623 1962 2696 gra-

413 2725 595 2801 tiam
644 2753 661 2818 ;
708 2747 844 2822 per
901 2722 1085 2820 quid
1145 2744 1329 2817 ergo
1397 2717 1960 2815 conjungitur?

411 2844 601 2918 Dico
643 2842 846 2940 quod
885 2840 1137 2939 passio
1170 2837 1450 2912 Christi
1487 2847 1599 2911 est
1644 2835 1959 2910 merito-

414 2959 528 3034 ria
559 2980 793 3033 causa
835 2956 1103 3055 primae
1135 2953 1405 3052 gratiae
1447 2953 1523 3026 in
1582 2950 1953 3051 parvulis,

413 3086 487 3153 et
525 3073 1095 3174 conjunctionis
1136 3097 1405 3149 eorum
1438 3072 1529 3146 ad
1564 3071 1840 3162 Deum,
1884 3078 1959 3143 et

414 3193 584 3267 ideo
617 3201 791 3266 ante
835 3191 1160 3290 primam
1194 3190 1515 3286 gratiam
1548 3211 1702 3261 non
1737 3209 1956 3284 opor-

414 3318 516 3383 tet
569 3330 918 3406 quaerere
979 3307 1310 3405 priorem
1382 3303 1955 3401 conjunctionis

410 3448 753 3518 causam,
806 3448 945 3499 nec
999 3432 1284 3516 actum,
1369 3445 1511 3496 nec
1570 3420 1949 3513 habitum,

411 3564 553 3616 nec
585 3540 876 3638 aliquid
910 3539 1117 3614 aliud
1160 3539 1238 3613 in
1274 3538 1568 3613 ratione
1639 3537 1956 3633 conJun-

412 3657 670 3755 gendi,
726 3656 874 3730 nisi
944 3655 1382 3752 passionem
1450 3653 1727 3727 Christi
1785 3663 1953 3727 tan-

412 3795 641 3871 quam
684 3794 996 3847 causam
1035 3771 1501 3847 meritoriam
1543 3768 1955 3866 cujuslibet

410 3887 976 3985 conjunctionis
1016 3887 1311 3986 primae.

935 4271 1292 4330 SCHOLlUM
1343 4272 1412 4329 11.

474 4480 704 4551 Rejecta
736 4476 957 4534 ratione
998 4475 1268 4545 aliorum,
1301 4477 1552 4533 resolvit·
1595 4494 1838 4549 puerum
1889 4478 1947 4533 in

402 4578 563 4625 utero
624 4585 738 4624 non
798 4584 966 4638 posse
1024 4566 1328 4638 baptizari,
1389 4568 1527 4639 quia
1587 4584 1700 4623 non
1764 4572 1950 4639 potest

401 4675 554 4730 aqua
587 4657 749 4729 tangi
787 4673 800 4723 ;
831 4655 881 4715 si
912 4661 1105 4711 tamen
1140 4661 1315 4728 caput
1351 4657 1706 4728 apparuerit,
1757 4657 1944 4728 bapti-

400 4746 517 4803 zari
576 4750 814 4817 potest;
874 4744 923 4801 si
970 4761 1106 4800 vero
1167 4761 1298 4815 pars
1352 4745 1549 4801 minus
1606 4744 1946 4817 principalis

399 4841 756 4907 apparuerit,
790 4833 1178 4905 baptizandus
1208 4837 1320 4901 est,
1352 4834 1454 4890 sed
1489 4838 1710 4906 postea,
1761 4834 1809 4889 si
1844 4850 1945 4891 su·

400 4923 729 4997 pervixerit,
795 4922 904 4978 sub
961 4921 1295 4977 conditione
1356 4920 1825 4993 rebaptizandus,
1882 4928 1947 4978 ut

397 5014 569 5070 habet
623 5013 833 5068 Doctor
891 5011 984 5067 hic
1047 5012 1103 5066 in
1171 5013 1384 5081 scripto
1442 5011 1788 5084 Anglicano,
1847 5013 1945 5068 ubi

396 5106 572 5161 etiam
604 5104 687 5160 ait
714 5117 958 5174 puerum
990 5101 1061 5158 de
1093 5108 1267 5173 ponte
1297 5102 1584 5174 dejectum
1641 5105 1699 5157 in
1732 5120 1944 5175 equam

397 5212 512 5251 non
549 5209 679 5249 esse
709 5192 1063 5264 baptizatum
1116 5211 1132 5261 ς
1193 5191 1346 5263 quod
1414 5197 1613 5248 tenent
1671 5192 1944 5249 Richard.

396 5289 490 5343 hle
523 5284 703 5341 art.4.
739 5286 942 5354 quaet.
972 5282 1025 5337 2.
1059 5280 1265 5338 Palud.
1300 5282 1358 5337 d.
1389 5283 1444 5337 6.
1479 5288 1686 5355 quoest.
1742 5302 1779 5343 1.
1834 5290 1945 5343 art.

395 5379 449 5433 3.
502 5378 676 5433 Mars.
733 5375 786 5429 4.
847 5377 1054 5445 quaest.
1118 5374 1168 5427 4.
1230 5380 1336 5428 art.
1401 5375 1453 5428 4.
1514 5374 1633 5430 dub
1693 5376 1745 5431 8.
1809 5377 1945 5433 Solo

397 5470 533 5524 dist.
568 5470 621 5523 3.
657 5472 864 5538 quaest.
915 5464 1067 5520 unic.
1121 5470 1227 5519 art.
1279 5465 1333 5521 8.
1389 5467 1487 5519 lin.
1541 5467 1787 5539 Sylvest.
1819 5482 1945 5523 ver·

401 5560 472 5616 bo
500 5559 813 5629 Baptismus
840 5553 955 5625 4.§
1005 5553 1092 5608 ⁴0.
1140 5561 1196 5609 et
1235 5559 1287 5612 ὅ.
1332 5560 1359 5625 ἓ
1405 5574 1443 5611 ι.
1493 5563 1641 5629 Ang.
1683 5561 1739 5614 et
1786 5575 1943 5615 sum-

402 5651 591 5706 mistae
615 5649 713 5705 ibi.
744 5646 909 5702 Ratio
941 5662 1065 5701 esse
1098 5651 1305 5717 potest,
1340 5650 1474 5719 quia
1496 5649 1631 5705 talis
1664 5651 1945 5721 projectio

3507 431 3631 499 601

2087 614 2208 654 non
2241 604 2513 655 censetur
2545 598 2685 655 lotio
2724 620 2738 667 ;
2772 599 3046 656 similiter
3075 601 3221 656 inira
3251 601 3285 655 d
3342 616 3421 671 ·q.
3462 600 3517 654 3.
3559 600 3640 656 ait

2084 694 2298 744 Doctor
2325 705 2439 743 non
2473 688 2647 745 licere
2677 689 2759 745 sic
2801 706 3044 761 puerum
3082 690 3384 762 projicere.
3445 704 3636 761 neque

2084 793 2328 847 puerum
2366 777 2666 849 baptizari.
2699 779 2996 833 Sententia
3026 780 3320 835 contraria
3368 778 3633 849 CaJetani

2082 868 2290 924 merito
2336 869 2406 923 ab
2455 869 2728 924 omnibus
2780 868 3240 941 reprehenditur.
3282 868 3425 924 Vide
3480 869 3633 924 infra

2081 957 2382 1016 Scholium
2414 960 2465 1014 4.
2495 960 2552 1015 d.
2583 961 2638 1016 5.
2672 977 2729 1033 q.
2763 961 2817 1019 3.

2178 1184 2287 1258 Ad
2355 1184 2654 1259 tertiam
2734 1185 3272 1283 quaestionem,
3352 1187 3632 1261 dicitur
3785 1205 3849 1272 7‚

2080 1303 2286 1400 quod
2327 1303 2698 1400 parvulus
2740 1325 2891 1378 non
2964 1312 3208 1401 potest
3262 1303 3629 1402 baptizari

2081 1419 2156 1493 in
2232 1429 2445 1495 utero
2502 1420 2767 1495 matris
2824 1445 3015 1510 suae,
3095 1421 3279 1519 quia
3345 1421 3455 1495 sic
3515 1431 3629 1496 est

2078 1536 2539 1633 conjunctus
2571 1560 2828 1612 causae
2860 1561 3025 1613 suae
3066 1538 3621 1636 corruptionis3

2076 1654 2208 1728 sed
2261 1654 2757 1751 conjunctum
2827 1678 3086 1729 causae
3163 1654 3626 1753 corruptivae

2076 1793 2229 1843 non
2264 1778 2512 1868 potest
2544 1770 2900 1845 mundari
2933 1770 3113 1845 dum
3149 1771 3259 1844 illi
3312 1770 3629 1868 conjun-

2072 1884 2303 1983 gitur,
2353 1908 2564 1982 ergo,
2600 1895 2742 1960 etc.

2173 2002 2482 2095 Contra,
2527 2001 2588 2076 si
2634 2001 2778 2076 isto
2814 2003 3037 2079 modo
3101 2026 3276 2078 caro
3346 2003 3625 2079 inlecta
3654 2017 3945 2093 Impugna-

2072 2118 2312 2194 inficit
2345 2120 2706 2206 animam,
2748 2144 2925 2196 caro
2967 2121 3231 2196 matris
3307 2145 3462 2197 non
3512 2132 3627 2197 est
3654 2085 3945 2195 ‘'333¹''ss

2070 2259 2306 2312 causa
2359 2237 2874 2336 corruptionis
2937 2237 3229 2335 peccati
3279 2238 3624 2336 origine·
3678 2207 3956 2261 'summ’

2068 2353 2163 2427 lis
2215 2353 2292 2427 in
2361 2356 2715 2452 parvuIO,
2788 2354 2936 2429 nisi
2998 2355 3370 2450 mediata3
3444 2381 3621 2432 caro

2067 2477 2323 2543 autem
2367 2469 2673 2567 parvuli
2726 2477 2842 2544 est
2895 2492 3130 2544 causa
3181 2470 3621 2546 immediata

2067 2584 2289 2660 istius
2320 2585 2869 2684 corruptionis,
2914 2586 3099 2683 quia
3155 2587 3414 2662 anima
3445 2611 3621 2662 cum

2065 2703 2318 2776 statim
2360 2702 2650 2777 animat
2690 2726 2887 2797 eam,
2945 2702 3284 2780 inficitur
3324 2716 3397 2780 et
3437 2731 3620 2781 con-

2066 2820 2297 2893 trahit
2357 2828 2760 2917 peccatum
2814 2820 3002 2893 illud
3083 2843 3173 2895 ex
3214 2843 3306 2897 ea
3347 2850 3365 2915 3
3411 2833 3623 2898 extra

2065 2944 2320 3011 autem
2391 2945 2696 3011 uterum
2772 2937 3034 3011 matris
3119 2938 3618 3036 conjungitur

2062 3053 2322 3127 anima
2380 3053 2690 3149 parvuli
2752 3076 2915 3128 suae
2982 3054 3240 3148 carni3
3313 3079 3495 3153 ergo
3555 3059 3618 3130 si

2062 3169 2364 3268 parvuli
2398 3193 2552 3243 non
2595 3179 2921 3269 possunt
2996 3170 3392 3269 baptizari,
3438 3174 3621 3272 quia

2063 3287 2646 3383 conjunguntur
2766 3311 3022 3363 causae
3100 3291 3618 3388 corruptionis

2063 3428 2256 3498 suae,
2293 3430 2468 3480 cum
2517 3406 2627 3481 sic
2679 3405 3255 3503 conjungantur
3308 3409 3416 3483 illi
3447 3433 3622 3484 cau-

2059 3545 2167 3597 sae
2209 3532 2422 3597 extra
2459 3531 2806 3597 ventrem
2840 3546 3005 3598 suae
3056 3525 3346 3618 matris,
3409 3550 3618 3600 nun-

2061 3662 2289 3737 quam
2336 3647 2650 3737 possent
2675 3639 2978 3736 parvuli
3018 3640 3413 3738 baptizari.

2158 3755 2376 3849 Item,
2431 3755 2495 3830 si
2537 3755 2635 3830 sit
2673 3778 2866 3852 puer
2904 3756 2977 3828 in
3052 3766 3266 3833 utero
3318 3760 3607 3854 matriS,
3675 3769 3735 3818 ¹¹1
3783 3769 3934 3820 utero

2059 3880 2309 3970 potest
2340 3870 2706 3969 baptizari
2739 3872 3130 3969 Baptismo
3155 3876 3558 3971 sanguinis
3584 3905 3603 3971 3
3644 3835 3967 3956 pssssffiffiffi‘

2058 4012 2242 4087 ergo
2275 3988 2626 4064 similiter
2656 3988 3048 4086 Baptismo
3088 3988 3433 4068 fluminis
3465 3996 3608 4070 fac·
3637 3955 3964 4083 ffiffiiheff‘

2058 4114 2133 4181 to
2174 4104 2253 4179 in
2322 4127 2549 4202 aqua.
2593 4104 3081 4181 Antecedens
3120 4116 3350 4204 patet,
3422 4112 3606 4207 quia

2056 4222 2121 4297 si
2165 4231 2405 4296 mater
2455 4244 2592 4318 pro
2661 4220 2812 4295 fide
2877 4221 3409 4320 interficiatur,
3472 4251 3608 4303 eo·-

2055 4337 2229 4412 dem
2337 4336 2562 4410 modo
2642 4347 3073 4413 moreretur
3157 4363 3334 4438 pars
3401 4343 3598 4439 ejuS,

2054 4476 2233 4552 quae
2275 4462 2390 4528 est
2455 4452 2534 4526 in
2580 4451 2776 4550 ipsa,
2849 4451 3047 4528 sicut
3105 4455 3299 4554 ipsa,
3362 4467 3434 4532 et
3503 4460 3605 4535 ita

2052 4595 2232 4670 pars
2272 4569 2465 4668 ejus,
2512 4592 2689 4667 quae
2723 4580 2837 4645 est
2904 4570 2981 4644 in
3020 4583 3234 4649 utero
3278 4576 3473 4673 ejus,
3516 4602 3604 4653 ac

2053 4688 2117 4763 si
2160 4697 2363 4764 esset
2438 4697 2672 4762 extra.
2720 4688 2890 4762 Non
2964 4699 3221 4765 autem
3300 4693 3606 4771 videtur

2052 4829 2321 4882 verum
2365 4805 2569 4903 quod
2636 4804 2702 4879 si
2767 4818 3190 4882 moreretur
3247 4836 3384 4909 pro
3453 4812 3602 4892 fide

2053 4934 2291 5017 extra,
2333 4923 2777 5008 damnetur3
2825 4945 3037 5020 ergo,
3065 4935 3206 5000 etc.

2151 5042 2368 5133 Item,
2439 5062 2578 5139 per
2652 5039 2871 5113 istam
2955 5065 3263 5118 causam
3343 5049 3604 5123 nullus

2053 5166 2302 5256 potest
2331 5155 2703 5253 baptizari
2736 5155 2814 5227 in
2851 5166 3065 5242 utero
3098 5162 3363 5236 matris
3396 5188 3599 5259 suae3

2052 5299 2235 5372 ergo
2316 5274 2578 5349 nullus
2644 5282 2895 5371 potest
2970 5279 3431 5355 sanctificari
3525 5284 3597 5357 in

2053 5403 2270 5469 utero
2308 5391 2609 5483 matris3
2657 5415 3148 5490 consequens
3188 5407 3300 5471 est
3327 5398 3602 5474 falsum

2051 5506 2143 5581 de
2185 5505 2504 5603 Virgine
2549 5513 2788 5578 matre
2829 5505 2999 5599 Dei,
3062 5509 3155 5583 de
3198 5511 3498 5587 Joanne
3532 5523 3607 5588 et

2052 5622 2417 5715 Jeremia,
2462 5632 2535 5696 et
2573 5623 2822 5696 Anna.
2861 5623 3430 5724 Consequentia
3465 5658 3603 5733 pa-
