4295 6326
1517 448 1744 520 DIST.
1795 446 2051 518 XVIII.
2106 445 2524 528 QUAESTIO
2575 453 2627 522 1.

557 631 863 721 Contra,
928 630 1116 704 illud
1167 627 1370 726 quod
1438 625 1829 700 debuisset
1877 622 1997 694 in-

461 751 723 843 fuisse,
759 748 1149 847 inl'uisset3
1187 746 1317 821 sed
1351 744 1594 841 gloria
1628 740 1996 840 corporis,

111 646 410 759 aare·

3530 456 3657 528 387

2115 621 2513 700 affectione
2581 651 2763 702 vero
2839 632 3220 705 commodi
3296 656 3445 706 non
3520 633 3965 718 ha-·‘nem.a2

2114 739 2289 815 beat
2329 766 2718 818 summum
2769 746 3058 821 bonum
3128 773 3426 823 summe
3482 773 3659 824 con·
3696 722 3944 848 Οξῗῗὲῗξ

459 876 531 942 et
583 865 1155 964 impassibilitas
1189 885 1361 937 cum
1420 859 1664 957 gloria
1722 856 2005 931 animae
2103 855 2488 954 junctum,
2560 872 2634 935 et
2700 862 2775 936 in
2833 873 3124 939 tantum
3184 867 3422 965 possit
3472 868 3651 965 pati.

460 984 814 1058 infuisset
871 982 949 1056 in
1006 981 1254 1080 primo
1297 976 1610 1053 instanti
1654 973 1998 1061 visionis,

459 1101 609 1176 nisi
649 1125 786 1200 per
849 1100 1298 1174 miraculum
1355 1097 1622 1171 fuisset
1661 1092 2005 1192 prohibi-

460 1230 620 1293 tum
657 1246 675 1311 3
720 1241 929 1313 erg0,
977 1225 1118 1291 etc.

133 1341 399 1455 sslfflffig
559 1338 819 1410 Potest
867 1332 1017 1407 dici
1077 1333 1200 1430 pie
1258 1328 1671 1427 glossando
1729 1324 2008 1421 Magis-

156 1471 373 1580 2223}
461 1465 693 1547 trum,
780 1452 985 1551 quod
1062 1449 1417 1548 quamvis
1494 1472 1647 1521 nou
1728 1443 2008 1519 meruit

146 1592 380 1664 gloriagn
465 1570 749 1645 directe
810 1564 1497 1665 impassibilitatem
1570 1561 2000 1657 utriusque,

130 1668 396 1719 corpeus.
467 1686 744 1761 meruit
814 1695 1069 1759 tamen
1142 1682 1605 1757 amotionem
1676 1677 2006 1775 impedi-

464 1802 728 1897 menti,
780 1823 1017 1901 quare
1060 1824 1215 1873 non
1262 1797 1485 1872 infuit
1531 1796 1812 1889 statim,
1859 1794 2006 1869 sci-

459 1921 634 1996 licet
718 1918 1171 1994 desitionem
1293 1912 1642 1987 miraculi
1739 1909 2007 2008 prohi-

456 2037 707 2113 bentis
748 2032 1336 2112 redundantiam
1395 2029 1664 2128 gloriae
1704 2026 1780 2100 in
1827 2050 2003 2124 por-

455 2155 738 2230 tionem
787 2150 1251 2253 inferiorem,
1297 2157 1373 2222 et
1424 2147 1496 2219 in
1543 2166 1849 2242 corpus.

556 2272 705 2347 Sed
797 2268 979 2368 quia
1064 2291 1217 2341 non
1303 2271 1554 2364 potest
1631 2257 2003 2336 declarari

460 2389 644 2488 quid
696 2387 997 2479 meruit,
1036 2383 1185 2458 nisi
1223 2382 1666 2479 =declaretur
1720 2377 2003 2477 quibus

462 2505 764 2598 meruit,
810 2514 883 2580 et
914 2502 1037 2576 hic
1078 2510 1194 2576 est
1232 2507 1555 2598 quartus
1600 2496 1998 2588 articulus,

459 2625 592 2723 qui
678 2621 1003 2720 pertinet
1080 2619 1175 2693 ad
1233 2614 1802 2691 distinctionem
1880 2634 2005 2685 se-

459 2751 849 2841 quentem,
914 2737 1040 2814 ubi
1101 2735 1502 2835 quaeritur,
1571 2755 1668 2807 an
1728 2730 2008 2805 meruit

460 2858 683 2935 nobis
737 2855 1099 2931 omnibus
1166 2851 1488 2949 gratiam
1534 2858 1607 2923 et
1645 2846 2001 2944 gloriam,

457 2976 628 3051 ideo
688 2970 1159 3047 omittendus
1212 2975 1325 3042 est
1381 2966 1532 3059 hic,
1593 2974 1665 3041 et
1721 2961 2007 3060 quaeri-

457 3103 582 3166 tur
638 3091 722 3163 in
764 3086 1254 3163 distinctione
1283 3082 1655 3182 sequenti.

223 3221 329 3288 17.
553 3208 665 3282 Ad
721 3205 1053 3304 primum
1115 3207 1655 3297 argumentum
1716 3195 2009 3293 princi-

103 3337 182 3449 ‘⁴1⁶
216 3351 428 3413 arguqn.
461 3328 661 3421 pale,
726 3321 1038 3421 quando
1099 3318 1378 3393 dicitur
1436 3316 1639 3414 quod
1683 3338 1834 3388 non
1880 3338 2008 3410 po-

162 3415 408 3529 ’fflei'.⁰¹‘
462 3453 607 3519 test
649 3439 952 3524 mereri,
997 3436 1180 3535 quia
1239 3458 1391 3508 non
1460 3440 1709 3530 potest
1747 3454 2007 3529 pecca-

461 3586 572 3656 re,
636 3581 833 3656 nego
893 3550 1555 3651 consequentiam,
1602 3549 1784 3647 quia
1842 3571 2006 3647 per-

460 3681 651 3756 fecta
700 3672 1141 3773 conjunctio
1209 3668 1635 3746 secundum
1693 3688 2002 3740 omnem

465 3795 773 3870 modum
857 3790 1186 3890 perfecte
1263 3786 1554 3884 quietat
1631 3770 2004 3886 conjunc-

464 3922 652 4005 tum,
697 3920 772 3985 et
812 3905 1241 3982 secundum
1278 3901 1760 3976 affectionem
1789 3892 2006 3973 ⁴com-

464 4029 694 4121 modi,
731 4035 805 4101 et
844 4023 1269 4099 secundum
1317 4018 1797 4094 affectionem
1846 4017 2008 4110 jus-

462 4147 675 4234 titiae,
751 4143 934 4242 quia
1000 4138 1399 4214 affectione
1458 4135 1780 4232 justitiae
1844 4134 2008 4207 vult

461 4267 623 4340 Deo
683 4261 1020 4361 primum
1090 4257 1410 4341 bonum,
1474 4261 1549 4328 et
1606 4251 2007 4334 affectione

452 4379 774 4480 justitiae
861 4384 1216 4474 peccator
1300 4373 1463 4445 vult
1550 4368 2007 4444 secundario

467 4497 642 4591 sibi,
732 4502 806 4570 et
872 4490 1273 4567 affectione
1357 4485 1738 4563 commodi
1844 4485 2011 4559 vult

463 4636 768 4713 semper
820 4608 968 4685 sibi
1038 4608 1354 4682 bonum.
1426 4602 1686 4677 Sancti
1751 4612 2006 4675 autem

464 4733 592 4809 alii
652 4755 698 4806 a
754 4728 1055 4802 Christo
1137 4733 1464 4819 utroque
1527 4718 1751 4792 modo
1821 4741 2009 4791 con-

456 4852 924 4948 junguntur,
969 4840 1258 4916 scilicet
1300 4847 1624 4933 utraque
1672 4832 2012 4909 affectio-

464 4992 589 5055 ne,
654 4963 837 5063 quia
889 4959 1177 5035 habent
1224 4978 1615 5030 summum
1669 4975 2012 5027 commo-

466 5087 648 5161 dum
691 5082 909 5172 ideo;
954 5077 1154 5152 sicut
1201 5098 1356 5148 non
1390 5079 1715 5171 possunt
1757 5093 2015 5168 pecca-

467 5229 576 5295 re,
613 5202 722 5278 sic
746 5222 887 5274 nec
921 5192 1225 5279 mereri,
1262 5191 1445 5289 quia
1476 5200 1653 5265 sunt
1684 5188 2017 5262 totaliter

130 5320 440 5449 fflssilbfflj-
471 5332 684 5399 extra
737 5316 971 5400 viam,
1045 5320 1119 5386 et
1176 5308 1253 5381 in
1319 5307 1675 5382 termino,
1728 5305 2012 5378 Tamen

133 5448 419 5499 suntveuo
471 5435 765 5514 affectio
835 5426 1155 5528 justitiae
1235 5434 1309 5499 et
1374 5421 1753 5498 commodi
1838 5443 2019 5518 pos-

180 5516 367 5561 mm
735 5542 1077 5647 separari
1145 5540 1282 5635 sic,
1345 5540 1550 5637 quod
1618 5536 2018 5612 affectione

152 5572 291 5646 hanc
322 5575 406 5624 vel
471 5563 654 5631 sunt

162 5636 400 5752 AElssffo.
460 5667 784 5770 justitiae
850 5661 1027 5761 quis
1103 5649 1403 5732 summe
1472 5653 2015 5750 conjungatur,

2113 973 2372 1050 Primo
2431 978 2655 1052 modo
2705 981 3203 1079 conjungitur
3252 986 3497 1082 portio
3540 1009 3657 1059 sue

2115 1091 2371 1189 perior
2439 1093 2577 1169 Dei
2636 1096 2710 1168 in
2767 1098 3093 1194 Christo,
3158 1125 3294 1198 per
3333 1102 3656 1197 gloriam

2115 1208 2587 1304 quietantem
2692 1213 2914 1287 istam
3020 1218 3477 1314 portionem,
3586 1228 3661 1293 et

2114 1348 2250 1421 per
2308 1326 2787 1404 affectionem
2838 1332 3173 1429 ljustitiae
3247 1345 3446 1410 totus
3517 1338 3660 1410 ho-

2115 1466 2266 1535 m0,
2314 1453 2398 1518 ut
2454 1469 2766 1541 peccare
2826 1473 2977 1522 non
3043 1452 3306 1548 possit,
3362 1454 3493 1528 sed
3542 1465 3658 1528 ta-

2115 1581 2289 1633 men
2351 1572 2599 1658 potest
2659 1565 2838 1660 pati,
2899 1566 3082 1663 quia
3158 1569 3446 1668 aliquid
3517 1595 3657 1669 po-

2113 1686 2261 1750 test
2361 1678 2705 1754 accidere
2810 1690 3077 1757 contra
3170 1683 3652 1761 affectionem

2115 1793 2525 1887 commodi,
2597 1806 2670 1870 et
2728 1797 2918 1871 illud
2997 1809 3242 1897 potest
3307 1803 3656 1878 Christus

2111 1909 2309 1983 velle
2361 1910 2735 2006 ordinate,
2804 1923 2877 1988 et
2931 1926 3357 2013 acceptare,
3414 1928 3487 1993 et
3554 1919 3656 1993 ita

2113 2027 2417 2100 mereri.
2491 2028 2709 2103 Patet
2776 2029 3010 2126 igitur
3063 2033 3266 2130 quod
3330 2059 3478 2109 non
3541 2045 3656 2110 est

2111 2141 2360 2216 simile
2393 2143 2485 2217 de
2531 2143 2860 2240 ChristO,
2898 2157 2972 2221 et
3016 2147 3186 2223 aliis
3231 2149 3499 2225 beatis.

2206 2258 2317 2332 Ad
2395 2260 2630 2352 aliud,
2694 2265 3022 2340 tenendo
3103 2266 3309 2363 quod
3378 2267 3656 2342 meruit
3791 2295 3894 2361 18,

2113 2378 2541 2489 secundum
2647 2382 3073 2478 portionem
3182 2384 3647 2471 inferiorem,
3744 2405 3931 2456 Adse-

2117 2504 2295 2568 tunc
2328 2495 2496 2570 dico
2539 2498 2743 2594 quod
2787 2499 2937 2574 duo
2980 2512 3160 2575 sunt
3200 2512 3443 2595 actus,
3504 2501 3656 2576 sci-
3719 2468 3975 2518 cundum.

2115 2613 2290 2687 licet
2344 2624 2559 2689 actus
2612 2617 3039 2711 beatificuS,
3073 2631 3143 2695 et
3178 2630 3393 2695 actus
3438 2621 3660 2696 meri-

2112 2731 2383 2824 toriuS,
2445 2733 2627 2830 quia
2666 2760 2871 2810 unus
2903 2738 3211 2835 respicit
3249 2749 3656 2831 aeternum,

2112 2856 2187 2920 et
2254 2848 2452 2922 alius
2547 2855 2965 2949 temporale
3056 2854 3132 2926 in
3221 2854 3489 2929 ordine
3567 2856 3661 2929 ad

2113 2959 2347 3036 finem
2416 2964 2770 3040 ultimum
2820 2995 2837 3060 3
2906 2991 3049 3042 nec
3103 2980 3403 3067 oportet
3456 2974 3662 3068 quod
3719 3034 3721 3037 .

2113 3103 2385 3155 omnes
2426 3081 2579 3155 sint
2619 3083 3055 3161 immediate
3089 3087 3162 3160 in
3210 3090 3663 3168 executione

2075 3199 2319 3273 'circa
2387 3199 2663 3294 Deum,
2728 3203 2862 3276 sed
2920 3203 2995 3276 in
3052 3206 3475 3283 intentione
3542 3233 3665 3284 re-

2113 3317 2470 3414 quiritur,
2545 3320 2676 3393 sed
2744 3320 2819 3392 in
2884 3324 3335 3400 executione
3415 3337 3663 3423 potest

2112 3434 2404 3532 aliquid
2481 3435 3000 3513 immediatius
3067 3439 3309 3537 diligi,
3382 3443 3514 3517 sed
3579 3443 3657 3517 in

2111 3552 2360 3628 Deum
2416 3550 2772 3627 finaliter.

2212 3674 2301 3745 Et
2342 3672 2650 3770 quando
2692 3671 2971 3747 dicitur
3001 3675 3204 3771 quod
3248 3677 3401 3752 duo
3443 3689 3658 3753 actus
3714 3700 3993 3752 eumaem

2113 3812 2264 3862 non
2302 3796 2482 3862 sunt
2514 3788 2589 3861 in
2625 3789 2891 3862 eadem
2921 3791 3286 3887 potentia,
3325 3816 3654 3890 quorum
3691 3778 4011 3890 ρέἷεῖἷωεῖἒο

2113 3906 2307 3979 alter
2357 3903 2714 4001 adaequat
2746 3905 3194 4002 potentiam,
3239 3908 3409 3982 dico
3451 3911 3656 4008 quod
3691 3891 4012 4004 “uffinffifm

2115 4021 2291 4095 licet
2332 4019 2485 4094 duo
2527 4029 2742 4094 actus
2802 4038 3024 4117 aeque
3086 4022 3393 4118 intensi,
3462 4049 3661 4122 quo-

2118 4165 2287 4215 rum
2344 4142 2536 4214 alter
2592 4140 2950 4237 adaequat
2990 4144 3439 4239 potentiam,
3504 4170 3661 4220 non

2114 4263 2295 4329 sunt
2362 4253 2620 4344 simul,
2715 4262 2971 4327 tamen
3027 4277 3198 4328 cum
3278 4267 3449 4330 actu
3527 4260 3666 4333 ad-

2116 4378 2474 4466 aequante
2554 4368 2970 4465 potentiam
3049 4380 3301 4468 potest
3377 4374 3663 4449 hahere

2116 4486 2350 4561 alium
2420 4495 2674 4558 actum
2736 4485 3162 4560 secundum
3207 4490 3657 4586 potentiam,

2117 4602 2301 4699 quia
2378 4601 2597 4675 aliter
2664 4624 3060 4698 nunquam
3133 4613 3392 4700 posset
3455 4607 3664 4680 aliud

2115 4718 2344 4809 velle,
2408 4725 2539 4790 aut
2606 4713 3032 4810 intelligere
3119 4740 3163 4790 a
3230 4718 3414 4803 Deo,
3489 4745 3664 4795 cum

2119 4843 2334 4910 actus
2378 4831 2779 4910 beatificus
2838 4832 2934 4906 sit
2973 4857 3276 4932 semper
3321 4846 3557 4912 stans.

2218 4949 2294 5024 Si
2375 4958 2628 5023 autem
2713 4957 3012 5023 tenetur
3094 4951 3297 5048 quod
3389 4955 3667 5030 meruit
3751 4971 3968 5047 'liriplezt

2121 5067 2548 5143 secundum
2639 5064 3069 5164 portionem
3152 5070 3659 5166 superiorem,
3747 5036 3971 5161 &22⁰5ssss

2121 5196 2304 5260 tunc
2346 5191 2593 5281 potest
2637 5182 2786 5254 dici
2841 5182 3044 5278 quod
3092 5184 3235 5257 hoc
3281 5186 3420 5259 fuit
3465 5188 3667 5263 circa
3756 5160 3965 5274 ἓέιῖῗῗὲ

2123 5302 2424 5398 objecta
2487 5297 2908 5373 relucentia
2976 5297 3050 5370 in
3109 5298 3389 5395 Verbo,
3472 5305 3669 5378 sicut
3729 5285 3974 5398 ρῗξῑζῗζζ

2124 5417 2514 5513 diligendo
2548 5416 2857 5499 electOS‚
2908 5423 2981 5487 et
3018 5415 3349 5491 volendo
3390 5418 3501 5491 eis
3542 5419 3669 5493 ho·
3980 5389 3991 5400 ο

2126 5558 2339 5607 num.
2406 5536 2556 5609 Aut
2622 5530 2687 5603 si
2767 5529 3064 5603 dicatur
3122 5532 3324 5628 quod
3389 5537 3667 5610 meruit

2128 5650 2553 5725 secundum
2652 5654 2906 5720 actum
2995 5645 3404 5744 fruitionis,
3483 5660 3667 5728 tunc
