4295 6326
69 4960 299 4972 m...»-

667 398 798 466 544

358 557 631 644 nti‘eritorie
680 575 1100 674 producere
1136 593 1377 647 unum
1410 566 1965 666 oppositorum,
1989 560 2219 635 etiam

326 657 647 771 notlnigggfna-
677 702 925 791 potest
964 710 1453 785 corrumpere
1522 682 1757 767 aliud,
1795 701 2060 753 verum
2106 683 2222 750 est

679 808 988 907 quando
1057 812 1237 879 sunt
1309 801 1720 876 formaliter
1803 792 2213 893 opposita3

678 926 812 1000 sed
854 923 917 997 si
950 922 1058 997 sic
1081 922 1514 1001 subsumaS‚
1549 914 1752 1012 quod
1786 918 2214 1010 peccatum,

674 1051 1023 1139 respectu
1051 1037 1167 1135 cuj
1185 1061 1271 1111 us
1303 1035 1534 1110 hahet
1572 1053 1805 1105 causa
1848 1023 2219 1100 naturalis

675 1156 1013 1254 aliquam
1096 1150 1545 1243 efficaciam,
1619 1143 2034 1244 opponitur
2110 1139 2220 1214 sic

672 1272 968 1371 gratiae,
1100 1266 1586 1344 demeritorie
1710 1284 1978 1337 verum
2074 1266 2215 1350 est,

677 1389 881 1488 quod
937 1397 1052 1462 est
1118 1408 1351 1461 causa
1428 1376 1942 1478 corruptionis
2020 1374 2215 1472 ejus,

672 1507 807 1581 sed
842 1506 1057 1579 nullo
1130 1502 1355 1576 modo
1419 1497 1857 1573 formaliter.
1896 1493 2219 1581 Quando

674 1623 876 1698 enim
942 1621 1201 1696 anima
1259 1617 1533 1692 avertit
1628 1637 1708 1688 se
1785 1635 1828 1686 a
1885 1611 2074 1697 Dec,
2149 1616 2223 1683 et

677 1738 1151 1814 convertitur
1209 1735 1302 1808 ad
1372 1740 1801 1831 peccatum,
1863 1725 2037 1800 facit
2087 1725 2223 1798 de-

679 1853 1062 1929 meritorie
1128 1850 1332 1948 quod
1392 1847 1634 1945 gratia
1713 1845 1788 1916 in
1873 1866 1963 1917 ea
2068 1863 2220 1912 non

675 1978 1180 2046 conservetur
1237 1965 1499 2051 aDeO,
1537 1962 1667 2036 sed
1720 1957 2218 2035 annihiletur.

679 2081 1344 2173 Quemadmodum
1380 2079 1653 2152 oculus
1720 2082 2076 2147 avertens
2143 2092 2225 2144 se

677 2227 720 2276 a
762 2202 939 2276 Sole
975 2199 1148 2274 facit
1218 2196 1420 2295 quod
1491 2218 1646 2268 non
1716 2189 2221 2276 illuminatur,

681 2343 832 2392 non
879 2317 1138 2413 aliqua
1170 2313 1468 2389 actione
1514 2308 1864 2408 positive,
1910 2306 2042 2381 sed
2086 2327 2228 2378 ne-

680 2434 959 2531 gative,
1006 2440 1079 2505 et
1111 2430 1281 2503 ideo
1316 2427 1624 2525 quando
1659 2424 1915 2499 anima
1974 2420 2083 2495 sic
2147 2442 2227 2494 se

683 2549 956 2627 avertit
996 2572 1039 2623 a
1079 2547 1240 2621 Deo
1283 2568 1420 2643 per
1451 2545 1784 2641 culpam,
1823 2540 2029 2613 Deus
2073 2559 2228 2609 non

688 2673 1092 2742 conservat
1180 2661 1533 2758 gratiam,
1642 2657 1856 2755 prius
1954 2663 2225 2729 ‚tamen

690 2807 994 2881 semper
1034 2806 1114 2856 se
1148 2779 1425 2856 avertit
1463 2776 1720 2851 anima
1787 2797 1832 2848 a
1870 2773 2030 2848 Deo
2096 2793 2234 2869 per

690 2903 1024 2998 culpam,
1094 2919 1325 2993 quam
1401 2893 1611 2967 Deus
1687 2891 1981 2964 auferat
2054 2910 2236 2984 gra-

379 3010 610 3062 H⁸¹²³²⁰⁸
694 3020 904 3093 tiam.
952 3014 1236 3089 Eodem
1276 3010 1497 3084 modo
1561 3008 1729 3082 dico
1790 3007 1881 3081 ad
1951 3004 2235 3103 proba-

341 3075 505 3125 inrusi
552 3086 661 3123 non

341 3151 666 3264 pggffiffir
699 3132 983 3211 tionem
1023 3132 1114 3206 de
1158 3127 1543 3226 fide,quia
1602 3124 1792 3199 fides
1850 3124 2104 3197 infusa
2162 3129 2236 3196 et

345 3268 647 3315 actuscon·
697 3251 1109 3327 infidelitas
1179 3271 1328 3321 non
1411 3254 1591 3320 sunt
1670 3241 2021 3340 opposita
2095 3241 2239 3315 for-

391 3332 625 3455 ςξῖιζῗῑῖἷ.
699 3369 1019 3461 simliter,
1048 3366 1177 3440 sed
1247 3372 1543 3437 tantum
1612 3357 2125 3449 demeritorie,
2163 3365 2236 3431 et

692 3488 864 3561 ideo
908 3484 1137 3557 fidem
1179 3481 1508 3554 infusam
1553 3501 1706 3551 non
1767 3484 2015 3574 potest
2082 3474 2238 3547 for-

693 3602 991 3678 maliter
1047 3597 1478 3673 infidelitas·
1526 3615 2049 3689 corrumpere,
2095 3614 2238 3688 po-

690 3731 835 3797 test
872 3731 1119 3794 tamen
1162 3714 1578 3789 formaliter
1607 3709 2021 3785 infidelitas
2064 3731 2238 3782 cor-

691 3860 1049 3936 rumpere
1094 3834 1321 3908 fidem
1365 3829 1845 3929 acquisitam,
1895 3826 2012 3901 cui
2080 3824 2237 3899 for-

693 3957 995 4032 maliter
1061 3949 1538 4049 opponitur3
1605 3970 1756 4021 non
1831 3943 2034 4020 enim
2121 3951 2235 4018 est

691 4075 892 4148 inter
928 4078 1324 4169 peccatum
1373 4065 1687 4138 mortale
1749 4070 1822 4135 et
1878 4059 2230 4157 gratiam,

688 4192 809 4265 vel
854 4189 1052 4262 inter
1087 4185 1313 4260 fidem
1358 4182 1685 4255 infusam
1724 4188 1797 4253 et
1836 4176 2236 4251 infidelita-

691 4320 836 4382 tem
985 4300 1324 4377 formalis
1446 4294 1983 4395 repugnantia,
2099 4293 2232 4366 sed

688 4434 987 4500 tantum
1058 4415 1551 4494 demeritoria
1609 4442 1625 4506 3
1702 4420 1957 4509 posset
2025 4409 2230 4484 enim

687 4544 897 4617 Deus
974 4539 1140 4612 sine
1270 4529 1869 4608 contradictione
1973 4549 2232 4601 creare

338 4657 652 4707 Gs⁸²⁵⁸⁰⁰¹¹³
689 4657 1010 4756 gratiam
1082 4653 1156 4726 in
1228 4649 1580 4739 Diab010‚
1627 4655 1758 4719 aut
1836 4644 1909 4717 in
1976 4643 2235 4716 anima

338 4725 653 4846 βξεοῖἃὲῗεῖῗ-
688 4775 1056 4850 existente
1092 4771 1165 4842 in
1240 4774 1548 4865 peccato
1598 4761 1921 4853 mortali,
1955 4782 2047 4833 ex
2078 4781 2232 4856 quo

341 4845 626 4956 daupffig:
689 4889 1018 4987 estquid
1095 4885 1560 4974 absolutum,
1606 4903 1748 4952 nec
1818 4875 2236 4974 requiritur

428 4975 562 5021 ΠΜ
693 5010 935 5081 forma
1022 4998 1403 5077 contraria
1498 4993 1932 5071 necessario
2037 4991 2234 5088 abji-

692 5123 987 5199 cienda.

442 5261 550 5325 21,
788 5239 895 5314 Ad
933 5233 1463 5311 auctoritatem
1508 5228 1917 5322 Augustini
1958 5227 2049 5301 de
2108 5227 2227 5299 83.

362 5375 439 5424 Ad
474 5373 626 5437 quin·
693 5352 1254 5456 quaestionibus
1296 5357 1566 5444 quaest.
1629 5357 1769 5420 etc.
1830 5345 1998 5419 ideo
2058 5342 2237 5417 arli-

432 5442 563 5488 tum.
687 5474 869 5573 fiaes
900 5497 1053 5547 non
1078 5473 1399 5568 possunt
1440 5487 1720 5549 creare,
1765 5465 1945 5562 quia
2001 5468 2239 5559 ayunt

680 5613 1161 5691 percorpus,
1206 5585 1375 5658 dico
1409 5583 1612 5680 quod
1675 5584 1835 5655 haec
1907 5591 2019 5655 ost
2079 5603 2235 5654 una

2082 381 2326 452 LIBRI
2372 378 2492 450 lv.

2329 559 2547 640 ratio,
2601 576 2837 652 quare
2888 550 3220 626 artifices
3296 572 3455 623 non
3554 550 3875 644 possunt

2325 695 2615 765 creare,
2661 672 2793 747 sed
2855 694 3007 745 non
3054 677 3167 743 est
3223 667 3548 766 praecisa
3589 674 3661 740 et
3717 671 3872 737 tota

2327 790 2518 864 ratio
2556 817 2572 882 3
2621 789 2790 862 ideo
2835 810 2988 860 non
3032 786 3382 883 sequitur
3443 781 3868 872 conclusio,

2327 907 2510 1004 quia
2541 906 2614 979 in
2653 906 2908 980 causis
2976 903 3321 1003 praecisis
3381 903 3574 976 bene
3669 909 3872 973 tenet

2327 1022 2497 1096 talis
2545 1020 2815 1095 modus
2855 1018 3258 1115 arguendi,
3306 1017 3505 1092 sicut
3531 1013 3872 1090 affirma-

2327 1138 2430 1212 tio
2459 1146 2574 1213 est
2604 1158 2835 1211 causa
2877 1134 3433 1227 affirmationis,
3461 1143 3533 1207 et
3565 1130 3869 1227 negatio

2327 1264 2442 1330 est
2479 1277 2714 1330 causa
2754 1232 3215 1349 negationis.

2423 1372 2533 1445 Ad
2569 1370 2758 1444 illud
2791 1368 3145 1444 Auctoris
3199 1368 3292 1443 de
3360 1365 3657 1458 Causis,
3703 1363 3870 1438 dico
3954 1361 4182 1475 *eugy-

2327 1486 2534 1584 quod
2566 1486 2674 1560 sic
2722 1495 2836 1560 est
2867 1483 3367 1581 intelligenda
3398 1482 3531 1556 illa
3588 1504 3873 1579 propo-
3905 1488 4078 1538 Prima
4109 1501 4217 1551 per·

2327 1600 2499 1674 sitio
2543 1609 2834 1696 quarta,
2868 1599 3075 1695 quod
3112 1597 3357 1695 prima
3388 1594 3747 1693 perfectio
3791 1617 3868 1665 m
3902 1550 4200 1666 τῖῗιῖιῃῖι-ἑῖἶ

2329 1717 2561 1792 rebus
2601 1715 2877 1790 creatis
2908 1714 3177 1789 ordine
3211 1711 3536 1810 originis
3593 1720 3667 1786 et
3729 1734 3872 1783 na-
3903 1680 4224 1802 ζῖζξῗζιῖἳξ.

2328 1846 2523 1908 turae
2556 1842 2884 1923 estesse,
2958 1832 3091 1906 sed
3135 1854 3290 1906 non
3366 1829 3635 1905 ordine
3698 1851 3874 1925 per-
3991 1808 4161 1853 ⁰⁸²⁰*

2330 1950 2731 2042 fectionis3
2777 1949 2838 2023 si
2919 1948 3124 2023 enim
3186 1972 3344 2022 esse
3411 1954 3614 2021 esset
3675 1965 3877 2017 unus

2332 2076 2548 2141 actus
2580 2066 2803 2139 datus
2836 2089 2880 2138 a
2910 2065 3070 2138 Deo
3105 2072 3275 2161 post
3306 2064 3626 2137 formam
3707 2059 3881 2134 sub-

2331 2185 2796 2278 stantialem,
2837 2193 3205 2280 tanquam
3266 2181 3623 2257 accidens
3653 2179 3750 2271 ei,
3801 2186 3881 2251 ut

2334 2301 2462 2376 alii
2550 2302 3099 2398 imaginantur,
3162 2323 3317 2372 non
3395 2298 3619 2371 video
3684 2318 3881 2392 quo-

2340 2418 2559 2491 modo
2604 2426 2805 2491 esset
2846 2416 3094 2515 prima
3131 2413 3494 2514 perfectio
3524 2413 3601 2486 in
3648 2412 3880 2486 rebus

2336 2534 2637 2625 creatis,
2675 2557 2817 2609 nec.
2885 2533 3273 2631 quomodo
3329 2540 3529 2607 esset
3585 2529 3882 2628 primus

2336 2652 2727 2727 terminus·
2753 2651 3192 2745 creationiS,
3228 2658 3301 2725 et
3351 2648 3667 2725 effectus
3708 2670 3886 2745 pro-

2338 2768 2552 2867 prius
2576 2768 2765 2843 De0.

2857 3080 3258 3160 QUAESTIO
3308 3082 3390 3148 11.

2346 3256 2587 3320 Utrum
2618 3253 2762 3320 haec
2789 3253 2879 3320 sit
2911 3270 3041 3341 per
3073 3272 3141 3317 se
3197 3247 3583 3318 essentialis
3637 3245 3888 3336 defini-

2428 3361 2523 3428 tio
2588 3360 3049 3441 Sacramentv',
3092 3359 3281 3447 quod
3333 3366 3433 3424 est
3489 3353 3883 3425 invisibilis

2428 3465 2683 3553 gratiae
2714 3463 3023 3534 visibilis
3055 3463 3290 3532 forma
3335 3467 3367 3530 ‘2

2340 3667 2582 3732 August.
2637 3662 2721 3716 10.
2779 3662 2941 3716 civit.
2997 3676 3116 3730 cap.
3177 3661 3231 3714 5.
3281 3659 3490 3716 Isidor.
3547 3660 3602 3714 6.
3636 3658 3878 3729 Etymol.

2408 3751 2528 3804 cap.
2560 3733 2649 3788 28.
2685 3737 2848 3804 Hugo
2895 3731 3177 3787 Victor-in.
3222 3731 3287 3786 de
3331 3730 3577 3786 Sacram.
3629 3735 3772 3799 part.
3821 3730 3879 3785 9.

2410 3822 2529 3871 cap.
2578 3823 2616 3860 1.
2667 3807 2859 3859 Ateus.
2924 3804 2974 3858 4.
3026 3812 3169 3870 part.
3211 3806 3407 3874 quaest.
3441 3818 3481 3860 1.
3512 3802 3710 3856 memb.
3746 3802 3798 3855 4.
3831 3803 3884 3857 et

2447 3881 2604 3933 uaest.
2637 3877 2691 3932 8.
2724 3893 2798 3931 m.
2830 3877 2884 3930 2.
2916 3876 2979 3932 D.
3006 3875 3215 3931 Thom.
3264 3875 3353 3930 hic
3395 3881 3589 3946 querat.
3641 3890 3677 3928 1.
3727 3883 3779 3929 ee
3823 3872 3879 3928 3.

2465 3991 2475 4002 .
2513 3949 2820 4003 Bonavent.
2855 3945 2999 4002 ibid.
3034 3947 3161 4001 dub.
3208 3948 3261 4001 2.
3312 3944 3564 4001 litterali.
3609 3943 3880 4000 Richard.

2409 4029 2522 4075 art.
2556 4036 2595 4074 1.
2629 4024 2820 4090 quaest.
2854 4036 2894 4073 ι.
2933 4019 3159 4074 Aut-eol.
3189 4026 3380 4088 qua-st.
3430 4018 3485 4073 2.
3533 4026 3648 4073 art.
3694 4018 3749 4071 2.
3780 4021 3883 4071 Du·

2410 4093 2579 4147 rand.
2619 4097 2816 4162 quaest.
2841 4107 2882 4145 1.
2910 4090 3073 4146 Suur.
3109 4089 3161 4144 3.
3192 4095 3339 4160 part.
3374 4093 3502 4145 tom.
3553 4089 3607 4144 3.
3651 4087 3791 4158 disp.
3839 4104 3880 4142 1.

2408 4170 2538 4218 sect.
2573 4163 2624 4217 4.
2665 4165 2916 4233 Vasquez
2945 4162 2998 4216 3.
3042 4169 3186 4233 part.
3238 4160 3378 4232 disp.
3429 4162 3548 4218 127.
3585 4160 3791 4216 Scotus
3821 4161 3884 4214 in

2412 4235 2584 4291 Oxou.
2620 4234 2709 4289 hio
2736 4239 2929 4305 quaest.
2961 4238 3016 4288 2.

2434 4416 2803 4512 Arguitur
2843 4412 3047 4511 quod
3088 4436 3272 4486 non.
3319 4409 3682 4486 Definitio
3725 4433 3880 4483 non
4041 4437 4107 4500 s,

2338 4544 2453 4609 est
2482 4533 2630 4607 nisi
2666 4531 2874 4605 illius
2915 4529 3121 4627 quod
3153 4536 3267 4604 est
3297 4552 3435 4626 per
3472 4551 3552 4602 se
3578 4550 3819 4602 unum
3859 4555 3877 4619 3
3981 4554 4201 4623 argum.

2340 4659 2544 4747 patet
2585 4649 2653 4719 7.
2701 4646 3046 4743 Metaplz.
3092 4653 3276 4720 teoet.
3340 4668 3506 4742 cap.
3558 4645 3672 4717 16.
3719 4643 3884 4716 110-
3947 4630 4206 4681 prunum.

2340 4791 2463 4840 mo
2540 4768 2762 4840 albus
2831 4762 3115 4838 ibidem
3174 4761 3599 4836 secundum
3669 4783 3877 4854 eum,

2342 4909 2494 4958 non
2574 4891 2821 4982 potest
2893 4877 3223 4955 definiri.
3299 4877 3882 4952 Sacramentum

2341 5025 2495 5074 non
2530 5011 2644 5074 est
2683 4996 2971 5094 aliquid
3025 5018 3159 5093 per
3208 5017 3288 5068 se
3361 5018 3600 5067 unum
3639 5022 3655 5086 3
3703 5016 3886 5090 ergo

2340 5116 2507 5213 ejus
2544 5140 2694 5189 non
2766 5123 2881 5188 est
2944 5111 3204 5209 aliqua
3265 5132 3420 5182 una
3477 5107 3884 5204 definiti03

2340 5256 2523 5328 ergo
2592 5228 2959 5329 praedicta
3032 5223 3377 5301 definitio
3456 5248 3610 5298 non
3654 5225 3883 5298 valet.

2340 5347 2596 5419 Minor
2629 5352 2831 5443 patet
2900 5364 3034 5440 per
3082 5339 3598 5435 Augustinum
3658 5361 3892 5436 super

2339 5463 2623 5537 Joamz.
2689 5458 2981 5535 Homil.
3054 5458 3192 5532 88.
3276 5463 3350 5530 et
3425 5456 3734 5553 ponitur
3817 5455 3882 5527 1.

2343 5590 2616 5678 quaest.
2661 5580 2730 5650 2.
2794 5602 2959 5675 cap.
3027 5572 3385 5658 Detrahe,
3442 5583 3511 5647 et
3563 5572 3893 5647 habetur
