4295 6326
286 4659 394 4725 10.

181 4774 263 4824 An
294 4788 457 4825 causa

167 4838 339 4900 prima
371 4851 491 4900 pos-

196 4900 266 4949 sit
299 4914 457 4962 agere

221 4976 344 5010 cum
380 4977 456 5013 ee·

167 5026 346 5095 cunda
384 5024 489 5090 pri-

207 5101 309 5144 ori,
347 5101 458 5138 sivo

219 5150 457 5202 secunda

167 5213 467 5277 posteriori.

1624 467 1852 538 DIST.
1902 466 2091 537 XIV.
2144 464 2563 545 QUAESTIO
2613 464 2699 532 ΙΙ.
3607 452 3731 532 34¹1

527 636 703 734 plus
743 639 900 735 agit
960 663 1190 738 quam
1277 641 1449 717 fecit
1515 665 1687 717 cum
1754 638 2073 726 fortiori,

529 758 961 853 supplendo
1028 759 1406 834 defectum
1450 783 1707 834 causae
1756 758 2076 833 debilio-

531 872 678 965 ris;
737 873 907 949 ideo
958 875 1135 949 licet
1192 877 1627 953 intellectus
1690 887 1762 950 et
1810 877 2078 950 volun-

2190 637 2469 712 cundae
2504 636 2945 735 posterioris
2975 635 3015 708 ‘2
3045 636 3145 711 Ut
3174 636 3238 711 si
3279 639 3530 712 solum
3589 639 3732 711 ha-

2187 754 2361 828 beat
2423 753 2773 827 eamdem
2835 753 3214 827 actionem
3274 753 3366 828 ad
3402 776 3731 849 genera-

2185 868 2473 943 tionem
2525 869 2891 962 hominis,
2958 892 3189 967 quam
3252 869 3593 957 haberet,
3668 869 3731 942 si

526 998 643 1063 tas
675 1002 1063 1088 ponantur
1124 994 1394 1079 activa,
1453 994 1704 1068 adhuc
1762 1002 2077 1091 possent
2175 992 2402 1082 'pater
2459 995 2533 1058 et
2639 994 2878 1059 mater
2971 994 3315 1081 agerent,
3407 985 3727 1060 dubium

531 1129 756 1203 agere
803 1109 895 1182 ad
952 1134 1337 1184 summum
1374 1118 1656 1204 actum,
1702 1110 1877 1185 licet
1916 1134 2071 1185 non

523 1245 828 1305 summe
914 1226 1007 1299 ad
1111 1250 1529 1301 summum.

630 1338 779 1413 Sed
824 1340 1144 1416 dubium
1187 1350 1326 1437 est,
1365 1366 1461 1417 an
1525 1342 1691 1418 istae
1732 1342 2074 1417 actiones

527 1431 879 1531 differant
907 1459 1159 1556 specie
1190 1459 1230 1533 ‘2
1256 1460 1446 1548 Quia
1473 1460 1649 1535 licet
1674 1461 2073 1535 fruitiones

527 1578 1149 1675 aeque'perfectae
1189 1579 1486 1677 possint
1525 1578 1826 1654 causari
1871 1587 2069 1653 tota-

526 1691 699 1766 liter
729 1719 774 1768 a
806 1694 1050 1792 prima
1085 1718 1318 1770 causa
1357 1695 1436 1769 in
1479 1698 1873 1771 voluntate
1913 1698 2070 1770 An-

526 1809 677 1905 geli
712 1820 786 1884 et
827 1811 1191 1906 hominis,
1237 1823 1398 1887 esto
1464 1813 1667 1911 quod
1712 1815 2071 1887 volunta-

525 1937 637 2002 tes
685 1937 984 2004 tantum
1041 1953 1122 2005 se
1167 1930 1500 2005 habeant
1562 1931 1894 2029 passive,
1946 1933 2070 2007 vel

525 2054 688 2119 esto
780 2047 984 2143 quod
1064 2056 1297 2144 agant
1354 2048 1654 2123 actione
1723 2049 2067 2146 ejusdem

525 2162 838 2260 speciei,
876 2174 1130 2238 tamen
1194 2164 1254 2239 si
1318 2165 1659 2240 actiones
1724 2167 2073 2240 volunta-

526 2287 682 2350 tum
757 2278 1123 2354 differunt
1197 2280 1477 2379 specie,
1574 2304 1888 2356 necesse
1957 2292 2071 2357 est

530 2381 931 2470 fruitiones
964 2395 1269 2472 differre
1303 2399 1558 2495 specie
1611 2421 1702 2473 ex
1743 2398 2071 2473 diversi-

526 2518 676 2584 tate
710 2510 1069 2608 specifica
1136 2536 1393 2587 causac
1435 2511 1740 2610 prioris.
1805 2512 1942 2587 Vel
2003 2513 2066 2587 si

525 2626 734 2699 Deus
778 2637 1201 2701 assumeret
1229 2630 1637 2725 Angelum,
1685 2637 1760 2702 et
1799 2651 2068 2726 oequa-

527 2743 699 2817 liter
728 2754 1083 2841 coageret
1113 2746 1491 2821 voluntati
1523 2746 1825 2842 Angeli‚
1872 2746 2069 2820 sicut

526 2860 751 2934 modo
791 2861 1168 2935 voluntati
1218 2861 1503 2936 animae
1578 2862 1891 2956 Christi,
1935 2863 2068 2937 illa

523 2972 780 3048 fruitio
828 2984 1028 3050 esset
1094 2976 1526 3074 perfectior,
1591 3000 1767 3051 cum
1809 2986 2063 3052 tamen

525 3089 808 3166 dictum
855 3091 947 3166 sit
1002 3093 1207 3190 quod
1262 3116 1418 3168 non
1462 3102 1710 3193 potest
1786 3096 2068 3193 perfec-

525 3208 670 3282 tior
707 3209 964 3284 fruitio
1005 3212 1292 3307 creari3
1340 3212 1508 3287 dico
1551 3213 1757 3311 quod
1799 3214 2067 3288 termi-

525 3348 673 3399 nus
700 3326 1012 3424 ponitur
1044 3350 1135 3401 ex
1163 3337 1376 3426 parte
1444 3327 1710 3404 formae
1769 3328 2069 3404 fruitio-

528 3442 674 3531 nis,
712 3450 787 3516 et
817 3466 968 3517 non
1007 3466 1100 3517 ex
1166 3453 1380 3541 parte
1433 3468 1690 3519 causae
1737 3446 2060 3542 agentis.

527 3557 745 3632 Unde
788 3558 918 3633 illa
950 3559 1234 3647 fruitio,
1282 3583 1458 3657 quae
1491 3586 1645 3635 non
1687 3562 1909 3636 estin
1945 3587 2068 3637 vo-

525 3675 813 3747 luntate
856 3674 1135 3749 animae
1167 3675 1476 3769 Christi,
1515 3677 1940 3751 intenditur
1970 3680 2063 3753 ad

520 3792 845 3887 gradum
886 3790 1197 3886 animae,
1243 3794 1444 3890 quod
1478 3794 1581 3868 ita
1625 3796 1823 3868 ultra
1854 3795 2059 3869 illam

519 3930 670 3979 non
716 3916 829 3980 est
859 3908 1144 4002 gradus
1194 3909 1573 3983 creabilis.
1629 3912 1720 3984 Et
1751 3910 1812 3984 si
1854 3910 2064 3985 Deus

517 4033 871 4120 coageret
905 4025 1279 4099 voluntati
1346 4026 1647 4123 Angeli‚
1713 4050 1889 4125 qua?
1948 4038 2065 4102 est

519 4140 761 4236 magis
801 4140 1048 4216 activa
1087 4142 1164 4214 in
1227 4150 1525 4233 natura,
1577 4168 1732 4217 non
1805 4154 2063 4241 posset

517 4279 839 4352 coagere
872 4256 1022 4332 nisi
1055 4257 1148 4332 ad
1192 4258 1430 4352 illam,
1486 4259 1657 4334 ideo
1701 4260 2062 4359 impossi-

517 4373 669 4447 bile
712 4382 851 4467 est,
888 4374 1092 4471 quod
1143 4381 1437 4449 tantum
1475 4385 1747 4473 coagat
1805 4400 2061 4453 causae

519 4486 808 4562 fortiori
841 4487 916 4561 in
951 4489 1249 4585 agendo
1291 4489 1489 4565 sicut
1528 4490 1907 4566 debiliori.

614 4605 726 4678 Ad
840 4605 1265 4679 secundum
1362 4606 1798 4696 articulum,
1890 4606 2060 4681 dico

520 4722 724 4819 quod
765 4721 1085 4797 dubium
1134 4731 1249 4797 est
1296 4723 1359 4797 si
1421 4746 1654 4799 causa
1702 4724 2063 4823 simplici-

517 4849 632 4913 ter
661 4839 909 4938 prima
974 4847 1221 4937 potest
1288 4863 1515 4937 agere
1584 4865 1758 4915 cum
1827 4864 2063 4916 causa

518 4956 859 5032 secunda
915 4956 1197 5054 priore,
1259 4966 1333 5030 et
1391 4959 1750 5055 supplere
1819 4957 2062 5032 actio-

519 5099 696 5149 nem
785 5097 1042 5148 causae
1132 5074 1495 5148 secundae
1579 5073 2054 5172 posterioriS,

519 5191 704 5290 quia
737 5190 911 5263 licet
941 5190 1152 5263 Deus
1183 5199 1441 5287 posset
1481 5214 1799 5265 causare
1843 5189 2062 5266 effec-

517 5319 677 5382 tum
758 5305 1199 5381 immediate
1291 5306 1457 5381 sine
1536 5308 1744 5380 omni
1825 5332 2060 5382 causa

516 5422 882 5517 secunda,
914 5432 1164 5496 tamen
1215 5421 1536 5495 dubium
1589 5423 1920 5517 videtur,
1994 5425 2056 5499 si

516 5552 691 5640 agat
759 5566 931 5617 cum
1016 5564 1169 5615 una
1227 5565 1462 5616 causa
1536 5542 1897 5628 secunda,
1957 5566 2053 5616 an

515 5661 756 5761 possit
787 5661 1147 5759 supplere
1188 5659 1567 5734 actionem
1618 5684 1874 5736 causae
1934 5684 2058 5735 se-

2182 1101 2516 1194 videtur,
2588 1101 2647 1176 si
2721 1102 2932 1177 Deus
3026 1110 3276 1200 potest
3368 1103 3728 1199 supplere

2184 1217 2559 1292 actionem
2590 1218 2825 1315 patris
2857 1227 2931 1292 et
2963 1218 3422 1311 matriS,sole
3453 1228 3729 1315 agente

2187 1336 2731 1410 uniformiter?
2809 1338 2900 1409 Et
2957 1335 3262 1410 videtur
3327 1336 3532 1433 quod
3585 1335 3722 1430 sic,

2182 1451 2367 1549 quia
2407 1452 2469 1525 si
2513 1453 2722 1527 Deus
2755 1461 3003 1550 potest
3043 1452 3403 1550 supplere
3456 1476 3727 1526 omnes

2181 1570 2524 1644 actiones
2564 1592 2973 1645 causarum
3029 1570 3543 1644 secundarum
3593 1570 3730 1643 im-

2183 1687 2510 1762 mediate
2548 1715 2566 1781 ;
2614 1687 2849 1783 igitur
2881 1696 3130 1784 potest
3174 1688 3535 1784 supplere
3597 1710 3727 1761 ac-

2179 1801 2465 1877 tionem
2576 1804 2834 1898 unius,
2943 1802 3394 1876 dimittendo
3493 1802 3719 1876 aliam

2183 1920 2464 1995 habere
2492 1920 2868 1995 actionem
2933 1943 3178 1995 suam.

2277 2037 2765 2111 Contrarium
2826 2036 3155 2130 videtur,
3230 2037 3412 2133 quia
3488 2058 3723 2109 causa
3751 2041 4069 2156 geaffiigngfi

2179 2155 2521 2229 secunda
2575 2155 3034 2230 universalis
3097 2165 3350 2229 movet
3407 2178 3714 2228 causam
3749 2172 4070 2243 movemur-

2178 2271 2594 2345 secundam
2665 2271 3235 2369 particularem,
3316 2271 3420 2344 ita
3512 2233 4044 2367 quoducuiarem.

2177 2409 2409 2461 causa
2441 2386 2780 2460 secunda
2820 2385 3195 2483 posterior
3236 2396 3490 2461 movet
3517 2396 3724 2459 mota

2179 2526 2224 2577 a
2299 2527 2535 2577 causa
2610 2504 2862 2600 priore
2927 2503 3419 2595 universali3
3492 2502 3727 2599 igitur

2179 2642 2331 2692 non
2364 2629 2614 2716 potest
2665 2619 2872 2693 Deus
2932 2621 3292 2717 supplere
3345 2619 3725 2693 actionem

2180 2736 2373 2831 erS,
2441 2735 2588 2810 nisi
2666 2737 2909 2833 possit
2982 2736 3263 2811 habere
3351 2736 3726 2811 rationem

2177 2875 2433 2927 causae
2477 2853 2857 2928 moventis
2910 2863 3188 2944 motae3
3265 2855 3405 2929 boc
3467 2862 3726 2928 autem

2176 2969 3011 3068 videturimpossibile.
3075 2970 3459 3044 Ponentes
3519 2970 3726 3044 enim

2181 3086 2596 3183 potentiam
2630 3111 2796 3162 esse
2845 3110 3157 3162 causam
3219 3087 3722 3187 principalem

2178 3206 2477 3303 objecto
2523 3216 2906 3299 movente,
2942 3209 3060 3281 vel
3126 3230 3166 3281 e
3217 3218 3509 3301 contra,
3567 3232 3723 3281 non

2177 3323 2538 3398 videntur
2567 3348 2853 3422 ponere
2895 3324 3101 3422 quod
3153 3324 3494 3422 potentia
3554 3325 3721 3400 sine

2178 3442 2475 3539 obJ'ecto
2553 3453 2811 3541 posset
2895 3466 3215 3518 causare
3310 3444 3719 3539 visionem,

2176 3581 2319 3632 nec
2354 3559 2581 3633 etiam
2616 3583 2655 3633 e
2699 3569 3018 3651 contra3
3064 3582 3203 3633 nec
3247 3559 3472 3634 etiam
3519 3560 3724 3635 vide-

2175 3683 2300 3748 tur
2367 3676 2763 3773 probabile
2842 3675 3268 3750 secundum
3343 3687 3720 3774 ponentes

2175 3791 2379 3886 quod
2415 3801 2628 3887 pater
2664 3799 2738 3864 et
2804 3800 3045 3865 mater
3119 3799 3300 3864 sunt
3359 3791 3716 3865 activain

2172 3906 2667 4008 generatione
2731 3906 2994 4004 prolis,
3052 3906 3254 4004 quod
3308 3907 3555 4003 posita
3603 3931 3719 3982 ac-

2170 4024 2377 4099 tione
2446 4025 2683 4122 patris
2741 4033 3000 4122 posset
3058 4025 3268 4098 Deus
3354 4027 3713 4123 supplere

2170 4142 2545 4216 actionem
2594 4140 2880 4215 matris.

2267 4258 2453 4332 Dico
2505 4257 2709 4354 quod
2752 4256 2815 4331 si
2872 4256 3039 4330 talis
3097 4266 3212 4331 est
3265 4258 3451 4331 ordo
3512 4257 3711 4332 inter
3859 4282 3964 4348 11,

2169 4397 2442 4448 causas
2510 4373 2920 4467 secundas,
2976 4372 3180 4470 quod
3252 4398 3407 4448 non
3462 4384 3711 4473 potest

2169 4514 2401 4566 causa
2471 4489 2812 4565 secunda
2880 4490 3379 4589 principalior
3448 4516 3704 4590 agere,

2170 4608 2315 4682 nisi
2361 4617 2662 4683 moveat
2692 4608 3092 4682 actualiter
3136 4608 3390 4683 minus
3420 4611 3710 4707 princi-

2168 4726 2367 4822 pale,
2427 4726 2552 4799 vel
2633 4724 2834 4823 quod
2916 4724 3112 4799 actio
3165 4747 3421 4800 causae
3452 4726 3711 4803 minus

2169 4841 2613 4940 principalis
2700 4866 2855 4916 non
2940 4843 3180 4940 possit
3242 4845 3585 4942 suppleri
3668 4871 3713 4921 a

2169 4981 2658 5055 quacumque
2691 4959 2843 5032 alia
2882 4982 3141 5053 causa,
3203 4969 3382 5033 tunc
3420 4961 3710 5059 impos-

2168 5074 2387 5149 sibile
2431 5085 2545 5148 est
2584 5075 2787 5171 quod
2846 5077 3203 5150 voluntas
3263 5078 3714 5174 perfectissi-

2173 5216 2294 5266 ma
2364 5192 2718 5265 fruitione
2787 5192 3108 5285 fruatur,
3172 5202 3245 5267 et
3323 5188 3711 5291 quodibi

2170 5308 2448 5382 habeat
2504 5307 2878 5382 actionem
2958 5297 3181 5382 suam
3252 5309 3417 5384 sine
3479 5335 3713 5387 causa

2167 5423 2508 5499 secunda
2563 5422 3063 5497 subordinata
3120 5424 3293 5517 sibi,
3359 5424 3564 5499 Deus
3609 5437 3712 5502 ta-

2169 5565 2342 5616 men
2398 5549 2656 5639 posset
2705 5538 3139 5615 immediate
3187 5543 3545 5640 supplere
3594 5566 3711 5616 ac-

2172 5658 2456 5731 tionem
2502 5655 2905 5752 utriusque
2940 5679 3247 5752 causae,
3293 5667 3367 5732 et
3423 5668 3601 5734 tunc
3643 5659 3705 5734 si

4016 5957 4232 6140 f*
