4295 6326
1482 444 1710 516 DIST.
1759 444 1969 515 XLII.
2023 442 2442 525 QUAESTIO
2486 443 2606 513 IV.
3049 446 3095 464 ”
3535 446 3666 514 219

445 616 539 691 ad
593 617 831 712 aliud,
874 621 1236 694 voluntas
1305 629 1562 695 movet
1624 619 1717 694 ad
1785 628 1999 694 stan-

447 732 630 804 dum
664 732 741 806 in
776 735 1391 812 consideratione
1433 735 1667 811 illius.
1715 735 1996 824 Quinto

444 849 675 923 modo
733 850 1013 925 dicitur
1067 852 1272 950 quod
1326 853 1402 926 in
1444 862 1816 951 potestate
1874 878 2000 928 vo-

445 964 764 1040 luntatis
833 991 986 1041 non
1057 980 1172 1042 est
1238 969 1573 1066 cognitio
1642 970 1993 1067 simplex,

445 1081 577 1155 sed
638 1082 1069 1160 discursiva
1109 1095 1183 1160 et
1223 1086 1698 1183 inquisitiva,
1758 1096 1830 1161 et
1888 1087 1997 1161 sic

446 1199 705 1275 habita
747 1201 1074 1301 simplici
1118 1205 1388 1278 notitia
1427 1214 1680 1279 movet
1721 1204 1813 1278 ad
1854 1203 1999 1279 dis·

445 1339 857 1393 curslvam.

214 1470 321 1538 10·
545 1433 827 1509 Contra
883 1437 1218 1535 primum
1282 1437 1589 1511 modum
1640 1438 1732 1512 de
1774 1438 1997 1513 habi-

104 1586 393 1660 Rejipitur,
448 1550 637 1624 tuali
723 1552 1188 1648 cognitione,
1275 1553 1457 1652 quia
1522 1553 1995 1652 impossibile

152 1663 350 1716 pruna.
446 1676 564 1742 est
627 1668 1101 1744 voluntatem
1167 1671 1364 1744 velle
1433 1670 1723 1767 aliquid
1790 1682 1989 1759 actu,

444 1785 592 1858 nisi
680 1785 776 1858 sit
854 1785 1177 1861 actualis
1240 1786 1652 1861 intellectio
1713 1787 1789 1859 in
1873 1787 1998 1860 in-

301 1927 315 1941 ·
442 1902 817 1995 tellectu3
893 1903 1110 1977 nulla
1176 1902 1382 1977 enim
1462 1903 1795 1999 cognitio
1854 1906 1997 1978 ha-

441 2016 756 2092 bitualis
823 2017 1106 2093 sufficit
1170 2018 1263 2092 ad
1350 2018 1792 2094 volitionem
1855 2020 1997 2094 ob-

433 2132 615 2230 jecti
659 2137 1068 2229 actualem,
1128 2135 1311 2234 quia
1350 2143 1533 2209 tunc
1573 2135 1990 2231 dormienS,

443 2259 517 2325 et
560 2251 757 2326 alius
799 2262 1516 2349 quantumcumque
1557 2252 1989 2346 distractum,

442 2379 703 2466 posset
760 2370 957 2444 velle
1004 2369 1294 2466 aliquid
1363 2380 1628 2443 notum
1699 2369 1775 2442 in
1855 2371 1997 2444 ha-

446 2485 635 2559 bitu.

114 2600 379 2715 lfffidgff·
545 2600 826 2675 Contra
892 2601 1315 2676 secundum
1375 2601 1717 2695 modum,
1789 2602 1995 2699 quod

446 2717 859 2792 intellectio
914 2718 992 2791 in
1037 2718 1458 2793 universali
1502 2742 1656 2793 non
1718 2716 1998 2792 sufficit

444 2834 539 2908 ad
574 2836 718 2909 hoc
748 2834 954 2932 quod
988 2836 1172 2909 velit
1212 2834 1502 2933 aliquid
1552 2835 1627 2907 in
1672 2835 1998 2933 particu-

441 2950 611 3045 lari,
677 2952 859 3051 quia
899 2962 1083 3026 tunc
1142 2952 1581 3049 intelligens
1630 2951 1990 3050 lapidem,

441 3092 614 3142 cum
685 3068 762 3141 in
842 3092 932 3144 eo
1019 3069 1494 3167 intelligatur
1567 3069 1997 3143 substantia

440 3208 834 3284 corporea,
909 3187 987 3260 in
1057 3210 1240 3285 qu0,
1292 3195 1373 3260 ut
1420 3186 1497 3259 in
1542 3186 1990 3282 universali,

440 3302 935 3378 continentur
973 3301 1233 3377 omnia
1272 3302 1478 3377 bona
1506 3301 1876 3396 volibilia,
1917 3311 1998 3377 ut

442 3445 746 3517 aurum,
791 3431 865 3497 et
924 3422 1090 3516 boS,
1135 3430 1276 3499 etc.
1338 3420 1811 3517 hujusmodi,
1870 3445 1996 3496 se-

440 3539 702 3636 quitur
750 3538 955 3636 quod
998 3536 1412 3611 intellectio
1458 3536 1733 3635 lapidis
1774 3520 2035 3610 susti-⁸

437 3653 586 3728 ciat
644 3653 735 3726 ad
808 3652 1221 3727 volendum
1283 3674 1588 3737 aurum,
1672 3652 1794 3726 vel
1853 3652 1995 3727 bo-

436 3794 637 3864 vem,
702 3770 909 3867 quod
973 3769 1247 3843 falsum
1308 3778 1448 3841 est.

535 3887 750 3979 ltem,
856 3884 1273 3959 intellectio
1364 3883 1441 3955 in
1536 3883 1985 3979 universali,

435 4005 552 4076 vel
622 4012 737 4078 est
808 4001 1007 4076 idem
1080 4024 1255 4075 cum
1318 3999 1841 4075 intellectione
1912 4001 1987 4074 in

434 4118 904 4217 particulari,
943 4120 1062 4192 vel
1106 4118 1280 4192 alia.
1319 4116 1488 4190 Non
1526 4126 1773 4213 potest
1821 4141 1990 4193 esse

435 4237 610 4329 alia,
665 4235 848 4333 quia
887 4235 1085 4308 sicut
1120 4234 1553 4308 universale
1596 4233 1670 4306 in
1716 4233 1990 4331 singu-

435 4352 573 4425 lari
643 4375 795 4424 non
853 4359 966 4426 est
1025 4350 1230 4424 alind
1284 4372 1514 4446 quarn
1559 4347 1983 4445 singulare,

437 4468 543 4541 sic
616 4490 759 4541 nec
844 4465 1261 4540 intellectio
1352 4464 1815 4539 universalis
1910 4465 1987 4538 in

438 4581 879 4680 particulari
910 4591 1024 4656 est
1050 4580 1201 4655 alia
1231 4581 1325 4655 ab
1358 4580 1876 4655 intellectione
1911 4580 1987 4654 in

437 4698 932 4795 particulari;
978 4720 1159 4794 ergo
1202 4707 1315 4771 est
1367 4696 1566 4770 idem
1621 4695 1694 4769 in
1756 4698 1989 4795 parti-

436 4815 676 4890 culari
707 4843 726 4909 3
775 4813 905 4888 sed
937 4837 1074 4912 per
1102 4815 1301 4888 hanc
1335 4836 1489 4887 non
1536 4812 1991 4909 intelligitur

437 4933 581 5007 nisi
637 4935 785 5007 hoc
854 4929 1503 5024 determinatum3
1565 4954 1776 5027 erg0,
1837 4941 1981 5006 etc.

534 5053 749 5143 Item,
813 5049 1205 5123 intellectu
1267 5046 1743 5143 intelligente
1811 5049 1990 5123 uni-

436 5169 734 5243 versale
786 5175 1032 5263 potest
1091 5166 1448 5237 voluntas
1502 5164 1699 5239 velle
1740 5164 1990 5260 quod-

438 5285 620 5358 libet
678 5281 988 5355 volibile
1050 5289 1495 5354 contentum
1550 5279 1693 5353 sub
1734 5303 1852 5374 e0,
1910 5291 1989 5353 ut

438 5398 934 5497 intelligendo
1027 5397 1340 5491 animal,
1447 5404 1698 5493 potest
1789 5398 1985 5472 velle

436 5516 741 5609 hovem,
804 5539 976 5589 cum
1058 5525 1309 5588 tamen
1371 5513 1730 5603 voluntas
1818 5536 1987 5587 mea

439 5657 590 5707 non
663 5632 902 5730 possit
968 5632 1163 5705 velle
1232 5629 1538 5722 bovem,
1604 5628 1747 5702 nisi
1818 5629 1986 5727 ejus

2110 620 2406 717 species
2509 631 2868 696 cernatur
2954 620 3031 694 in
3120 621 3379 695 anima
3463 642 3662 713 mea,

2107 739 2232 812 vel
2318 738 2582 812 saltem
2658 740 3052 813 voluntate
3150 739 3452 812 volente
3522 736 3667 811 ali-

2109 854 2294 950 quid
2356 854 2432 927 in
2497 855 2967 952 particulari,
3022 864 3319 954 oportet
3381 854 3664 928 habere

2110 971 2440 1068 speciem
2514 974 2682 1071 ejus
2737 973 3327 1069 intelligibilem,
3390 982 3464 1047 et
3529 995 3666 1070 per

2108 1088 2317 1162 illam
2422 1087 3018 1164 intellectionem
3085 1090 3162 1162 in
3247 1088 3661 1162 universali

2107 1229 2261 1280 non
2321 1215 2683 1281 causatur
2750 1207 2881 1281 illa
2934 1206 3229 1305 species
3282 1207 3359 1280 in
3430 1207 3660 1279 intel-

2106 1322 2306 1395 lectu
2355 1346 2372 1407 ;
2432 1346 2615 1418 ergo
2656 1324 3016 1397 voluntas
3057 1322 3402 1397 causabit
3442 1323 3650 1396 illam

2106 1437 2439 1534 speciem
2502 1437 2578 1510 in
2639 1437 3057 1533 intellectu,
3094 1439 3297 1536 quod
3341 1463 3492 1513 non
3539 1438 3657 1509 vi-

2106 1553 2329 1628 detur
2374 1577 2672 1628 verum.

2204 1669 2487 1743 Contra
2515 1670 2821 1744 tertium
2866 1670 3206 1744 modum.
3255 1671 3462 1744 Bene
3514 1693 3656 1765 ego
3783 1690 3887 1756 11,

2104 1784 2443 1858 concedo
2525 1785 2729 1882 quod
2799 1787 3154 1859 voluntas
3208 1795 3455 1883 potest
3533 1808 3658 1858 re-
3709 1806 3974 1856 Externa.

2106 1899 2402 1974 mittere
2447 1900 3039 1975 intellectionem
3084 1900 3650 1988 inexistentem,

2104 2038 2259 2113 qua
2302 2016 2622 2091 remissa
2674 2025 2923 2115 potest
2989 2040 3392 2093 occurrere
3448 2016 3655 2091 aliud

2103 2132 2517 2230 objectum,
2608 2156 2877 2208 verum
2938 2142 3053 2207 est
3134 2157 3176 2207 a
3235 2156 3447 2226 casu,
3535 2134 3656 2207 vel

2103 2251 2310 2347 quod
2405 2261 2758 2326 occurrat
2858 2251 3068 2326 aliud
3143 2250 3652 2347 intelligibile,

2101 2367 2222 2441 vel
2286 2368 2641 2463 cogitatio
2728 2367 3045 2442 alterius
3116 2367 3653 2463 intelligibilis,

2104 2482 2223 2556 vel
2258 2482 2602 2578 ejusdem
2636 2482 2855 2557 aliter
2887 2504 3118 2580 quam
3164 2481 3404 2580 priuS,
3451 2482 3653 2578 quod

2105 2598 2417 2696 quidem
2500 2598 2983 2695 intelligibile
3062 2609 3367 2673 moveat
3430 2599 3659 2673 intel-

2105 2717 2382 2791 lectum
2446 2725 2521 2790 et
2558 2717 3062 2804 voluntatem,
3108 2725 3180 2790 et
3233 2716 3342 2790 sic
3406 2717 3653 2790 solum

2104 2833 2512 2907 casualiter
2542 2841 2741 2907 esset
2773 2832 3132 2928 cogitatio
3174 2833 3249 2905 in
3288 2840 3656 2930 potestate

2102 2949 2550 3024 voluntatis.
2587 2948 2912 3042 Deinde,
2981 2974 3129 3023 non
3175 2947 3258 3023 fit
3309 2974 3446 3048 per
3485 2974 3661 3024 con-

2101 3064 2540 3139 versionem
2608 3066 3054 3159 voluntatis,
3114 3089 3290 3139 cum
3351 3090 3504 3139 non
3563 3066 3659 3139 sit

2102 3182 2319 3281 prius
2373 3191 2642 3257 notum
2684 3183 2779 3257 ah
2838 3183 3258 3258 intellectu.

2203 3300 2614 3388 Praeterea‚
2663 3324 2815 3375 non
2859 3302 3106 3375 salvat
3146 3301 3652 3400 propositum,

2102 3419 2287 3516 quia
2365 3428 3081 3519 quantumcumque
3129 3421 3491 3495 voluntas
3549 3422 3658 3495 sic

2103 3546 2409 3611 moveat
2474 3537 2568 3610 ad
2628 3537 2863 3624 aliud,
2927 3537 3381 3612 remittendo
3447 3539 3657 3636 prio-

2102 3677 2262 3727 rem
2322 3662 2605 3746 actum,
2669 3656 2815 3727 hoc
2873 3662 3128 3728 tamen
3192 3679 3346 3728 non
3390 3666 3506 3730 est
3560 3657 3653 3729 ad

2100 3769 2391 3866 aliquid
2451 3770 3040 3845 determinatum
3103 3771 3484 3867 objectum
3547 3772 3654 3843 in-

2097 3885 2493 3981 telligendi
2582 3886 3008 3960 secundum
3101 3886 3304 3960 viam
3397 3887 3650 3981 istam,

2099 4002 2232 4077 sed
2285 4002 2375 4075 ad
2421 4003 2626 4098 quod
2671 4005 3130 4100 phantasma
3185 4003 3451 4078 fortius
3506 4029 3658 4078 mo-

2095 4126 2248 4191 vet.
2315 4117 2461 4191 Sed
2520 4117 2722 4214 quod
2786 4118 2894 4192 sic
2957 4128 3259 4192 moveat
3296 4120 3655 4216 phantas-

2098 4255 2251 4324 ma,
2349 4233 2808 4330 inquantum
2883 4235 3243 4307 voluntas
3339 4236 3653 4309 remittit

2096 4349 2431 4447 priorem
2488 4357 2742 4423 actum
2805 4349 3314 4445 intelligendi,
3361 4360 3476 4424 est
3517 4375 3654 4448 per

2097 4465 2455 4539 accidens
2539 4473 2887 4564 respectu
2945 4466 3427 4560 voluntatis3
3492 4491 3644 4540 non

2098 4581 2332 4678 igitur
2406 4582 2749 4656 salvatur
2815 4582 3203 4678 quomodo
3301 4581 3652 4657 voluntas

2096 4708 2346 4797 potest
2385 4722 2523 4798 per
2561 4722 2640 4774 se
2689 4708 3033 4774 avertere
3086 4699 3556 4774 intellectum
3608 4725 3653 4775 a

2096 4815 2710 4890 consideratione
2773 4815 3003 4889 unius
3054 4815 3149 4889 ad
3206 4815 3653 4890 considera-

2093 4932 2380 5006 tionem
2444 4930 2786 5005 alterius.

2193 5048 2473 5122 Contra
2539 5057 2898 5145 quartum
2959 5050 3303 5141 modum,
3349 5050 3443 5123 ad
3505 5052 3649 5125 hoc
3681 5102 3973 5166 mquam·

2095 5167 2299 5263 quod
2377 5167 2736 5241 voluntas
2813 5177 3106 5241 avertat
3173 5167 3642 5241 intellectum

2093 5282 2187 5357 ab
2236 5306 2415 5376 un0,
2462 5282 2551 5356 ad
2588 5282 3174 5378 intelligendum
3218 5283 3453 5377 aliud,
3491 5307 3644 5356 non

2092 5399 2515 5496 requiritur
2572 5422 2878 5497 semper
2937 5399 3349 5474 intellectio
3409 5401 3648 5473 colla-

2091 5513 2274 5605 tiva,
2338 5515 2499 5589 sive
2547 5517 3093 5613 comparativa,
3154 5515 3334 5612 quia
3406 5539 3643 5587 unum

2092 5631 2474 5728 objectum
2512 5640 2759 5731 potest
2807 5656 2944 5731 per
2992 5656 3072 5708 se
3107 5631 3427 5728 intelligi
3471 5630 3643 5705 abs-

3903 5954 4224 6215 f*
