<?xml version="1.0" encoding="UTF-8"?>
<!DOCTYPE html PUBLIC "-//W3C//DTD XHTML 1.0 Transitional//EN"
    "http://www.w3.org/TR/xhtml1/DTD/xhtml1-transitional.dtd">
<html xmlns="http://www.w3.org/1999/xhtml" xml:lang="en" lang="en">
 <head>
  <title>
</title>
<meta http-equiv="Content-Type" content="text/html;charset=utf-8" />
  <meta name='ocr-system' content='tesseract 3.04.00' />
  <meta name='ocr-capabilities' content='ocr_page ocr_carea ocr_par ocr_line ocrx_word'/>
</head>
<body>
  <div class='ocr_page' id='page_1' title='image "./joannisdunsscot00waddgoog_0125.png"; bbox 0 0 4295 6326; ppageno 0'>
   <div class='ocr_carea' id='block_1_1' title="bbox 1397 410 2615 493">
    <p class='ocr_par' dir='ltr' id='par_1_1' title="bbox 1397 410 2615 493">
     <span class='ocr_line' id='line_1_1' title="bbox 1397 410 2615 493; baseline 0.003 -15"><span class='ocrx_word' id='word_1_1' title='bbox 1397 411 1624 481; x_wconf 89' lang='lat' dir='ltr'><strong>DIST.</strong></span> <span class='ocrx_word' id='word_1_2' title='bbox 1674 410 1865 482; x_wconf 88' lang='lat' dir='ltr'><strong>XlII.</strong></span> <span class='ocrx_word' id='word_1_3' title='bbox 1911 411 2328 493; x_wconf 87' lang='lat' dir='ltr'><strong>QUAESTIO</strong></span> <span class='ocrx_word' id='word_1_4' title='bbox 2379 410 2615 483; x_wconf 83' lang='lat' dir='ltr'><strong>UNtc.</strong></span> 
     </span>
    </p>
   </div>
   <div class='ocr_carea' id='block_1_2' title="bbox 89 583 1960 5583">
    <p class='ocr_par' dir='ltr' id='par_1_2' title="bbox 409 583 1951 774">
     <span class='ocr_line' id='line_1_2' title="bbox 409 583 1951 683; baseline 0.001 -26"><span class='ocrx_word' id='word_1_5' title='bbox 409 583 586 658; x_wconf 88' lang='lat' dir='ltr'><strong>dem</strong></span> <span class='ocrx_word' id='word_1_6' title='bbox 625 585 943 679; x_wconf 85' lang='lat' dir='ltr'><strong>unitive,</strong></span> <span class='ocrx_word' id='word_1_7' title='bbox 1001 609 1158 659; x_wconf 91' lang='lat' dir='ltr'><strong>non</strong></span> <span class='ocrx_word' id='word_1_8' title='bbox 1218 595 1475 661; x_wconf 89' lang='lat' dir='ltr'><strong>autem</strong></span> <span class='ocrx_word' id='word_1_9' title='bbox 1534 585 1609 659; x_wconf 88' lang='lat' dir='ltr'><strong>in</strong></span> <span class='ocrx_word' id='word_1_10' title='bbox 1691 585 1951 683; x_wconf 90' lang='lat' dir='ltr'><strong>aliquo</strong></span> 
     </span>
     <span class='ocr_line' id='line_1_3' title="bbox 413 699 663 774; baseline 0.008 -2"><span class='ocrx_word' id='word_1_11' title='bbox 413 699 663 774; x_wconf 87' lang='lat' dir='ltr'><strong>finito.</strong></span> 
     </span>
    </p>

    <p class='ocr_par' dir='ltr' id='par_1_3' title="bbox 406 818 1960 1499">
     <span class='ocr_line' id='line_1_4' title="bbox 514 818 1960 913; baseline 0 -23"><span class='ocrx_word' id='word_1_12' title='bbox 514 820 605 890; x_wconf 86' lang='lat' dir='ltr'><strong>Et</strong></span> <span class='ocrx_word' id='word_1_13' title='bbox 642 841 818 892; x_wconf 90' lang='lat' dir='ltr'><strong>cum</strong></span> <span class='ocrx_word' id='word_1_14' title='bbox 852 818 1158 913; x_wconf 90' lang='lat' dir='ltr'><strong>dicitur,</strong></span> <span class='ocrx_word' id='word_1_15' title='bbox 1196 819 1260 892; x_wconf 91' lang='lat' dir='ltr'><strong>si</strong></span> <span class='ocrx_word' id='word_1_16' title='bbox 1325 818 1540 893; x_wconf 82' lang='lat' dir='ltr'><strong>fieret</strong></span> <span class='ocrx_word' id='word_1_17' title='bbox 1568 841 1725 892; x_wconf 90' lang='lat' dir='ltr'><strong>una</strong></span> <span class='ocrx_word' id='word_1_18' title='bbox 1756 841 1960 893; x_wconf 90' lang='lat' dir='ltr'><strong>crea-</strong></span> 
     </span>
     <span class='ocr_line' id='line_1_5' title="bbox 409 935 1958 1033; baseline 0 -28"><span class='ocrx_word' id='word_1_19' title='bbox 409 945 611 1027; x_wconf 82' lang='lat' dir='ltr'>tura,</span> <span class='ocrx_word' id='word_1_20' title='bbox 650 959 826 1033; x_wconf 80' lang='lat' dir='ltr'><strong>quae</strong></span> <span class='ocrx_word' id='word_1_21' title='bbox 894 935 1211 1009; x_wconf 89' lang='lat' dir='ltr'><strong>haberet</strong></span> <span class='ocrx_word' id='word_1_22' title='bbox 1251 935 1796 1031; x_wconf 77' lang='lat' dir='ltr'>perfectionem</span> <span class='ocrx_word' id='word_1_23' title='bbox 1832 956 1958 1006; x_wconf 88' lang='lat' dir='ltr'><strong>vo-</strong></span> 
     </span>
     <span class='ocr_line' id='line_1_6' title="bbox 409 1051 1959 1149; baseline 0.001 -26"><span class='ocrx_word' id='word_1_24' title='bbox 409 1052 754 1137; x_wconf 90' lang='lat' dir='ltr'><strong>luntatis,</strong></span> <span class='ocrx_word' id='word_1_25' title='bbox 801 1065 874 1126; x_wconf 92' lang='lat' dir='ltr'><strong>et</strong></span> <span class='ocrx_word' id='word_1_26' title='bbox 923 1053 1131 1126; x_wconf 90' lang='lat' dir='ltr'><strong>illam</strong></span> <span class='ocrx_word' id='word_1_27' title='bbox 1177 1051 1721 1149; x_wconf 79' lang='lat' dir='ltr'><strong>perfectionem</strong></span> <span class='ocrx_word' id='word_1_28' title='bbox 1777 1074 1959 1146; x_wconf 90' lang='lat' dir='ltr'><strong>gra-</strong></span> 
     </span>
     <span class='ocr_line' id='line_1_7' title="bbox 406 1167 1957 1261; baseline -0.001 -20"><span class='ocrx_word' id='word_1_29' title='bbox 406 1167 564 1261; x_wconf 81' lang='lat' dir='ltr'><strong>tiae,</strong></span> <span class='ocrx_word' id='word_1_30' title='bbox 613 1168 864 1243; x_wconf 88' lang='lat' dir='ltr'><strong>adhuc</strong></span> <span class='ocrx_word' id='word_1_31' title='bbox 890 1192 1041 1242; x_wconf 94' lang='lat' dir='ltr'><strong>non</strong></span> <span class='ocrx_word' id='word_1_32' title='bbox 1078 1178 1279 1243; x_wconf 87' lang='lat' dir='ltr'><strong>esset</strong></span> <span class='ocrx_word' id='word_1_33' title='bbox 1307 1167 1613 1241; x_wconf 89' lang='lat' dir='ltr'><strong>infinita</strong></span> <span class='ocrx_word' id='word_1_34' title='bbox 1639 1191 1730 1242; x_wconf 86' lang='lat' dir='ltr'><strong>ex</strong></span> <span class='ocrx_word' id='word_1_35' title='bbox 1762 1167 1957 1241; x_wconf 91' lang='lat' dir='ltr'><strong>dua-</strong></span> 
     </span>
     <span class='ocr_line' id='line_1_8' title="bbox 407 1282 1957 1382; baseline -0.002 -24"><span class='ocrx_word' id='word_1_36' title='bbox 407 1285 556 1359; x_wconf 87' lang='lat' dir='ltr'><strong>bus</strong></span> <span class='ocrx_word' id='word_1_37' title='bbox 642 1286 1239 1382; x_wconf 84' lang='lat' dir='ltr'><strong>perfectionibus</strong></span> <span class='ocrx_word' id='word_1_38' title='bbox 1342 1283 1624 1378; x_wconf 90' lang='lat' dir='ltr'><strong>finitis;</strong></span> <span class='ocrx_word' id='word_1_39' title='bbox 1722 1282 1957 1380; x_wconf 90' lang='lat' dir='ltr'><strong>igitur</strong></span> 
     </span>
     <span class='ocr_line' id='line_1_9' title="bbox 410 1402 1188 1499; baseline -0.001 -23"><span class='ocrx_word' id='word_1_40' title='bbox 410 1412 674 1499; x_wconf 90' lang='lat' dir='ltr'><strong>posset</strong></span> <span class='ocrx_word' id='word_1_41' title='bbox 715 1402 881 1478; x_wconf 86' lang='lat' dir='ltr'><strong>fieri</strong></span> <span class='ocrx_word' id='word_1_42' title='bbox 925 1428 969 1478; x_wconf 93' lang='lat' dir='ltr'><strong>a</strong></span> <span class='ocrx_word' id='word_1_43' title='bbox 1004 1403 1188 1478; x_wconf 85' lang='lat' dir='ltr'><strong>Dec.</strong></span> 
     </span>
    </p>

    <p class='ocr_par' dir='ltr' id='par_1_4' title="bbox 102 1517 1958 2202">
     <span class='ocr_line' id='line_1_10' title="bbox 102 1517 1957 1645; baseline -0.002 -53"><span class='ocrx_word' id='word_1_44' title='bbox 102 1522 374 1645; x_wconf 41' lang='grc' dir='ltr'><strong>ὧζῗθοξὲ-</strong></span> <span class='ocrx_word' id='word_1_45' title='bbox 512 1519 701 1593; x_wconf 90' lang='lat' dir='ltr'><strong>Dico</strong></span> <span class='ocrx_word' id='word_1_46' title='bbox 745 1520 895 1612; x_wconf 83' lang='lat' dir='ltr'><strong>hic,</strong></span> <span class='ocrx_word' id='word_1_47' title='bbox 960 1518 1161 1592; x_wconf 88' lang='lat' dir='ltr'><strong>sicut</strong></span> <span class='ocrx_word' id='word_1_48' title='bbox 1200 1517 1293 1592; x_wconf 91' lang='lat' dir='ltr'><strong>ad</strong></span> <span class='ocrx_word' id='word_1_49' title='bbox 1335 1517 1738 1607; x_wconf 85' lang='lat' dir='ltr'><strong>rationem,</strong></span> <span class='ocrx_word' id='word_1_50' title='bbox 1804 1539 1957 1615; x_wconf 91' lang='lat' dir='ltr'><strong>qua</strong></span> 
     </span>
     <span class='ocr_line' id='line_1_11' title="bbox 105 1633 1958 1758; baseline -0.002 -51"><span class='ocrx_word' id='word_1_51' title='bbox 105 1660 338 1758; x_wconf 30' lang='lat' dir='ltr'><strong>sea-goffia</strong></span> <span class='ocrx_word' id='word_1_52' title='bbox 405 1636 782 1733; x_wconf 88' lang='lat' dir='ltr'><strong>probatur</strong></span> <span class='ocrx_word' id='word_1_53' title='bbox 821 1635 1023 1733; x_wconf 87' lang='lat' dir='ltr'><strong>quod</strong></span> <span class='ocrx_word' id='word_1_54' title='bbox 1058 1633 1611 1732; x_wconf 87' lang='lat' dir='ltr'><strong>perfectissima</strong></span> <span class='ocrx_word' id='word_1_55' title='bbox 1650 1641 1958 1707; x_wconf 90' lang='lat' dir='ltr'><strong>creatu-</strong></span> 
     </span>
     <span class='ocr_line' id='line_1_12' title="bbox 102 1731 1955 1851; baseline 0.001 -32"><span class='ocrx_word' id='word_1_56' title='bbox 102 1731 350 1846; x_wconf 47' lang='lat' dir='ltr'><strong>„Zama</strong></span> <span class='ocrx_word' id='word_1_57' title='bbox 407 1775 522 1840; x_wconf 86' lang='lat' dir='ltr'><strong>ra,</strong></span> <span class='ocrx_word' id='word_1_58' title='bbox 569 1776 743 1851; x_wconf 83' lang='lat' dir='ltr'><strong>quae</strong></span> <span class='ocrx_word' id='word_1_59' title='bbox 802 1761 1059 1850; x_wconf 87' lang='lat' dir='ltr'><strong>posset</strong></span> <span class='ocrx_word' id='word_1_60' title='bbox 1114 1774 1312 1844; x_wconf 88' lang='lat' dir='ltr'><strong>esse,</strong></span> <span class='ocrx_word' id='word_1_61' title='bbox 1372 1760 1629 1848; x_wconf 91' lang='lat' dir='ltr'><strong>posset</strong></span> <span class='ocrx_word' id='word_1_62' title='bbox 1702 1750 1955 1824; x_wconf 91' lang='lat' dir='ltr'><strong>adhuc</strong></span> 
     </span>
     <span class='ocr_line' id='line_1_13' title="bbox 103 1834 1955 1966; baseline -0.004 -21"><span class='ocrx_word' id='word_1_63' title='bbox 103 1834 375 1957; x_wconf 56' lang='lat' dir='ltr'><strong>ffifflj</strong></span> <span class='ocrx_word' id='word_1_64' title='bbox 406 1891 580 1943; x_wconf 91' lang='lat' dir='ltr'><strong>esse</strong></span> <span class='ocrx_word' id='word_1_65' title='bbox 631 1868 1036 1966; x_wconf 84' lang='lat' dir='ltr'><strong>perfectior</strong></span> <span class='ocrx_word' id='word_1_66' title='bbox 1095 1875 1376 1959; x_wconf 88' lang='lat' dir='ltr'><strong>creata,</strong></span> <span class='ocrx_word' id='word_1_67' title='bbox 1440 1865 1624 1963; x_wconf 90' lang='lat' dir='ltr'><strong>quia</strong></span> <span class='ocrx_word' id='word_1_68' title='bbox 1680 1864 1955 1939; x_wconf 90' lang='lat' dir='ltr'><strong>similis</strong></span> 
     </span>
     <span class='ocr_line' id='line_1_14' title="bbox 409 1983 1954 2081; baseline -0.002 -22"><span class='ocrx_word' id='word_1_69' title='bbox 409 1987 604 2061; x_wconf 88' lang='lat' dir='ltr'><strong>ratio</strong></span> <span class='ocrx_word' id='word_1_70' title='bbox 636 1994 776 2078; x_wconf 90' lang='lat' dir='ltr'><strong>est,</strong></span> <span class='ocrx_word' id='word_1_71' title='bbox 814 1986 880 2059; x_wconf 89' lang='lat' dir='ltr'><strong>si</strong></span> <span class='ocrx_word' id='word_1_72' title='bbox 913 1985 1323 2059; x_wconf 76' lang='lat' dir='ltr'><strong>adderetur</strong></span> <span class='ocrx_word' id='word_1_73' title='bbox 1355 1983 1638 2081; x_wconf 90' lang='lat' dir='ltr'><strong>aliquis</strong></span> <span class='ocrx_word' id='word_1_74' title='bbox 1668 1983 1954 2080; x_wconf 90' lang='lat' dir='ltr'><strong>gradus</strong></span> 
     </span>
     <span class='ocr_line' id='line_1_15' title="bbox 399 2100 1953 2202; baseline -0.003 -23"><span class='ocrx_word' id='word_1_75' title='bbox 399 2103 902 2202; x_wconf 87' lang='lat' dir='ltr'><strong>perfectionis</strong></span> <span class='ocrx_word' id='word_1_76' title='bbox 971 2100 1545 2200; x_wconf 75' lang='lat' dir='ltr'><strong>perfectissimae</strong></span> <span class='ocrx_word' id='word_1_77' title='bbox 1579 2109 1953 2175; x_wconf 81' lang='lat' dir='ltr'><strong>creaturae</strong></span> 
     </span>
    </p>

    <p class='ocr_par' dir='ltr' id='par_1_5' title="bbox 398 2214 1957 2317">
     <span class='ocr_line' id='line_1_16' title="bbox 398 2214 1957 2317; baseline -0.002 -24"><span class='ocrx_word' id='word_1_78' title='bbox 398 2242 585 2317; x_wconf 72' lang='lat' dir='ltr'><strong>quce</strong></span> <span class='ocrx_word' id='word_1_79' title='bbox 622 2228 1093 2316; x_wconf 90' lang='lat' dir='ltr'><strong>possetesse,</strong></span> <span class='ocrx_word' id='word_1_80' title='bbox 1131 2217 1382 2292; x_wconf 88' lang='lat' dir='ltr'><strong>adhuc</strong></span> <span class='ocrx_word' id='word_1_81' title='bbox 1418 2239 1572 2290; x_wconf 91' lang='lat' dir='ltr'><strong>non</strong></span> <span class='ocrx_word' id='word_1_82' title='bbox 1607 2214 1957 2290; x_wconf 85' lang='lat' dir='ltr'><strong>efficere-</strong></span> 
     </span>
    </p>

    <p class='ocr_par' dir='ltr' id='par_1_6' title="bbox 399 2332 1954 2428">
     <span class='ocr_line' id='line_1_17' title="bbox 399 2332 1954 2428; baseline -0.001 -20"><span class='ocrx_word' id='word_1_83' title='bbox 399 2345 530 2409; x_wconf 85' lang='lat' dir='ltr'><strong>tur</strong></span> <span class='ocrx_word' id='word_1_84' title='bbox 561 2334 896 2428; x_wconf 87' lang='lat' dir='ltr'><strong>infinita,</strong></span> <span class='ocrx_word' id='word_1_85' title='bbox 942 2345 1016 2411; x_wconf 90' lang='lat' dir='ltr'><strong>et</strong></span> <span class='ocrx_word' id='word_1_86' title='bbox 1060 2345 1315 2409; x_wconf 90' lang='lat' dir='ltr'><strong>tamen</strong></span> <span class='ocrx_word' id='word_1_87' title='bbox 1385 2357 1541 2407; x_wconf 91' lang='lat' dir='ltr'><strong>non</strong></span> <span class='ocrx_word' id='word_1_88' title='bbox 1586 2332 1954 2407; x_wconf 89' lang='lat' dir='ltr'><strong>manifes-</strong></span> 
     </span>
    </p>

    <p class='ocr_par' dir='ltr' id='par_1_7' title="bbox 391 2451 1955 3021">
     <span class='ocr_line' id='line_1_18' title="bbox 392 2451 1954 2550; baseline -0.003 -25"><span class='ocrx_word' id='word_1_89' title='bbox 392 2463 566 2526; x_wconf 88' lang='lat' dir='ltr'><strong>tum</strong></span> <span class='ocrx_word' id='word_1_90' title='bbox 610 2461 726 2527; x_wconf 90' lang='lat' dir='ltr'><strong>est</strong></span> <span class='ocrx_word' id='word_1_91' title='bbox 787 2452 995 2550; x_wconf 92' lang='lat' dir='ltr'><strong>quod</strong></span> <span class='ocrx_word' id='word_1_92' title='bbox 1066 2474 1219 2524; x_wconf 89' lang='lat' dir='ltr'><strong>non</strong></span> <span class='ocrx_word' id='word_1_93' title='bbox 1273 2459 1586 2549; x_wconf 89' lang='lat' dir='ltr'><strong>propter</strong></span> <span class='ocrx_word' id='word_1_94' title='bbox 1645 2451 1790 2523; x_wconf 88' lang='lat' dir='ltr'><strong>hoc</strong></span> <span class='ocrx_word' id='word_1_95' title='bbox 1840 2457 1954 2523; x_wconf 81' lang='lat' dir='ltr'><strong>est</strong></span> 
     </span>
     <span class='ocr_line' id='line_1_19' title="bbox 393 2566 1954 2664; baseline -0.003 -21"><span class='ocrx_word' id='word_1_96' title='bbox 393 2567 988 2644; x_wconf 88' lang='lat' dir='ltr'><strong>concedendum</strong></span> <span class='ocrx_word' id='word_1_97' title='bbox 1094 2567 1299 2663; x_wconf 88' lang='lat' dir='ltr'><strong>quod</strong></span> <span class='ocrx_word' id='word_1_98' title='bbox 1402 2566 1609 2641; x_wconf 92' lang='lat' dir='ltr'><strong>Deus</strong></span> <span class='ocrx_word' id='word_1_99' title='bbox 1695 2574 1954 2664; x_wconf 89' lang='lat' dir='ltr'><strong>posset</strong></span> 
     </span>
     <span class='ocr_line' id='line_1_20' title="bbox 393 2683 1954 2782; baseline -0.004 -24"><span class='ocrx_word' id='word_1_100' title='bbox 393 2707 666 2759; x_wconf 89' lang='lat' dir='ltr'><strong>creare</strong></span> <span class='ocrx_word' id='word_1_101' title='bbox 700 2683 1230 2782; x_wconf 84' lang='lat' dir='ltr'><strong>perfectiorem</strong></span> <span class='ocrx_word' id='word_1_102' title='bbox 1293 2692 1722 2757; x_wconf 89' lang='lat' dir='ltr'><strong>creaturam</strong></span> <span class='ocrx_word' id='word_1_103' title='bbox 1779 2703 1954 2779; x_wconf 91' lang='lat' dir='ltr'><strong>per-</strong></span> 
     </span>
     <span class='ocr_line' id='line_1_21' title="bbox 391 2803 1953 2901; baseline -0.003 -24"><span class='ocrx_word' id='word_1_104' title='bbox 391 2803 851 2896; x_wconf 82' lang='lat' dir='ltr'><strong>fectissima,</strong></span> <span class='ocrx_word' id='word_1_105' title='bbox 900 2826 1075 2901; x_wconf 82' lang='lat' dir='ltr'><strong>quae</strong></span> <span class='ocrx_word' id='word_1_106' title='bbox 1143 2809 1401 2900; x_wconf 90' lang='lat' dir='ltr'><strong>posset</strong></span> <span class='ocrx_word' id='word_1_107' title='bbox 1459 2823 1655 2893; x_wconf 92' lang='lat' dir='ltr'><strong>esse,</strong></span> <span class='ocrx_word' id='word_1_108' title='bbox 1702 2823 1953 2898; x_wconf 88' lang='lat' dir='ltr'><strong>quan-</strong></span> 
     </span>
     <span class='ocr_line' id='line_1_22' title="bbox 394 2918 1955 3021; baseline -0.003 -25"><span class='ocrx_word' id='word_1_109' title='bbox 394 2944 637 3021; x_wconf 88' lang='lat' dir='ltr'><strong>quam</strong></span> <span class='ocrx_word' id='word_1_110' title='bbox 673 2930 936 3019; x_wconf 92' lang='lat' dir='ltr'><strong>posset</strong></span> <span class='ocrx_word' id='word_1_111' title='bbox 976 2943 1235 2994; x_wconf 89' lang='lat' dir='ltr'><strong>creare</strong></span> <span class='ocrx_word' id='word_1_112' title='bbox 1298 2919 1486 2992; x_wconf 91' lang='lat' dir='ltr'><strong>forte</strong></span> <span class='ocrx_word' id='word_1_113' title='bbox 1548 2918 1955 3015; x_wconf 88' lang='lat' dir='ltr'><strong>perfectio—</strong></span> 
     </span>
    </p>

    <p class='ocr_par' dir='ltr' id='par_1_8' title="bbox 391 3032 1953 3483">
     <span class='ocr_line' id='line_1_23' title="bbox 400 3032 1945 3135; baseline -0.001 -27"><span class='ocrx_word' id='word_1_114' title='bbox 400 3061 570 3111; x_wconf 87' lang='lat' dir='ltr'><strong>rem</strong></span> <span class='ocrx_word' id='word_1_115' title='bbox 627 3035 1208 3135; x_wconf 86' lang='lat' dir='ltr'><strong>perfectissima,</strong></span> <span class='ocrx_word' id='word_1_116' title='bbox 1274 3056 1450 3130; x_wconf 76' lang='lat' dir='ltr'><strong>quae</strong></span> <span class='ocrx_word' id='word_1_117' title='bbox 1522 3032 1745 3106; x_wconf 91' lang='lat' dir='ltr'><strong>modo</strong></span> <span class='ocrx_word' id='word_1_118' title='bbox 1806 3042 1945 3107; x_wconf 90' lang='lat' dir='ltr'><strong>est.</strong></span> 
     </span>
     <span class='ocr_line' id='line_1_24' title="bbox 395 3147 1953 3250; baseline -0.004 -22"><span class='ocrx_word' id='word_1_119' title='bbox 395 3152 775 3228; x_wconf 83' lang='lat' dir='ltr'><strong>Similiter</strong></span> <span class='ocrx_word' id='word_1_120' title='bbox 851 3176 986 3250; x_wconf 91' lang='lat' dir='ltr'><strong>per</strong></span> <span class='ocrx_word' id='word_1_121' title='bbox 1027 3150 1385 3226; x_wconf 91' lang='lat' dir='ltr'><strong>eumdem</strong></span> <span class='ocrx_word' id='word_1_122' title='bbox 1448 3147 1755 3222; x_wconf 91' lang='lat' dir='ltr'><strong>modum</strong></span> <span class='ocrx_word' id='word_1_123' title='bbox 1827 3173 1953 3223; x_wconf 92' lang='lat' dir='ltr'><strong>ar-</strong></span> 
     </span>
     <span class='ocr_line' id='line_1_25' title="bbox 391 3267 1951 3368; baseline -0.002 -25"><span class='ocrx_word' id='word_1_124' title='bbox 391 3270 690 3366; x_wconf 90' lang='lat' dir='ltr'><strong>guendi</strong></span> <span class='ocrx_word' id='word_1_125' title='bbox 723 3278 983 3368; x_wconf 88' lang='lat' dir='ltr'><strong>posset</strong></span> <span class='ocrx_word' id='word_1_126' title='bbox 1011 3267 1348 3367; x_wconf 86' lang='lat' dir='ltr'><strong>probari,</strong></span> <span class='ocrx_word' id='word_1_127' title='bbox 1385 3268 1590 3366; x_wconf 92' lang='lat' dir='ltr'><strong>quod</strong></span> <span class='ocrx_word' id='word_1_128' title='bbox 1627 3267 1804 3341; x_wconf 88' lang='lat' dir='ltr'><strong>data</strong></span> <span class='ocrx_word' id='word_1_129' title='bbox 1841 3268 1951 3340; x_wconf 91' lang='lat' dir='ltr'><strong>al-</strong></span> 
     </span>
     <span class='ocr_line' id='line_1_26' title="bbox 391 3383 1953 3483; baseline -0.003 -23"><span class='ocrx_word' id='word_1_130' title='bbox 391 3387 679 3461; x_wconf 89' lang='lat' dir='ltr'><strong>bedine</strong></span> <span class='ocrx_word' id='word_1_131' title='bbox 726 3386 804 3458; x_wconf 92' lang='lat' dir='ltr'><strong>in</strong></span> <span class='ocrx_word' id='word_1_132' title='bbox 842 3409 1207 3483; x_wconf 89' lang='lat' dir='ltr'><strong>supremo</strong></span> <span class='ocrx_word' id='word_1_133' title='bbox 1240 3384 1511 3481; x_wconf 89' lang='lat' dir='ltr'><strong>gradu,</strong></span> <span class='ocrx_word' id='word_1_134' title='bbox 1548 3383 1680 3481; x_wconf 90' lang='lat' dir='ltr'><strong>qui</strong></span> <span class='ocrx_word' id='word_1_135' title='bbox 1713 3383 1953 3481; x_wconf 85' lang='lat' dir='ltr'><strong>possit</strong></span> 
     </span>
    </p>

    <p class='ocr_par' dir='ltr' id='par_1_9' title="bbox 391 3499 1954 3718">
     <span class='ocr_line' id='line_1_27' title="bbox 394 3499 1952 3599; baseline -0.003 -23"><span class='ocrx_word' id='word_1_136' title='bbox 394 3527 567 3577; x_wconf 86' lang='lat' dir='ltr'><strong>esse</strong></span> <span class='ocrx_word' id='word_1_137' title='bbox 604 3503 682 3576; x_wconf 88' lang='lat' dir='ltr'><strong>in</strong></span> <span class='ocrx_word' id='word_1_138' title='bbox 719 3512 997 3576; x_wconf 87' lang='lat' dir='ltr'><strong>natura</strong></span> <span class='ocrx_word' id='word_1_139' title='bbox 1024 3501 1429 3595; x_wconf 80' lang='lat' dir='ltr'><strong>albedinis,</strong></span> <span class='ocrx_word' id='word_1_140' title='bbox 1468 3500 1673 3599; x_wconf 90' lang='lat' dir='ltr'><strong>quod</strong></span> <span class='ocrx_word' id='word_1_141' title='bbox 1698 3499 1952 3574; x_wconf 82' lang='lat' dir='ltr'><strong>adhuc</strong></span> 
     </span>
     <span class='ocr_line' id='line_1_28' title="bbox 391 3613 1954 3718; baseline -0.003 -25"><span class='ocrx_word' id='word_1_142' title='bbox 391 3628 656 3718; x_wconf 88' lang='lat' dir='ltr'><strong>posset</strong></span> <span class='ocrx_word' id='word_1_143' title='bbox 711 3641 879 3693; x_wconf 90' lang='lat' dir='ltr'><strong>esse</strong></span> <span class='ocrx_word' id='word_1_144' title='bbox 931 3617 1202 3690; x_wconf 78' lang='lat' dir='ltr'><strong>albedo</strong></span> <span class='ocrx_word' id='word_1_145' title='bbox 1282 3616 1712 3715; x_wconf 82' lang='lat' dir='ltr'><strong>perfectior,</strong></span> <span class='ocrx_word' id='word_1_146' title='bbox 1770 3613 1954 3712; x_wconf 89' lang='lat' dir='ltr'><strong>quia</strong></span> 
     </span>
    </p>

    <p class='ocr_par' dir='ltr' id='par_1_10' title="bbox 397 3735 1954 3835">
     <span class='ocr_line' id='line_1_29' title="bbox 397 3735 1954 3835; baseline -0.003 -22"><span class='ocrx_word' id='word_1_147' title='bbox 397 3765 552 3813; x_wconf 92' lang='lat' dir='ltr'><strong>uno</strong></span> <span class='ocrx_word' id='word_1_148' title='bbox 586 3738 829 3835; x_wconf 90' lang='lat' dir='ltr'><strong>gradu</strong></span> <span class='ocrx_word' id='word_1_149' title='bbox 899 3737 1155 3812; x_wconf 90' lang='lat' dir='ltr'><strong>addito</strong></span> <span class='ocrx_word' id='word_1_150' title='bbox 1198 3736 1532 3811; x_wconf 87' lang='lat' dir='ltr'><strong>albedini</strong></span> <span class='ocrx_word' id='word_1_151' title='bbox 1567 3735 1643 3809; x_wconf 90' lang='lat' dir='ltr'><strong>in</strong></span> <span class='ocrx_word' id='word_1_152' title='bbox 1678 3758 1954 3834; x_wconf 88' lang='lat' dir='ltr'><strong>supre-</strong></span> 
     </span>
    </p>

    <p class='ocr_par' dir='ltr' id='par_1_11' title="bbox 398 3851 1953 3953">
     <span class='ocr_line' id='line_1_30' title="bbox 398 3851 1953 3953; baseline -0.005 -23"><span class='ocrx_word' id='word_1_153' title='bbox 398 3882 521 3930; x_wconf 90' lang='lat' dir='ltr'><strong>mo</strong></span> <span class='ocrx_word' id='word_1_154' title='bbox 563 3856 839 3953; x_wconf 88' lang='lat' dir='ltr'><strong>gradu,</strong></span> <span class='ocrx_word' id='word_1_155' title='bbox 886 3854 1292 3930; x_wconf 90' lang='lat' dir='ltr'><strong>adhucilla</strong></span> <span class='ocrx_word' id='word_1_156' title='bbox 1334 3878 1488 3928; x_wconf 89' lang='lat' dir='ltr'><strong>non</strong></span> <span class='ocrx_word' id='word_1_157' title='bbox 1531 3862 1732 3929; x_wconf 92' lang='lat' dir='ltr'><strong>esset</strong></span> <span class='ocrx_word' id='word_1_158' title='bbox 1772 3851 1953 3925; x_wconf 88' lang='lat' dir='ltr'><strong>infi-</strong></span> 
     </span>
    </p>

    <p class='ocr_par' dir='ltr' id='par_1_12' title="bbox 399 3971 1953 4188">
     <span class='ocr_line' id='line_1_31' title="bbox 399 3971 1953 4071; baseline -0.002 -25"><span class='ocrx_word' id='word_1_159' title='bbox 399 3973 584 4048; x_wconf 75' lang='lat' dir='ltr'><strong>nitoe</strong></span> <span class='ocrx_word' id='word_1_160' title='bbox 616 3973 1153 4071; x_wconf 83' lang='lat' dir='ltr'><strong>perfectionis3</strong></span> <span class='ocrx_word' id='word_1_161' title='bbox 1191 3971 1425 4068; x_wconf 89' lang='lat' dir='ltr'><strong>igitur</strong></span> <span class='ocrx_word' id='word_1_162' title='bbox 1472 3972 1727 4046; x_wconf 91' lang='lat' dir='ltr'><strong>adhuc</strong></span> <span class='ocrx_word' id='word_1_163' title='bbox 1751 3992 1953 4059; x_wconf 66' lang='lat' dir='ltr'><strong>esset</strong></span> 
     </span>
     <span class='ocr_line' id='line_1_32' title="bbox 400 4088 1944 4188; baseline -0.005 -24"><span class='ocrx_word' id='word_1_164' title='bbox 400 4091 838 4183; x_wconf 90' lang='lat' dir='ltr'><strong>limitata,et</strong></span> <span class='ocrx_word' id='word_1_165' title='bbox 858 4097 1114 4188; x_wconf 91' lang='lat' dir='ltr'><strong>posset</strong></span> <span class='ocrx_word' id='word_1_166' title='bbox 1136 4088 1511 4163; x_wconf 85' lang='lat' dir='ltr'><strong>contineri</strong></span> <span class='ocrx_word' id='word_1_167' title='bbox 1537 4089 1611 4161; x_wconf 93' lang='lat' dir='ltr'><strong>in</strong></span> <span class='ocrx_word' id='word_1_168' title='bbox 1636 4110 1944 4184; x_wconf 85' lang='lat' dir='ltr'><strong>genere.</strong></span> 
     </span>
    </p>

    <p class='ocr_par' dir='ltr' id='par_1_13' title="bbox 89 4206 1953 4864">
     <span class='ocr_line' id='line_1_33' title="bbox 186 4206 1953 4303; baseline -0.004 -17"><span class='ocrx_word' id='word_1_169' title='bbox 186 4223 277 4289; x_wconf 78' lang='grc' dir='ltr'><strong>Η.</strong></span> <span class='ocrx_word' id='word_1_170' title='bbox 503 4208 693 4282; x_wconf 89' lang='lat' dir='ltr'><strong>Dico</strong></span> <span class='ocrx_word' id='word_1_171' title='bbox 726 4216 982 4281; x_wconf 88' lang='lat' dir='ltr'><strong>tamen</strong></span> <span class='ocrx_word' id='word_1_172' title='bbox 1026 4206 1230 4303; x_wconf 84' lang='lat' dir='ltr'><strong>quod</strong></span> <span class='ocrx_word' id='word_1_173' title='bbox 1291 4206 1353 4279; x_wconf 93' lang='lat' dir='ltr'><strong>si</strong></span> <span class='ocrx_word' id='word_1_174' title='bbox 1414 4206 1741 4280; x_wconf 86' lang='lat' dir='ltr'><strong>addatur</strong></span> <span class='ocrx_word' id='word_1_175' title='bbox 1788 4229 1953 4301; x_wconf 89' lang='lat' dir='ltr'><strong>gra-</strong></span> 
     </span>
     <span class='ocr_line' id='line_1_34' title="bbox 89 4321 1950 4450; baseline -0.002 -51"><span class='ocrx_word' id='word_1_176' title='bbox 89 4332 357 4450; x_wconf 39' lang='lat' dir='ltr'><strong>{3³³2}sssp</strong></span> <span class='ocrx_word' id='word_1_177' title='bbox 404 4325 552 4399; x_wconf 90' lang='lat' dir='ltr'><strong>dus</strong></span> <span class='ocrx_word' id='word_1_178' title='bbox 611 4322 990 4398; x_wconf 90' lang='lat' dir='ltr'><strong>albedinis</strong></span> <span class='ocrx_word' id='word_1_179' title='bbox 1046 4321 1382 4395; x_wconf 90' lang='lat' dir='ltr'><strong>albedini</strong></span> <span class='ocrx_word' id='word_1_180' title='bbox 1454 4322 1529 4394; x_wconf 92' lang='lat' dir='ltr'><strong>in</strong></span> <span class='ocrx_word' id='word_1_181' title='bbox 1588 4345 1950 4419; x_wconf 89' lang='lat' dir='ltr'><strong>supremo</strong></span> 
     </span>
     <span class='ocr_line' id='line_1_35' title="bbox 89 4429 1952 4536; baseline 0.002 -31"><span class='ocrx_word' id='word_1_182' title='bbox 89 4461 188 4518; x_wconf 61' lang='lat' dir='ltr'><strong>qm</strong></span> <span class='ocrx_word' id='word_1_183' title='bbox 227 4429 356 4514; x_wconf 62' lang='lat' dir='ltr'><strong>adai</strong></span> <span class='ocrx_word' id='word_1_184' title='bbox 405 4440 677 4536; x_wconf 85' lang='lat' dir='ltr'><strong>gradu,</strong></span> <span class='ocrx_word' id='word_1_185' title='bbox 722 4449 837 4513; x_wconf 88' lang='lat' dir='ltr'><strong>est</strong></span> <span class='ocrx_word' id='word_1_186' title='bbox 880 4437 1281 4512; x_wconf 89' lang='lat' dir='ltr'><strong>manifesta</strong></span> <span class='ocrx_word' id='word_1_187' title='bbox 1315 4437 1844 4530; x_wconf 89' lang='lat' dir='ltr'><strong>contradictio,</strong></span> <span class='ocrx_word' id='word_1_188' title='bbox 1878 4446 1952 4511; x_wconf 93' lang='lat' dir='ltr'><strong>et</strong></span> 
     </span>
     <span class='ocr_line' id='line_1_36' title="bbox 103 4534 1949 4652; baseline -0.001 -24"><span class='ocrx_word' id='word_1_189' title='bbox 103 4534 336 4582; x_wconf 64' lang='lat' dir='ltr'><strong>supremo.</strong></span> <span class='ocrx_word' id='word_1_190' title='bbox 406 4556 579 4630; x_wconf 88' lang='lat' dir='ltr'><strong>ideo</strong></span> <span class='ocrx_word' id='word_1_191' title='bbox 622 4547 774 4628; x_wconf 88' lang='lat' dir='ltr'><strong>non</strong></span> <span class='ocrx_word' id='word_1_192' title='bbox 808 4554 1062 4628; x_wconf 90' lang='lat' dir='ltr'><strong>omnis</strong></span> <span class='ocrx_word' id='word_1_193' title='bbox 1118 4554 1365 4650; x_wconf 87' lang='lat' dir='ltr'><strong>gratia</strong></span> <span class='ocrx_word' id='word_1_194' title='bbox 1431 4563 1544 4628; x_wconf 93' lang='lat' dir='ltr'><strong>est</strong></span> <span class='ocrx_word' id='word_1_195' title='bbox 1590 4577 1949 4652; x_wconf 81' lang='lat' dir='ltr'><strong>compos-</strong></span> 
     </span>
     <span class='ocr_line' id='line_1_37' title="bbox 400 4667 1950 4768; baseline -0.002 -22"><span class='ocrx_word' id='word_1_196' title='bbox 400 4671 679 4764; x_wconf 88' lang='lat' dir='ltr'><strong>sibilis,</strong></span> <span class='ocrx_word' id='word_1_197' title='bbox 728 4693 903 4768; x_wconf 80' lang='lat' dir='ltr'><strong>quae</strong></span> <span class='ocrx_word' id='word_1_198' title='bbox 982 4678 1242 4766; x_wconf 88' lang='lat' dir='ltr'><strong>posset</strong></span> <span class='ocrx_word' id='word_1_199' title='bbox 1308 4667 1499 4765; x_wconf 87' lang='lat' dir='ltr'><strong>fingi</strong></span> <span class='ocrx_word' id='word_1_200' title='bbox 1560 4693 1696 4767; x_wconf 91' lang='lat' dir='ltr'><strong>per</strong></span> <span class='ocrx_word' id='word_1_201' title='bbox 1735 4669 1950 4743; x_wconf 90' lang='lat' dir='ltr'><strong>intel-</strong></span> 
     </span>
     <span class='ocr_line' id='line_1_38' title="bbox 396 4786 1945 4864; baseline 0 -2"><span class='ocrx_word' id='word_1_202' title='bbox 396 4791 677 4864; x_wconf 88' lang='lat' dir='ltr'><strong>lectum</strong></span> <span class='ocrx_word' id='word_1_203' title='bbox 728 4811 997 4862; x_wconf 85' lang='lat' dir='ltr'><strong>verum</strong></span> <span class='ocrx_word' id='word_1_204' title='bbox 1050 4787 1170 4860; x_wconf 86' lang='lat' dir='ltr'><strong>vel</strong></span> <span class='ocrx_word' id='word_1_205' title='bbox 1223 4787 1525 4860; x_wconf 87' lang='lat' dir='ltr'><strong>falsum.</strong></span> <span class='ocrx_word' id='word_1_206' title='bbox 1583 4786 1708 4861; x_wconf 89' lang='lat' dir='ltr'><strong>Sic</strong></span> <span class='ocrx_word' id='word_1_207' title='bbox 1775 4787 1945 4862; x_wconf 93' lang='lat' dir='ltr'><strong>dico</strong></span> 
     </span>
    </p>

    <p class='ocr_par' dir='ltr' id='par_1_14' title="bbox 394 4903 1948 5005">
     <span class='ocr_line' id='line_1_39' title="bbox 394 4903 1948 5005; baseline -0.001 -24"><span class='ocrx_word' id='word_1_208' title='bbox 394 4910 600 5005; x_wconf 88' lang='lat' dir='ltr'><strong>quod</strong></span> <span class='ocrx_word' id='word_1_209' title='bbox 660 4907 928 4981; x_wconf 90' lang='lat' dir='ltr'><strong>saltem</strong></span> <span class='ocrx_word' id='word_1_210' title='bbox 985 4903 1246 5001; x_wconf 88' lang='lat' dir='ltr'><strong>aliqua</strong></span> <span class='ocrx_word' id='word_1_211' title='bbox 1297 4913 1647 4978; x_wconf 89' lang='lat' dir='ltr'><strong>creatura</strong></span> <span class='ocrx_word' id='word_1_212' title='bbox 1688 4927 1948 5002; x_wconf 89' lang='lat' dir='ltr'><strong>supre-</strong></span> 
     </span>
    </p>

    <p class='ocr_par' dir='ltr' id='par_1_15' title="bbox 393 5019 1944 5121">
     <span class='ocr_line' id='line_1_40' title="bbox 393 5019 1944 5121; baseline -0.004 -23"><span class='ocrx_word' id='word_1_213' title='bbox 393 5048 517 5098; x_wconf 87' lang='lat' dir='ltr'><strong>me</strong></span> <span class='ocrx_word' id='word_1_214' title='bbox 569 5025 897 5121; x_wconf 89' lang='lat' dir='ltr'><strong>perfecta</strong></span> <span class='ocrx_word' id='word_1_215' title='bbox 957 5029 1072 5095; x_wconf 91' lang='lat' dir='ltr'><strong>est</strong></span> <span class='ocrx_word' id='word_1_216' title='bbox 1133 5019 1522 5117; x_wconf 89' lang='lat' dir='ltr'><strong>possibilis</strong></span> <span class='ocrx_word' id='word_1_217' title='bbox 1563 5043 1757 5110; x_wconf 85' lang='lat' dir='ltr'><strong>esse,</strong></span> <span class='ocrx_word' id='word_1_218' title='bbox 1805 5020 1944 5095; x_wconf 86' lang='lat' dir='ltr'><strong>etsi</strong></span> 
     </span>
    </p>

    <p class='ocr_par' dir='ltr' id='par_1_16' title="bbox 390 5137 1944 5235">
     <span class='ocr_line' id='line_1_41' title="bbox 390 5137 1944 5235; baseline -0.003 -20"><span class='ocrx_word' id='word_1_219' title='bbox 390 5142 581 5215; x_wconf 80' lang='lat' dir='ltr'><strong>forte</strong></span> <span class='ocrx_word' id='word_1_220' title='bbox 623 5164 775 5213; x_wconf 87' lang='lat' dir='ltr'><strong>non</strong></span> <span class='ocrx_word' id='word_1_221' title='bbox 834 5138 933 5212; x_wconf 89' lang='lat' dir='ltr'><strong>sit</strong></span> <span class='ocrx_word' id='word_1_222' title='bbox 997 5137 1219 5211; x_wconf 90' lang='lat' dir='ltr'><strong>modo</strong></span> <span class='ocrx_word' id='word_1_223' title='bbox 1286 5138 1508 5230; x_wconf 88' lang='lat' dir='ltr'><strong>facta,</strong></span> <span class='ocrx_word' id='word_1_224' title='bbox 1574 5137 1672 5211; x_wconf 89' lang='lat' dir='ltr'><strong>ita</strong></span> <span class='ocrx_word' id='word_1_225' title='bbox 1739 5137 1944 5235; x_wconf 90' lang='lat' dir='ltr'><strong>quod</strong></span> 
     </span>
    </p>

    <p class='ocr_par' dir='ltr' id='par_1_17' title="bbox 387 5253 1945 5472">
     <span class='ocr_line' id='line_1_42' title="bbox 389 5253 1944 5351; baseline -0.003 -18"><span class='ocrx_word' id='word_1_226' title='bbox 389 5268 593 5333; x_wconf 88' lang='lat' dir='ltr'><strong>esset</strong></span> <span class='ocrx_word' id='word_1_227' title='bbox 662 5253 1161 5331; x_wconf 84' lang='lat' dir='ltr'><strong>contradictio</strong></span> <span class='ocrx_word' id='word_1_228' title='bbox 1230 5254 1432 5351; x_wconf 85' lang='lat' dir='ltr'><strong>quod</strong></span> <span class='ocrx_word' id='word_1_229' title='bbox 1510 5277 1601 5328; x_wconf 87' lang='lat' dir='ltr'><strong>ex</strong></span> <span class='ocrx_word' id='word_1_230' title='bbox 1683 5254 1944 5351; x_wconf 90' lang='lat' dir='ltr'><strong>aliquo</strong></span> 
     </span>
     <span class='ocr_line' id='line_1_43' title="bbox 387 5370 1945 5472; baseline -0.001 -25"><span class='ocrx_word' id='word_1_231' title='bbox 387 5374 629 5471; x_wconf 91' lang='lat' dir='ltr'><strong>gradu</strong></span> <span class='ocrx_word' id='word_1_232' title='bbox 684 5370 1259 5472; x_wconf 84' lang='lat' dir='ltr'><strong>supperaddito‚</strong></span> <span class='ocrx_word' id='word_1_233' title='bbox 1332 5381 1405 5446; x_wconf 88' lang='lat' dir='ltr'><strong>et</strong></span> <span class='ocrx_word' id='word_1_234' title='bbox 1474 5371 1605 5445; x_wconf 90' lang='lat' dir='ltr'><strong>illa</strong></span> <span class='ocrx_word' id='word_1_235' title='bbox 1662 5371 1945 5469; x_wconf 91' lang='lat' dir='ltr'><strong>perfec·</strong></span> 
     </span>
    </p>

    <p class='ocr_par' dir='ltr' id='par_1_18' title="bbox 385 5487 1942 5583">
     <span class='ocr_line' id='line_1_44' title="bbox 385 5487 1942 5583; baseline 0 -22"><span class='ocrx_word' id='word_1_236' title='bbox 385 5490 599 5566; x_wconf 88' lang='lat' dir='ltr'><strong>tione</strong></span> <span class='ocrx_word' id='word_1_237' title='bbox 655 5501 809 5565; x_wconf 90' lang='lat' dir='ltr'><strong>tota</strong></span> <span class='ocrx_word' id='word_1_238' title='bbox 857 5487 990 5562; x_wconf 84' lang='lat' dir='ltr'><strong>fiat</strong></span> <span class='ocrx_word' id='word_1_239' title='bbox 1051 5509 1188 5560; x_wconf 90' lang='lat' dir='ltr'><strong>ens</strong></span> <span class='ocrx_word' id='word_1_240' title='bbox 1246 5496 1618 5580; x_wconf 89' lang='lat' dir='ltr'><strong>creatum,</strong></span> <span class='ocrx_word' id='word_1_241' title='bbox 1685 5509 1942 5583; x_wconf 89' lang='lat' dir='ltr'><strong>neque</strong></span> 
     </span>
    </p>
   </div>
   <div class='ocr_carea' id='block_1_3' title="bbox 385 5603 1944 5707">
    <p class='ocr_par' dir='ltr' id='par_1_19' title="bbox 385 5603 1944 5707">
     <span class='ocr_line' id='line_1_45' title="bbox 385 5603 1944 5707; baseline -0.003 -25"><span class='ocrx_word' id='word_1_242' title='bbox 385 5617 513 5682; x_wconf 85' lang='lat' dir='ltr'><strong>est</strong></span> <span class='ocrx_word' id='word_1_243' title='bbox 578 5606 883 5707; x_wconf 87' lang='lat' dir='ltr'><strong>aliquod</strong></span> <span class='ocrx_word' id='word_1_244' title='bbox 961 5627 1101 5679; x_wconf 90' lang='lat' dir='ltr'><strong>ens</strong></span> <span class='ocrx_word' id='word_1_245' title='bbox 1180 5603 1468 5680; x_wconf 88' lang='lat' dir='ltr'><strong>unitive</strong></span> <span class='ocrx_word' id='word_1_246' title='bbox 1537 5604 1944 5678; x_wconf 91' lang='lat' dir='ltr'><strong>continens</strong></span> 
     </span>
    </p>
   </div>
   <div class='ocr_carea' id='block_1_4' title="bbox 3498 415 3616 481">
    <p class='ocr_par' dir='ltr' id='par_1_20' title="bbox 3498 415 3616 481">
     <span class='ocr_line' id='line_1_46' title="bbox 3498 415 3616 481; baseline 0 0"><span class='ocrx_word' id='word_1_247' title='bbox 3498 415 3616 481; x_wconf 89' lang='lat'><strong>111</strong></span> 
     </span>
    </p>
   </div>
   <div class='ocr_carea' id='block_1_5' title="bbox 2064 583 3944 1612">
    <p class='ocr_par' dir='ltr' id='par_1_21' title="bbox 2064 583 3944 1612">
     <span class='ocr_line' id='line_1_47' title="bbox 2067 583 3624 683; baseline 0.002 -27"><span class='ocrx_word' id='word_1_248' title='bbox 2067 583 2240 678; x_wconf 87' lang='lat' dir='ltr'><strong>ista,</strong></span> <span class='ocrx_word' id='word_1_249' title='bbox 2302 584 2447 659; x_wconf 89' lang='lat' dir='ltr'><strong>nisi</strong></span> <span class='ocrx_word' id='word_1_250' title='bbox 2515 588 2728 659; x_wconf 90' lang='lat' dir='ltr'><strong>solus</strong></span> <span class='ocrx_word' id='word_1_251' title='bbox 2796 584 3027 659; x_wconf 91' lang='lat' dir='ltr'><strong>Deus.</strong></span> <span class='ocrx_word' id='word_1_252' title='bbox 3073 584 3233 659; x_wconf 91' lang='lat' dir='ltr'><strong>Nec</strong></span> <span class='ocrx_word' id='word_1_253' title='bbox 3299 585 3377 657; x_wconf 91' lang='lat' dir='ltr'><strong>in</strong></span> <span class='ocrx_word' id='word_1_254' title='bbox 3446 609 3624 683; x_wconf 92' lang='lat' dir='ltr'><strong>pro-</strong></span> 
     </span>
     <span class='ocr_line' id='line_1_48' title="bbox 2067 698 3618 799; baseline -0.001 -25"><span class='ocrx_word' id='word_1_255' title='bbox 2067 699 2314 797; x_wconf 89' lang='lat' dir='ltr'><strong>posito</strong></span> <span class='ocrx_word' id='word_1_256' title='bbox 2391 710 2704 799; x_wconf 90' lang='lat' dir='ltr'><strong>propter</strong></span> <span class='ocrx_word' id='word_1_257' title='bbox 2775 698 3618 798; x_wconf 89' lang='lat' dir='ltr'><strong>incompossibilitatem</strong></span> 
     </span>
     <span class='ocr_line' id='line_1_49' title="bbox 2065 816 3620 914; baseline 0.001 -27"><span class='ocrx_word' id='word_1_258' title='bbox 2065 817 2444 913; x_wconf 85' lang='lat' dir='ltr'><strong>provenit,</strong></span> <span class='ocrx_word' id='word_1_259' title='bbox 2520 816 2725 914; x_wconf 89' lang='lat' dir='ltr'><strong>quod</strong></span> <span class='ocrx_word' id='word_1_260' title='bbox 2810 840 2963 889; x_wconf 91' lang='lat' dir='ltr'><strong>non</strong></span> <span class='ocrx_word' id='word_1_261' title='bbox 3047 816 3288 914; x_wconf 85' lang='lat' dir='ltr'><strong>possit</strong></span> <span class='ocrx_word' id='word_1_262' title='bbox 3377 816 3620 890; x_wconf 89' lang='lat' dir='ltr'><strong>creari</strong></span> 
     </span>
     <span class='ocr_line' id='line_1_50' title="bbox 2064 932 3624 1007; baseline -0.002 -2"><span class='ocrx_word' id='word_1_263' title='bbox 2064 941 2418 1005; x_wconf 88' lang='lat' dir='ltr'><strong>creatura</strong></span> <span class='ocrx_word' id='word_1_264' title='bbox 2480 932 2770 1007; x_wconf 91' lang='lat' dir='ltr'><strong>unitive</strong></span> <span class='ocrx_word' id='word_1_265' title='bbox 2813 932 3218 1007; x_wconf 90' lang='lat' dir='ltr'><strong>continens</strong></span> <span class='ocrx_word' id='word_1_266' title='bbox 3276 934 3624 1005; x_wconf 83' lang='lat' dir='ltr'><strong>volunta-</strong></span> 
     </span>
     <span class='ocr_line' id='line_1_51' title="bbox 2069 1049 3623 1147; baseline 0.001 -28"><span class='ocrx_word' id='word_1_267' title='bbox 2069 1055 2216 1121; x_wconf 90' lang='lat' dir='ltr'><strong>tem</strong></span> <span class='ocrx_word' id='word_1_268' title='bbox 2259 1057 2589 1122; x_wconf 87' lang='lat' dir='ltr'><strong>creatam</strong></span> <span class='ocrx_word' id='word_1_269' title='bbox 2634 1059 2708 1124; x_wconf 93' lang='lat' dir='ltr'><strong>et</strong></span> <span class='ocrx_word' id='word_1_270' title='bbox 2746 1049 3100 1145; x_wconf 85' lang='lat' dir='ltr'><strong>gratiam,</strong></span> <span class='ocrx_word' id='word_1_271' title='bbox 3145 1049 3278 1123; x_wconf 91' lang='lat' dir='ltr'><strong>sed</strong></span> <span class='ocrx_word' id='word_1_272' title='bbox 3313 1056 3623 1147; x_wconf 86' lang='lat' dir='ltr'><strong>propter</strong></span> 
     </span>
     <span class='ocr_line' id='line_1_52' title="bbox 2064 1163 3620 1264; baseline 0.001 -28"><span class='ocrx_word' id='word_1_273' title='bbox 2064 1163 2556 1259; x_wconf 85' lang='lat' dir='ltr'><strong>infinitatem,</strong></span> <span class='ocrx_word' id='word_1_274' title='bbox 2628 1189 2804 1264; x_wconf 85' lang='lat' dir='ltr'><strong>quae</strong></span> <span class='ocrx_word' id='word_1_275' title='bbox 2887 1168 3320 1260; x_wconf 88' lang='lat' dir='ltr'><strong>resultaret,</strong></span> <span class='ocrx_word' id='word_1_276' title='bbox 3393 1166 3456 1241; x_wconf 91' lang='lat' dir='ltr'><strong>si</strong></span> <span class='ocrx_word' id='word_1_277' title='bbox 3527 1189 3620 1241; x_wconf 87' lang='lat' dir='ltr'><strong>ex</strong></span> 
     </span>
     <span class='ocr_line' id='line_1_53' title="bbox 2064 1280 3618 1378; baseline 0.001 -25"><span class='ocrx_word' id='word_1_278' title='bbox 2064 1280 2188 1354; x_wconf 91' lang='lat' dir='ltr'><strong>his</strong></span> <span class='ocrx_word' id='word_1_279' title='bbox 2267 1282 2508 1378; x_wconf 91' lang='lat' dir='ltr'><strong>possit</strong></span> <span class='ocrx_word' id='word_1_280' title='bbox 2567 1282 2734 1357; x_wconf 88' lang='lat' dir='ltr'><strong>fieri</strong></span> <span class='ocrx_word' id='word_1_281' title='bbox 2806 1307 3045 1358; x_wconf 88' lang='lat' dir='ltr'><strong>unum</strong></span> <span class='ocrx_word' id='word_1_282' title='bbox 3108 1293 3475 1371; x_wconf 89' lang='lat' dir='ltr'><strong>creatum,</strong></span> <span class='ocrx_word' id='word_1_283' title='bbox 3540 1283 3618 1365; x_wconf 84' lang='lat' dir='ltr'><strong>in</strong></span> 
     </span>
     <span class='ocr_line' id='line_1_54' title="bbox 2069 1399 3367 1494; baseline 0.001 -24"><span class='ocrx_word' id='word_1_284' title='bbox 2069 1419 2223 1494; x_wconf 86' lang='lat' dir='ltr'><strong>quo</strong></span> <span class='ocrx_word' id='word_1_285' title='bbox 2270 1422 2510 1472; x_wconf 90' lang='lat' dir='ltr'><strong>unum</strong></span> <span class='ocrx_word' id='word_1_286' title='bbox 2550 1409 2750 1474; x_wconf 89' lang='lat' dir='ltr'><strong>esset</strong></span> <span class='ocrx_word' id='word_1_287' title='bbox 2798 1399 3006 1474; x_wconf 91' lang='lat' dir='ltr'><strong>aliud</strong></span> <span class='ocrx_word' id='word_1_288' title='bbox 3049 1400 3367 1474; x_wconf 84' lang='lat' dir='ltr'><strong>unitive.</strong></span> 
     </span>
     <span class='ocr_line' id='line_1_55' title="bbox 2166 1512 3944 1612; baseline -0.001 -26"><span class='ocrx_word' id='word_1_289' title='bbox 2166 1512 2277 1586; x_wconf 88' lang='lat' dir='ltr'><strong>Ad</strong></span> <span class='ocrx_word' id='word_1_290' title='bbox 2345 1513 2579 1600; x_wconf 91' lang='lat' dir='ltr'><strong>aliud,</strong></span> <span class='ocrx_word' id='word_1_291' title='bbox 2632 1538 2806 1588; x_wconf 90' lang='lat' dir='ltr'><strong>cum</strong></span> <span class='ocrx_word' id='word_1_292' title='bbox 2865 1514 3169 1608; x_wconf 89' lang='lat' dir='ltr'><strong>dicitur,</strong></span> <span class='ocrx_word' id='word_1_293' title='bbox 3205 1521 3454 1611; x_wconf 79' lang='lat' dir='ltr'><strong>polest</strong></span> <span class='ocrx_word' id='word_1_294' title='bbox 3489 1513 3619 1612; x_wconf 83' lang='lat' dir='ltr'><strong>fa-</strong></span> <span class='ocrx_word' id='word_1_295' title='bbox 3677 1518 3761 1569; x_wconf 78' lang='lat' dir='ltr'><strong>Ad</strong></span> <span class='ocrx_word' id='word_1_296' title='bbox 3790 1518 3944 1584; x_wconf 77' lang='lat' dir='ltr'><strong>quin.</strong></span> 
     </span>
    </p>
   </div>
   <div class='ocr_carea' id='block_1_6' title="bbox 3746 1586 3879 1633">
    <p class='ocr_par' dir='ltr' id='par_1_22' title="bbox 3746 1586 3879 1633">
     <span class='ocr_line' id='line_1_56' title="bbox 3746 1586 3879 1633; baseline -0.008 -1"><span class='ocrx_word' id='word_1_297' title='bbox 3746 1586 3879 1633; x_wconf 86' lang='lat' dir='ltr'><strong>tum.</strong></span> 
     </span>
    </p>
   </div>
   <div class='ocr_carea' id='block_1_7' title="bbox 2063 1629 3940 1759">
    <p class='ocr_par' dir='ltr' id='par_1_23' title="bbox 2063 1629 3940 1759">
     <span class='ocr_line' id='line_1_57' title="bbox 2063 1629 3940 1759; baseline 0.002 -56"><span class='ocrx_word' id='word_1_298' title='bbox 2063 1652 2232 1703; x_wconf 77' lang='lat' dir='ltr'><strong>cere</strong></span> <span class='ocrx_word' id='word_1_299' title='bbox 2309 1629 2775 1705; x_wconf 73' lang='lat' dir='ltr'><strong>volantatem</strong></span> <span class='ocrx_word' id='word_1_300' title='bbox 2877 1630 3452 1729; x_wconf 80' lang='lat' dir='ltr'><strong>impeccabilem</strong></span> <span class='ocrx_word' id='word_1_301' title='bbox 3534 1656 3616 1707; x_wconf 81' lang='lat' dir='ltr'><strong>m</strong></span> <span class='ocrx_word' id='word_1_302' title='bbox 3684 1644 3940 1759; x_wconf 54' lang='lat' dir='ltr'><strong>‘ffggngssf</strong></span> 
     </span>
    </p>
   </div>
   <div class='ocr_carea' id='block_1_8' title="bbox 2049 1748 3972 5582">
    <p class='ocr_par' dir='ltr' id='par_1_24' title="bbox 2050 1748 3972 4161">
     <span class='ocr_line' id='line_1_58' title="bbox 2050 1748 3946 1847; baseline 0.001 -27"><span class='ocrx_word' id='word_1_303' title='bbox 2050 1748 2312 1843; x_wconf 81' lang='lat' dir='ltr'><strong>primo</strong></span> <span class='ocrx_word' id='word_1_304' title='bbox 2363 1748 2645 1823; x_wconf 79' lang='lat' dir='ltr'><strong>nunc?</strong></span> <span class='ocrx_word' id='word_1_305' title='bbox 2701 1748 2890 1822; x_wconf 91' lang='lat' dir='ltr'><strong>Dico</strong></span> <span class='ocrx_word' id='word_1_306' title='bbox 2933 1748 3138 1847; x_wconf 92' lang='lat' dir='ltr'><strong>quod</strong></span> <span class='ocrx_word' id='word_1_307' title='bbox 3181 1773 3365 1843; x_wconf 91' lang='lat' dir='ltr'><strong>non,</strong></span> <span class='ocrx_word' id='word_1_308' title='bbox 3435 1749 3618 1846; x_wconf 86' lang='lat' dir='ltr'><strong>quia</strong></span> <span class='ocrx_word' id='word_1_309' title='bbox 3680 1770 3946 1845; x_wconf 58' lang='lat' dir='ltr'><strong>imppepa-</strong></span> 
     </span>
     <span class='ocr_line' id='line_1_59' title="bbox 2063 1832 3972 1961; baseline 0.001 -25"><span class='ocrx_word' id='word_1_310' title='bbox 2063 1861 2126 1936; x_wconf 91' lang='lat' dir='ltr'><strong>si</strong></span> <span class='ocrx_word' id='word_1_311' title='bbox 2168 1871 2368 1936; x_wconf 90' lang='lat' dir='ltr'><strong>esset</strong></span> <span class='ocrx_word' id='word_1_312' title='bbox 2399 1861 2922 1959; x_wconf 88' lang='lat' dir='ltr'><strong>impeccabilis</strong></span> <span class='ocrx_word' id='word_1_313' title='bbox 2973 1862 3048 1935; x_wconf 91' lang='lat' dir='ltr'><strong>in</strong></span> <span class='ocrx_word' id='word_1_314' title='bbox 3092 1864 3338 1961; x_wconf 91' lang='lat' dir='ltr'><strong>primo</strong></span> <span class='ocrx_word' id='word_1_315' title='bbox 3380 1888 3611 1957; x_wconf 79' lang='lat' dir='ltr'><strong>nunc,</strong></span> <span class='ocrx_word' id='word_1_316' title='bbox 3648 1832 3972 1958; x_wconf 62' lang='lat' dir='ltr'><strong>prixiiii’ui&#39;n-</strong></span> 
     </span>
     <span class='ocr_line' id='line_1_60' title="bbox 2060 1960 3908 2076; baseline 0.001 -26"><span class='ocrx_word' id='word_1_317' title='bbox 2060 1988 2373 2076; x_wconf 88' lang='lat' dir='ltr'><strong>propter</strong></span> <span class='ocrx_word' id='word_1_318' title='bbox 2438 1988 2730 2052; x_wconf 89' lang='lat' dir='ltr'><strong>motum</strong></span> <span class='ocrx_word' id='word_1_319' title='bbox 2784 1982 3210 2055; x_wconf 90' lang='lat' dir='ltr'><strong>naturalem</strong></span> <span class='ocrx_word' id='word_1_320' title='bbox 3282 1980 3616 2055; x_wconf 89' lang='lat' dir='ltr'><strong>rectissi-</strong></span> <span class='ocrx_word' id='word_1_321' title='bbox 3726 1960 3908 2011; x_wconf 62' lang='lat' dir='ltr'><strong>‘mm’</strong></span> 
     </span>
     <span class='ocr_line' id='line_1_61' title="bbox 2061 2097 3617 2188; baseline 0.001 -21"><span class='ocrx_word' id='word_1_322' title='bbox 2061 2119 2304 2188; x_wconf 87' lang='lat' dir='ltr'><strong>mum,</strong></span> <span class='ocrx_word' id='word_1_323' title='bbox 2365 2118 2537 2169; x_wconf 90' lang='lat' dir='ltr'><strong>cum</strong></span> <span class='ocrx_word' id='word_1_324' title='bbox 2599 2106 2856 2170; x_wconf 90' lang='lat' dir='ltr'><strong>motus</strong></span> <span class='ocrx_word' id='word_1_325' title='bbox 2897 2097 3272 2171; x_wconf 88' lang='lat' dir='ltr'><strong>naturalis</strong></span> <span class='ocrx_word' id='word_1_326' title='bbox 3341 2098 3617 2170; x_wconf 88' lang='lat' dir='ltr'><strong>volun-</strong></span> 
     </span>
     <span class='ocr_line' id='line_1_62' title="bbox 2059 2212 3622 2313; baseline 0.001 -27"><span class='ocrx_word' id='word_1_327' title='bbox 2059 2212 2237 2287; x_wconf 89' lang='lat' dir='ltr'><strong>tatis</strong></span> <span class='ocrx_word' id='word_1_328' title='bbox 2278 2214 2374 2289; x_wconf 91' lang='lat' dir='ltr'><strong>sit</strong></span> <span class='ocrx_word' id='word_1_329' title='bbox 2418 2237 2724 2311; x_wconf 85' lang='lat' dir='ltr'><strong>semper</strong></span> <span class='ocrx_word' id='word_1_330' title='bbox 2773 2237 2995 2313; x_wconf 72' lang='lat' dir='ltr'><strong>aeque</strong></span> <span class='ocrx_word' id='word_1_331' title='bbox 3042 2215 3420 2308; x_wconf 76' lang='lat' dir='ltr'><strong>intensuS,</strong></span> <span class='ocrx_word' id='word_1_332' title='bbox 3465 2238 3622 2288; x_wconf 88' lang='lat' dir='ltr'><strong>ma-</strong></span> 
     </span>
     <span class='ocr_line' id='line_1_63' title="bbox 2060 2332 3617 2431; baseline 0.001 -27"><span class='ocrx_word' id='word_1_333' title='bbox 2060 2341 2292 2406; x_wconf 91' lang='lat' dir='ltr'><strong>nente</strong></span> <span class='ocrx_word' id='word_1_334' title='bbox 2358 2342 2660 2426; x_wconf 90' lang='lat' dir='ltr'><strong>natura,</strong></span> <span class='ocrx_word' id='word_1_335' title='bbox 2698 2341 2901 2406; x_wconf 89' lang='lat' dir='ltr'><strong>esset</strong></span> <span class='ocrx_word' id='word_1_336' title='bbox 2951 2332 3474 2431; x_wconf 87' lang='lat' dir='ltr'><strong>impeccabilis</strong></span> <span class='ocrx_word' id='word_1_337' title='bbox 3539 2332 3617 2405; x_wconf 91' lang='lat' dir='ltr'><strong>in</strong></span> 
     </span>
     <span class='ocr_line' id='line_1_64' title="bbox 2059 2448 3619 2547; baseline 0.001 -26"><span class='ocrx_word' id='word_1_338' title='bbox 2059 2448 2406 2547; x_wconf 86' lang='lat' dir='ltr'><strong>quolibet</strong></span> <span class='ocrx_word' id='word_1_339' title='bbox 2488 2472 2722 2543; x_wconf 76' lang='lat' dir='ltr'><strong>mmo,</strong></span> <span class='ocrx_word' id='word_1_340' title='bbox 2813 2448 2993 2523; x_wconf 90' lang='lat' dir='ltr'><strong>dum</strong></span> <span class='ocrx_word' id='word_1_341' title='bbox 3082 2459 3457 2525; x_wconf 89' lang='lat' dir='ltr'><strong>maneret.</strong></span> <span class='ocrx_word' id='word_1_342' title='bbox 3527 2452 3619 2523; x_wconf 90' lang='lat' dir='ltr'><strong>Et</strong></span> 
     </span>
     <span class='ocr_line' id='line_1_65' title="bbox 2059 2565 3621 2664; baseline -0.001 -24"><span class='ocrx_word' id='word_1_343' title='bbox 2059 2589 2235 2640; x_wconf 87' lang='lat' dir='ltr'><strong>cum</strong></span> <span class='ocrx_word' id='word_1_344' title='bbox 2286 2565 2682 2664; x_wconf 88' lang='lat' dir='ltr'><strong>probatur,</strong></span> <span class='ocrx_word' id='word_1_345' title='bbox 2728 2565 2897 2639; x_wconf 89' lang='lat' dir='ltr'><strong>dico</strong></span> <span class='ocrx_word' id='word_1_346' title='bbox 2945 2566 3150 2663; x_wconf 90' lang='lat' dir='ltr'><strong>quod</strong></span> <span class='ocrx_word' id='word_1_347' title='bbox 3204 2565 3349 2640; x_wconf 91' lang='lat' dir='ltr'><strong>ista</strong></span> <span class='ocrx_word' id='word_1_348' title='bbox 3398 2566 3621 2640; x_wconf 91' lang='lat' dir='ltr'><strong>incli-</strong></span> 
     </span>
     <span class='ocr_line' id='line_1_66' title="bbox 2060 2681 3618 2781; baseline 0.002 -26"><span class='ocrx_word' id='word_1_349' title='bbox 2060 2681 2270 2757; x_wconf 86' lang='lat' dir='ltr'><strong>natio</strong></span> <span class='ocrx_word' id='word_1_350' title='bbox 2319 2682 2721 2769; x_wconf 76' lang='lat' dir='ltr'><strong>naturaliS,</strong></span> <span class='ocrx_word' id='word_1_351' title='bbox 2766 2682 2950 2780; x_wconf 89' lang='lat' dir='ltr'><strong>quia</strong></span> <span class='ocrx_word' id='word_1_352' title='bbox 2990 2684 3348 2757; x_wconf 87' lang='lat' dir='ltr'><strong>voluntas</strong></span> <span class='ocrx_word' id='word_1_353' title='bbox 3390 2706 3618 2781; x_wconf 92' lang='lat' dir='ltr'><strong>appe·</strong></span> 
     </span>
     <span class='ocr_line' id='line_1_67' title="bbox 2058 2798 3622 2893; baseline 0 -21"><span class='ocrx_word' id='word_1_354' title='bbox 2058 2798 2145 2872; x_wconf 88' lang='lat' dir='ltr'><strong>tit</strong></span> <span class='ocrx_word' id='word_1_355' title='bbox 2218 2799 2739 2893; x_wconf 89' lang='lat' dir='ltr'><strong>commodum,</strong></span> <span class='ocrx_word' id='word_1_356' title='bbox 2806 2822 2964 2873; x_wconf 91' lang='lat' dir='ltr'><strong>non</strong></span> <span class='ocrx_word' id='word_1_357' title='bbox 3026 2807 3140 2873; x_wconf 90' lang='lat' dir='ltr'><strong>est</strong></span> <span class='ocrx_word' id='word_1_358' title='bbox 3203 2807 3420 2873; x_wconf 92' lang='lat' dir='ltr'><strong>actus</strong></span> <span class='ocrx_word' id='word_1_359' title='bbox 3479 2799 3622 2874; x_wconf 90' lang='lat' dir='ltr'><strong>eli-</strong></span> 
     </span>
     <span class='ocr_line' id='line_1_68' title="bbox 2059 2915 3621 3014; baseline 0 -25"><span class='ocrx_word' id='word_1_360' title='bbox 2059 2915 2285 3010; x_wconf 81' lang='lat' dir='ltr'><strong>cituS,</strong></span> <span class='ocrx_word' id='word_1_361' title='bbox 2345 2916 2516 2991; x_wconf 92' lang='lat' dir='ltr'><strong>ideo</strong></span> <span class='ocrx_word' id='word_1_362' title='bbox 2581 2938 2887 3014; x_wconf 89' lang='lat' dir='ltr'><strong>semper</strong></span> <span class='ocrx_word' id='word_1_363' title='bbox 2933 2915 3176 2991; x_wconf 88' lang='lat' dir='ltr'><strong>tendit</strong></span> <span class='ocrx_word' id='word_1_364' title='bbox 3217 2916 3621 3013; x_wconf 83' lang='lat' dir='ltr'><strong>aequaliter</strong></span> 
     </span>
     <span class='ocr_line' id='line_1_69' title="bbox 2059 3035 3617 3126; baseline 0.002 -18"><span class='ocrx_word' id='word_1_365' title='bbox 2059 3035 2136 3109; x_wconf 94' lang='lat' dir='ltr'><strong>in</strong></span> <span class='ocrx_word' id='word_1_366' title='bbox 2181 3036 2471 3110; x_wconf 89' lang='lat' dir='ltr'><strong>bonum</strong></span> <span class='ocrx_word' id='word_1_367' title='bbox 2514 3036 3032 3126; x_wconf 90' lang='lat' dir='ltr'><strong>commodum,</strong></span> <span class='ocrx_word' id='word_1_368' title='bbox 3095 3035 3242 3109; x_wconf 91' lang='lat' dir='ltr'><strong>nisi</strong></span> <span class='ocrx_word' id='word_1_369' title='bbox 3304 3035 3617 3111; x_wconf 90' lang='lat' dir='ltr'><strong>aliunde</strong></span> 
     </span>
     <span class='ocr_line' id='line_1_70' title="bbox 2059 3151 3618 3250; baseline 0.001 -24"><span class='ocrx_word' id='word_1_370' title='bbox 2059 3153 2482 3250; x_wconf 89' lang='lat' dir='ltr'><strong>reguletur.</strong></span> <span class='ocrx_word' id='word_1_371' title='bbox 2529 3151 2755 3227; x_wconf 91' lang='lat' dir='ltr'><strong>Nunc</strong></span> <span class='ocrx_word' id='word_1_372' title='bbox 2806 3160 3062 3227; x_wconf 87' lang='lat' dir='ltr'><strong>autem</strong></span> <span class='ocrx_word' id='word_1_373' title='bbox 3097 3153 3360 3228; x_wconf 87' lang='lat' dir='ltr'><strong>nullus</strong></span> <span class='ocrx_word' id='word_1_374' title='bbox 3401 3161 3618 3228; x_wconf 89' lang='lat' dir='ltr'><strong>actus</strong></span> 
     </span>
     <span class='ocr_line' id='line_1_71' title="bbox 2059 3269 3615 3364; baseline 0 -20"><span class='ocrx_word' id='word_1_375' title='bbox 2059 3269 2360 3345; x_wconf 89' lang='lat' dir='ltr'><strong>elicitus</strong></span> <span class='ocrx_word' id='word_1_376' title='bbox 2410 3269 2831 3344; x_wconf 88' lang='lat' dir='ltr'><strong>voluntatis</strong></span> <span class='ocrx_word' id='word_1_377' title='bbox 2880 3269 3161 3344; x_wconf 90' lang='lat' dir='ltr'><strong>dicitur</strong></span> <span class='ocrx_word' id='word_1_378' title='bbox 3212 3270 3615 3364; x_wconf 91' lang='lat' dir='ltr'><strong>naturalis,</strong></span> 
     </span>
     <span class='ocr_line' id='line_1_72' title="bbox 2058 3386 3625 3485; baseline 0.001 -25"><span class='ocrx_word' id='word_1_379' title='bbox 2058 3387 2206 3462; x_wconf 91' lang='lat' dir='ltr'><strong>nisi</strong></span> <span class='ocrx_word' id='word_1_380' title='bbox 2248 3388 2432 3485; x_wconf 92' lang='lat' dir='ltr'><strong>quia</strong></span> <span class='ocrx_word' id='word_1_381' title='bbox 2472 3396 2586 3461; x_wconf 90' lang='lat' dir='ltr'><strong>est</strong></span> <span class='ocrx_word' id='word_1_382' title='bbox 2618 3386 3030 3461; x_wconf 86' lang='lat' dir='ltr'><strong>conformis</strong></span> <span class='ocrx_word' id='word_1_383' title='bbox 3072 3386 3447 3484; x_wconf 89' lang='lat' dir='ltr'><strong>appetitui</strong></span> <span class='ocrx_word' id='word_1_384' title='bbox 3493 3411 3625 3462; x_wconf 90' lang='lat' dir='ltr'><strong>na-</strong></span> 
     </span>
     <span class='ocr_line' id='line_1_73' title="bbox 2057 3502 3619 3601; baseline -0.001 -24"><span class='ocrx_word' id='word_1_385' title='bbox 2057 3503 2286 3578; x_wconf 92' lang='lat' dir='ltr'><strong>turali</strong></span> <span class='ocrx_word' id='word_1_386' title='bbox 2348 3512 2420 3577; x_wconf 93' lang='lat' dir='ltr'><strong>et</strong></span> <span class='ocrx_word' id='word_1_387' title='bbox 2479 3502 2988 3596; x_wconf 87' lang='lat' dir='ltr'><strong>inclinationi,</strong></span> <span class='ocrx_word' id='word_1_388' title='bbox 3050 3527 3225 3601; x_wconf 79' lang='lat' dir='ltr'><strong>quae</strong></span> <span class='ocrx_word' id='word_1_389' title='bbox 3294 3528 3448 3578; x_wconf 88' lang='lat' dir='ltr'><strong>non</strong></span> <span class='ocrx_word' id='word_1_390' title='bbox 3505 3512 3619 3579; x_wconf 88' lang='lat' dir='ltr'><strong>est</strong></span> 
     </span>
     <span class='ocr_line' id='line_1_74' title="bbox 2058 3618 3621 3715; baseline 0.001 -22"><span class='ocrx_word' id='word_1_391' title='bbox 2058 3629 2275 3694; x_wconf 89' lang='lat' dir='ltr'><strong>actus</strong></span> <span class='ocrx_word' id='word_1_392' title='bbox 2326 3618 2628 3693; x_wconf 90' lang='lat' dir='ltr'><strong>elicitus</strong></span> <span class='ocrx_word' id='word_1_393' title='bbox 2669 3646 2688 3712; x_wconf 83' lang='lat'><em>3</em></span> <span class='ocrx_word' id='word_1_394' title='bbox 2736 3618 2906 3693; x_wconf 88' lang='lat' dir='ltr'><strong>ideo</strong></span> <span class='ocrx_word' id='word_1_395' title='bbox 2963 3619 3286 3715; x_wconf 89' lang='lat' dir='ltr'><strong>quilibet</strong></span> <span class='ocrx_word' id='word_1_396' title='bbox 3317 3620 3621 3695; x_wconf 90' lang='lat' dir='ltr'><strong>elicitus</strong></span> 
     </span>
     <span class='ocr_line' id='line_1_75' title="bbox 2059 3735 3622 3834; baseline 0.001 -25"><span class='ocrx_word' id='word_1_397' title='bbox 2059 3745 2781 3834; x_wconf 90' lang='lat' dir='ltr'><strong>quantumcumque</strong></span> <span class='ocrx_word' id='word_1_398' title='bbox 2857 3735 2955 3809; x_wconf 89' lang='lat' dir='ltr'><strong>sit</strong></span> <span class='ocrx_word' id='word_1_399' title='bbox 3018 3737 3433 3812; x_wconf 90' lang='lat' dir='ltr'><strong>conformis</strong></span> <span class='ocrx_word' id='word_1_400' title='bbox 3498 3737 3622 3811; x_wconf 93' lang='lat' dir='ltr'><strong>in-</strong></span> 
     </span>
     <span class='ocr_line' id='line_1_76' title="bbox 2059 3851 3617 3952; baseline 0.002 -25"><span class='ocrx_word' id='word_1_401' title='bbox 2059 3851 2453 3927; x_wconf 90' lang='lat' dir='ltr'><strong>clinationi</strong></span> <span class='ocrx_word' id='word_1_402' title='bbox 2525 3852 2886 3945; x_wconf 87' lang='lat' dir='ltr'><strong>naturali,</strong></span> <span class='ocrx_word' id='word_1_403' title='bbox 2959 3861 3032 3926; x_wconf 91' lang='lat' dir='ltr'><strong>et</strong></span> <span class='ocrx_word' id='word_1_404' title='bbox 3102 3864 3413 3952; x_wconf 89' lang='lat' dir='ltr'><strong>propter</strong></span> <span class='ocrx_word' id='word_1_405' title='bbox 3472 3856 3617 3930; x_wconf 91' lang='lat' dir='ltr'><strong>hoc</strong></span> 
     </span>
     <span class='ocr_line' id='line_1_77' title="bbox 2061 3968 3618 4067; baseline 0.004 -25"><span class='ocrx_word' id='word_1_406' title='bbox 2061 3978 2321 4067; x_wconf 86' lang='lat' dir='ltr'><strong>posset</strong></span> <span class='ocrx_word' id='word_1_407' title='bbox 2351 3968 2495 4043; x_wconf 92' lang='lat' dir='ltr'><strong>dici</strong></span> <span class='ocrx_word' id='word_1_408' title='bbox 2562 3968 2963 4062; x_wconf 89' lang='lat' dir='ltr'><strong>naturalis,</strong></span> <span class='ocrx_word' id='word_1_409' title='bbox 2999 3978 3113 4044; x_wconf 88' lang='lat' dir='ltr'><strong>est</strong></span> <span class='ocrx_word' id='word_1_410' title='bbox 3155 3978 3412 4046; x_wconf 90' lang='lat' dir='ltr'><strong>tamen</strong></span> <span class='ocrx_word' id='word_1_411' title='bbox 3468 3995 3618 4048; x_wconf 93' lang='lat' dir='ltr'><strong>me·</strong></span> 
     </span>
     <span class='ocr_line' id='line_1_78' title="bbox 2063 4086 2432 4161; baseline -0.005 -2"><span class='ocrx_word' id='word_1_412' title='bbox 2063 4110 2143 4161; x_wconf 92' lang='lat' dir='ltr'><strong>re</strong></span> <span class='ocrx_word' id='word_1_413' title='bbox 2212 4086 2432 4161; x_wconf 90' lang='lat' dir='ltr'><strong>liber.</strong></span> 
     </span>
    </p>

    <p class='ocr_par' dir='ltr' id='par_1_25' title="bbox 2049 4201 3962 5582">
     <span class='ocr_line' id='line_1_79' title="bbox 2157 4201 3962 4299; baseline 0.002 -23"><span class='ocrx_word' id='word_1_414' title='bbox 2157 4201 2525 4276; x_wconf 88' lang='lat' dir='ltr'><strong>Similiter</strong></span> <span class='ocrx_word' id='word_1_415' title='bbox 2565 4202 3071 4277; x_wconf 88' lang='lat' dir='ltr'><strong>concedentes</strong></span> <span class='ocrx_word' id='word_1_416' title='bbox 3112 4203 3605 4299; x_wconf 82' lang='lat' dir='ltr'><strong>antecedenS,</strong></span> <span class='ocrx_word' id='word_1_417' title='bbox 3647 4230 3773 4281; x_wconf 74' lang='lat' dir='ltr'><strong>vide</strong></span> <span class='ocrx_word' id='word_1_418' title='bbox 3800 4243 3962 4293; x_wconf 70' lang='lat' dir='ltr'><strong>supra</strong></span> 
     </span>
     <span class='ocr_line' id='line_1_80' title="bbox 2056 4293 3946 4416; baseline 0.001 -26"><span class='ocrx_word' id='word_1_419' title='bbox 2056 4329 2433 4414; x_wconf 88' lang='lat' dir='ltr'><strong>negarent</strong></span> <span class='ocrx_word' id='word_1_420' title='bbox 2485 4318 3146 4416; x_wconf 89' lang='lat' dir='ltr'><strong>consequentiam,</strong></span> <span class='ocrx_word' id='word_1_421' title='bbox 3218 4319 3401 4416; x_wconf 91' lang='lat' dir='ltr'><strong>quia</strong></span> <span class='ocrx_word' id='word_1_422' title='bbox 3451 4343 3607 4394; x_wconf 91' lang='lat' dir='ltr'><strong>non</strong></span> <span class='ocrx_word' id='word_1_423' title='bbox 3640 4293 3946 4406; x_wconf 47' lang='lat' dir='ltr'><strong>ssssssfflf</strong></span> 
     </span>
     <span class='ocr_line' id='line_1_81' title="bbox 2056 4420 3907 4532; baseline 0.001 -23"><span class='ocrx_word' id='word_1_424' title='bbox 2056 4444 2172 4509; x_wconf 88' lang='lat' dir='ltr'><strong>est</strong></span> <span class='ocrx_word' id='word_1_425' title='bbox 2247 4434 2521 4509; x_wconf 90' lang='lat' dir='ltr'><strong>similis</strong></span> <span class='ocrx_word' id='word_1_426' title='bbox 2598 4434 2689 4508; x_wconf 93' lang='lat' dir='ltr'><strong>de</strong></span> <span class='ocrx_word' id='word_1_427' title='bbox 2774 4434 3023 4532; x_wconf 88' lang='lat' dir='ltr'><strong>primo</strong></span> <span class='ocrx_word' id='word_1_428' title='bbox 3102 4435 3446 4530; x_wconf 88' lang='lat' dir='ltr'><strong>instanti,</strong></span> <span class='ocrx_word' id='word_1_429' title='bbox 3537 4446 3611 4512; x_wconf 89' lang='lat' dir='ltr'><strong>et</strong></span> <span class='ocrx_word' id='word_1_430' title='bbox 3699 4420 3907 4469; x_wconf 72' lang='lat'><strong>²·⁰²⁴‘</strong></span> 
     </span>
     <span class='ocr_line' id='line_1_82' title="bbox 2055 4553 3607 4651; baseline 0 -24"><span class='ocrx_word' id='word_1_431' title='bbox 2055 4554 2400 4651; x_wconf 91' lang='lat' dir='ltr'><strong>quolibet</strong></span> <span class='ocrx_word' id='word_1_432' title='bbox 2500 4553 2930 4651; x_wconf 90' lang='lat' dir='ltr'><strong>posteriori.</strong></span> <span class='ocrx_word' id='word_1_433' title='bbox 3031 4554 3315 4628; x_wconf 89' lang='lat' dir='ltr'><strong>Dicunt</strong></span> <span class='ocrx_word' id='word_1_434' title='bbox 3401 4556 3607 4630; x_wconf 90' lang='lat' dir='ltr'><strong>enim</strong></span> 
     </span>
     <span class='ocr_line' id='line_1_83' title="bbox 2055 4656 3606 4767; baseline 0.001 -24"><span class='ocrx_word' id='word_1_435' title='bbox 2055 4670 2262 4767; x_wconf 92' lang='lat' dir='ltr'><strong>quod</strong></span> <span class='ocrx_word' id='word_1_436' title='bbox 2318 4669 2640 4766; x_wconf 91' lang='lat' dir='ltr'><strong>quilibet</strong></span> <span class='ocrx_word' id='word_1_437' title='bbox 2690 4656 2935 4763; x_wconf 86' lang='lat' dir='ltr'><strong>actus,</strong></span> <span class='ocrx_word' id='word_1_438' title='bbox 2989 4669 3122 4767; x_wconf 92' lang='lat' dir='ltr'><strong>qui</strong></span> <span class='ocrx_word' id='word_1_439' title='bbox 3180 4679 3295 4744; x_wconf 87' lang='lat' dir='ltr'><strong>est</strong></span> <span class='ocrx_word' id='word_1_440' title='bbox 3357 4670 3468 4745; x_wconf 91' lang='lat' dir='ltr'><strong>rei</strong></span> <span class='ocrx_word' id='word_1_441' title='bbox 3528 4671 3606 4744; x_wconf 92' lang='lat' dir='ltr'><strong>in</strong></span> 
     </span>
     <span class='ocr_line' id='line_1_84' title="bbox 2056 4785 3609 4883; baseline 0.003 -26"><span class='ocrx_word' id='word_1_442' title='bbox 2056 4786 2302 4883; x_wconf 91' lang='lat' dir='ltr'><strong>primo</strong></span> <span class='ocrx_word' id='word_1_443' title='bbox 2337 4785 2650 4859; x_wconf 89' lang='lat' dir='ltr'><strong>instanti</strong></span> <span class='ocrx_word' id='word_1_444' title='bbox 2700 4785 3255 4882; x_wconf 86' lang='lat' dir='ltr'><strong>productionis,</strong></span> <span class='ocrx_word' id='word_1_445' title='bbox 3300 4797 3416 4862; x_wconf 89' lang='lat' dir='ltr'><strong>est</strong></span> <span class='ocrx_word' id='word_1_446' title='bbox 3460 4788 3609 4861; x_wconf 90' lang='lat' dir='ltr'><strong>im-</strong></span> 
     </span>
     <span class='ocr_line' id='line_1_85' title="bbox 2055 4902 3607 5001; baseline 0.001 -25"><span class='ocrx_word' id='word_1_447' title='bbox 2055 4904 2382 4978; x_wconf 89' lang='lat' dir='ltr'><strong>mediate</strong></span> <span class='ocrx_word' id='word_1_448' title='bbox 2429 4926 2473 4977; x_wconf 90' lang='lat' dir='ltr'><strong>a</strong></span> <span class='ocrx_word' id='word_1_449' title='bbox 2517 4902 2987 5001; x_wconf 90' lang='lat' dir='ltr'><strong>producente</strong></span> <span class='ocrx_word' id='word_1_450' title='bbox 3034 4929 3050 4990; x_wconf 92' lang='lat'>;</span> <span class='ocrx_word' id='word_1_451' title='bbox 3125 4915 3199 4979; x_wconf 90' lang='lat' dir='ltr'><strong>et</strong></span> <span class='ocrx_word' id='word_1_452' title='bbox 3256 4904 3426 4979; x_wconf 88' lang='lat' dir='ltr'><strong>ideo</strong></span> <span class='ocrx_word' id='word_1_453' title='bbox 3493 4905 3607 4978; x_wconf 91' lang='lat' dir='ltr'><strong>di-</strong></span> 
     </span>
     <span class='ocr_line' id='line_1_86' title="bbox 2053 5021 3604 5120; baseline 0.001 -25"><span class='ocrx_word' id='word_1_454' title='bbox 2053 5031 2239 5096; x_wconf 87' lang='lat' dir='ltr'><strong>cunt</strong></span> <span class='ocrx_word' id='word_1_455' title='bbox 2306 5021 2510 5120; x_wconf 90' lang='lat' dir='ltr'><strong>quod</strong></span> <span class='ocrx_word' id='word_1_456' title='bbox 2587 5021 2665 5093; x_wconf 94' lang='lat' dir='ltr'><strong>in</strong></span> <span class='ocrx_word' id='word_1_457' title='bbox 2742 5021 2989 5118; x_wconf 89' lang='lat' dir='ltr'><strong>primo</strong></span> <span class='ocrx_word' id='word_1_458' title='bbox 3067 5021 3378 5096; x_wconf 91' lang='lat' dir='ltr'><strong>instanti</strong></span> <span class='ocrx_word' id='word_1_459' title='bbox 3450 5047 3604 5097; x_wconf 91' lang='lat' dir='ltr'><strong>non</strong></span> 
     </span>
     <span class='ocr_line' id='line_1_87' title="bbox 2051 5136 3602 5236; baseline 0.001 -24"><span class='ocrx_word' id='word_1_460' title='bbox 2051 5147 2302 5236; x_wconf 89' lang='lat' dir='ltr'><strong>potest</strong></span> <span class='ocrx_word' id='word_1_461' title='bbox 2367 5159 2711 5236; x_wconf 84' lang='lat' dir='ltr'><strong>peccare,</strong></span> <span class='ocrx_word' id='word_1_462' title='bbox 2774 5136 2920 5211; x_wconf 88' lang='lat' dir='ltr'><strong>nisi</strong></span> <span class='ocrx_word' id='word_1_463' title='bbox 2982 5137 3448 5213; x_wconf 90' lang='lat' dir='ltr'><strong>redundaret</strong></span> <span class='ocrx_word' id='word_1_464' title='bbox 3523 5141 3602 5213; x_wconf 91' lang='lat' dir='ltr'><strong>in</strong></span> 
     </span>
     <span class='ocr_line' id='line_1_88' title="bbox 2050 5253 3667 5354; baseline 0.001 -27"><span class='ocrx_word' id='word_1_465' title='bbox 2050 5255 2326 5330; x_wconf 90' lang='lat' dir='ltr'><strong>Deum.</strong></span> <span class='ocrx_word' id='word_1_466' title='bbox 2389 5254 2537 5329; x_wconf 88' lang='lat' dir='ltr'><strong>Sed</strong></span> <span class='ocrx_word' id='word_1_467' title='bbox 2591 5254 2667 5327; x_wconf 90' lang='lat' dir='ltr'><strong>in</strong></span> <span class='ocrx_word' id='word_1_468' title='bbox 2718 5253 3184 5328; x_wconf 87' lang='lat' dir='ltr'><strong>instantibus</strong></span> <span class='ocrx_word' id='word_1_469' title='bbox 3241 5256 3606 5354; x_wconf 90' lang='lat' dir='ltr'><strong>posterio-</strong></span> <span class='ocrx_word' id='word_1_470' title='bbox 3662 5315 3667 5318; x_wconf 83' lang='grc'>.</span> 
     </span>
     <span class='ocr_line' id='line_1_89' title="bbox 2049 5369 3600 5469; baseline -0.001 -24"><span class='ocrx_word' id='word_1_471' title='bbox 2049 5371 2265 5446; x_wconf 89' lang='lat' dir='ltr'><strong>ribus</strong></span> <span class='ocrx_word' id='word_1_472' title='bbox 2335 5377 2584 5469; x_wconf 85' lang='lat' dir='ltr'><strong>potest</strong></span> <span class='ocrx_word' id='word_1_473' title='bbox 2640 5369 2915 5444; x_wconf 90' lang='lat' dir='ltr'><strong>elicere</strong></span> <span class='ocrx_word' id='word_1_474' title='bbox 2988 5379 3241 5444; x_wconf 90' lang='lat' dir='ltr'><strong>actum</strong></span> <span class='ocrx_word' id='word_1_475' title='bbox 3312 5372 3600 5445; x_wconf 91' lang='lat' dir='ltr'><strong>bonum</strong></span> 
     </span>
     <span class='ocr_line' id='line_1_90' title="bbox 2049 5485 3605 5582; baseline -0.001 -20"><span class='ocrx_word' id='word_1_476' title='bbox 2049 5497 2123 5562; x_wconf 88' lang='lat' dir='ltr'><strong>et</strong></span> <span class='ocrx_word' id='word_1_477' title='bbox 2159 5490 2444 5562; x_wconf 90' lang='lat' dir='ltr'><strong>malum</strong></span> <span class='ocrx_word' id='word_1_478' title='bbox 2488 5509 2532 5560; x_wconf 90' lang='lat' dir='ltr'><strong>a</strong></span> <span class='ocrx_word' id='word_1_479' title='bbox 2571 5510 2654 5561; x_wconf 91' lang='lat' dir='ltr'><strong>se</strong></span> <span class='ocrx_word' id='word_1_480' title='bbox 2696 5508 2871 5560; x_wconf 91' lang='lat' dir='ltr'><strong>cum</strong></span> <span class='ocrx_word' id='word_1_481' title='bbox 2923 5485 3329 5560; x_wconf 88' lang='lat' dir='ltr'><strong>influentia</strong></span> <span class='ocrx_word' id='word_1_482' title='bbox 3378 5510 3605 5582; x_wconf 91' lang='lat' dir='ltr'><strong>gene-</strong></span> 
     </span>
    </p>
   </div>
   <div class='ocr_carea' id='block_1_9' title="bbox 2049 5604 2222 5678">
    <p class='ocr_par' dir='ltr' id='par_1_26' title="bbox 2049 5604 2222 5678">
     <span class='ocr_line' id='line_1_91' title="bbox 2049 5604 2222 5678; baseline -0.017 0"><span class='ocrx_word' id='word_1_483' title='bbox 2049 5604 2222 5678; x_wconf 88' lang='lat' dir='ltr'><strong>rali.</strong></span> 
     </span>
    </p>
   </div>
   <div class='ocr_carea' id='block_1_10' title="bbox 4229 5583 4232 6133">
    <p class='ocr_par' dir='ltr' id='par_1_27' title="bbox 4229 5583 4232 6133">
     <span class='ocr_line' id='line_1_92' title="bbox 4229 5583 4232 6133; baseline 0 0"><span class='ocrx_word' id='word_1_484' title='bbox 4229 5583 4232 6133; x_wconf 95' lang='lat' dir='ltr'><strong> </strong></span> 
     </span>
    </p>
   </div>
  </div>
 </body>
</html>
