4295 6326
200 1426 275 1494 9.

1446 386 1672 460 DIST.
1715 384 1871 457 XV.
1911 378 2332 467 QUAESTIO
2379 380 2616 454 UNIC.

428 576 619 655 citer
657 573 1131 667 volendum3
1191 567 1427 667 igitur
1500 585 1657 638 non
1726 557 1977 662 potuit

428 693 875 795 oppositum
918 682 1432 765 demonstrari
1474 679 1624 755 nisi
1671 675 1983 775 sophis-

427 812 600 887 tice.
658 808 808 884 Sed
879 805 1070 882 ratio
1139 799 1455 876 inferior
1534 794 1971 871 intellectus

430 927 711 1004 Christi
752 949 906 999 non
959 918 1507 1020 sophisticatur
1564 912 1979 1010 plusquam

434 1045 813 1145 superior,
908 1031 1510 1116 demonstrando
1600 1021 1978 1102 voluntati

434 1159 815 1261 superiori
851 1157 992 1232 hoc
1024 1176 1193 1229 esse
1235 1145 1684 1246 simpliciter
1721 1143 1983 1216 volen-

436 1282 647 1356 dum.

536 1395 758 1485 Item,
836 1387 1028 1464 ratio
1097 1378 1409 1482 politica
1486 1374 1772 1449 indicat
1827 1367 1978 1463 civi

438 1537 574 1613 pro
615 1510 819 1585 bono
861 1501 1169 1606 publico
1228 1519 1396 1573 esse
1457 1488 1973 1582 moriendum,

439 1650 738 1729 ponens
799 1622 1033 1697 finem
1130 1614 1276 1691 sub
1329 1612 1513 1705 tine,
1586 1606 1769 1706 quia
1820 1626 1979 1678 non

443 1745 694 1849 potuit
742 1740 1136 1817 meliorem
1191 1732 1427 1807 finem
1491 1747 1777 1827 ponere
1836 1722 1980 1797 sub

436 1864 618 1941 fine.
664 1860 854 1936 Dico
884 1855 1118 1954 igitur
1167 1848 1372 1949 quod
1432 1843 1622 1920 ratio
1665 1840 1982 1916 inferior

439 1977 804 2057 indicavit
861 1971 1299 2074 passionem
1359 1964 1581 2039 istam
1635 1981 1803 2035 6336
1854 1980 1985 2032 vo-

438 2100 772 2184 lendam,
844 2092 978 2168 sed
1047 2112 1202 2163 non
1272 2081 1484 2160 omni
1545 2078 1771 2154 modo
1827 2097 1981 2174 quo

441 2218 633 2294 ratio
667 2209 1026 2311 superior
1059 2235 1078 2301 ;
1108 2227 1261 2279 non
1298 2199 1504 2276 enim
1547 2194 1795 2295 potuit
1833 2191 1986 2266 dic-

437 2347 598 2410 tare
630 2329 821 2406 illud
853 2321 1303 2422 simpliciter
1344 2314 1795 2404 nolendum,
1833 2308 1981 2384 nisi

438 2460 769 2529 errasset
843 2440 1315 2540 simpliciter.
1408 2433 1650 2530 Igitur
1740 2425 1984 2501 voluit

437 2568 684 2669 portio
762 2558 1116 2660 superior
1180 2548 1627 2640 voluntatiS,
1706 2552 1782 2620 et
1849 2565 1985 2641 per

442 2704 929 2783 consequens
962 2674 1276 2751 inferior
1304 2667 1551 2743 voluit
1607 2660 1985 2760 simplici-

434 2816 577 2900 ter,
611 2803 734 2878 vel
785 2797 1054 2874 saltem
1111 2812 1267 2864 non
1308 2782 1660 2862 eliciebat
1726 2788 1983 2854 actum

438 2917 907 3022 oppositum.

539 3042 758 3130 Item,
794 3027 1224 3109 secundum
1273 3015 1795 3117 Augustinum
1857 3010 1975 3084 13.

442 3153 822 3236 deTrinit.
884 3150 955 3224 5.
1035 3145 1327 3220 Beatus
1377 3141 1512 3230 est,
1571 3132 1699 3233 qui
1762 3125 1990 3206 habet

405 3333 412 3338 -
442 3271 822 3378 quidquid
846 3265 1037 3360 vult,
1073 3271 1148 3338 et
1178 3260 1361 3334 d101t
1399 3277 1553 3329 non
1596 3249 1821 3342 beata,
1855 3269 1991 3350 qun

139 3875 273 3928 Vide
308 3878 356 3926 9.

109 3940 274 3993 Ethic.
305 3954 348 3990 c.
368 3943 416 3992 9.

435 3395 652 3496 passi
686 3395 865 3467 sant
911 3382 1149 3475 mala,
1193 3377 1377 3476 quia
1447 3371 1762 3446 mallent
1825 3387 1982 3439 non

442 3514 630 3614 pati,
676 3511 739 3586 si
773 3502 1174 3605 aequaliter
1214 3499 1528 3595 possent
1585 3487 1822 3561 finem
1868 3491 1986 3563 at÷

442 3631 766 3728 tingere.
815 3627 906 3699 Et
957 3619 1239 3695 ibidem
1298 3613 1368 3686 7.
1431 3633 1599 3706 cap.
1660 3605 1758 3679 In
1813 3626 1989 3702 pas·

443 3749 658 3823 sione
707 3742 1055 3818 tristatur
1076 3737 1409 3821 sanctita,
1453 3747 1625 3800 cam
1658 3720 1984 3796 alterum

448 3868 677 3965 optat.
726 3860 915 3934 Item
942 3854 1013 3927 3.
1069 3848 1314 3926 Ethic.
1370 3867 1536 3941 cap.
1587 3838 1704 3913 11.
1766 3836 1984 3910 Mors

444 3982 640 4085 sorti
677 3985 788 4056 est
826 3959 1186 4073 eliyenda'
1197 3970 1521 4067 propter
1569 3960 1976 4048 virtutem3

446 4103 523 4175 in
615 4106 859 4172 morte
937 4102 1193 4165 tamen
1291 4102 1571 4177 magna
1677 4071 1985 4149 tristitia

443 4226 579 4296 est.

541 4336 761 4425 ltem,
796 4327 1177 4424 obJectum
1222 4312 1614 4417 patientiae
1644 4332 1804 4388 non
1869 4315 1986 4383 est

441 4450 810 4529 omnibus
862 4441 1110 4519 modis
1163 4432 1530 4532 eligibile,
1593 4426 1777 4529 quia
1825 4447 1983 4501 non

439 4581 553 4646 est
582 4563 946 4668 patientia
980 4560 1072 4635 de
1115 4580 1204 4632 66
1237 4551 1442 4652 quod
1482 4557 1597 4623 est
1646 4541 1983 4641 eligibile

441 4687 867 4764 secundum
910 4704 1020 4773 se,
1066 4697 1241 4750 cum
1293 4673 1439 4744 hoc
1507 4664 1748 4765 possit
1813 4661 1981 4738 sine

445 4801 919 4878 difficultate.

978 5095 1330 5159 SCHOLIUM
1373 5093 1444 5149 ll.

513 5286 591 5340 Ad
628 5282 879 5357 primum
912 5275 984 5330 ob
1015 5266 1396 5327 reverentiam
1428 5258 1632 5316 Hilarii
1681 5257 1782 5312 dat
1827 5255 1978 5311 duas

435 5376 718 5446 benignas
749 5360 1255 5437 interpretationes
1283 5356 1351 5411 ad
1386 5354 1513 5423 ejus
1543 5347 1738 5413 verba,
1783 5345 1977 5402 decla·

439 5483 570 5523 rans
598 5479 715 5536 quo
743 5474 918 5517 36666
952 5471 1065 5510 non
1097 5450 1203 5506 suit
1224 5446 1387 5502 dolor
1417 5442 1477 5497 in
1524 5436 1774 5506 Christo,
1826 5434 1979 5492 sicut

435 5559 561 5629 ipse
589 5553 751 5620 dicit,
782 5555 840 5606 et
870 5563 983 5620 quo
1015 5543 1219 5600 timore
1249 5533 1459 5601 caruit,
1489 5531 1562 5587 ds
1611 5543 1725 5601 quo
1773 5524 1976 5585 Aleos.

433 5647 489 5705 3.
516 5662 568 5719 p.
606 5660 660 5716 q.
700 5641 782 5702 17.
814 5656 889 5697 m.
931 5654 964 5691 1.
999 5634 1065 5689 D.
1098 5631 1302 5687 Thom.
1337 5637 1534 5697 supra,
1575 5624 1629 5677 et
1666 5614 1788 5676 alii.
1819 5614 1974 5675 No·a

3508 390 3636 495 365

2087 556 2409 616 solutiones
2435 557 2719 630 singulas,
2748 560 2886 634 qut·
2930 561 3289 638 singularem
3330 566 3633 626 continent

2087 645 2430 717 doctrinam,
2460 649 2535 703 dc
2562 647 2782 722 quibus
2812 651 3000 710 mutue
3032 649 3195 715 Dect.
3220 654 3277 715 in
3299 658 3479 714 Oxou.
3515 658 3632 726 hic,
3758 676 3763 683 ²

2088 752 2121 792 a
2154 752 2320 793 num.
2351 738 2440 794 32.
2486 736 2622 797 vide
2646 739 2838 796 Sobol.
2868 743 2936 797 ad
2968 758 3135 799 num.
3157 742 3249 801 83.

2142 910 2293 1040 ‘Ad
2378 912 2710 1012 primum
2768 915 3218 1017 principale,
3283 919 3626 997 Hilarius
3767 944 3873 1014 10,

2083 1028 2393 1103 videtur
2458 1030 2561 1105 ibi
2596 1055 2878 1130 negare
2937 1034 3091 1112 duo
3150 1036 3229 1113 in
3290 1037 3619 1135 Christo,
3681 1055 3764 1108 Ad
3794 1072 3947 1124 argu-

2084 1168 2354 1222 verum
2398 1143 2740 1225 dolorem
2800 1161 2875 1227 et
2910 1152 3311 1243 timorem;
3366 1165 3623 1234 tamen
3654 1127 3976 1236 pangunt..

2083 1264 2564 1359 Augustinus
2605 1266 2675 1340 7.
2737 1268 2832 1344 de
2882 1269 3154 1346 Trinit.
3210 1298 3373 1377 cap.
3436 1275 3625 1354 ultz‘-
3683 1246 3902 1362 ”iffiu

2087 1403 2237 1474 mc,
2284 1385 2772 1460 commendat
2799 1389 3210 1483 eum,ideo
3242 1417 3625 1496 exponen-

2087 1496 2231 1572 dus
2273 1507 2390 1575 est
2444 1500 2692 1600 primo
2732 1502 2811 1578 in
2861 1505 3033 1595 hoc,
3115 1510 3322 1607 quod
3397 1524 3626 1611 negat

2088 1637 2403 1721 sensum
2429 1616 2739 1695 doloris.
2791 1612 3081 1699 Verum
3111 1635 3250 1721 est,
3306 1636 3390 1703 ut
3416 1653 3631 1705 com-

2088 1732 2276 1835 petit
2316 1735 2565 1830 nohis,
2615 1738 2798 1835 quia
2826 1765 3143 1823 6666336
3207 1754 3322 1821 est
3378 1748 3635 1822 homi-

2090 1873 2265 1925 nem
2308 1852 2630 1949 praecise
2675 1856 2784 1932 sic
2846 1858 3296 1967 patientem,
3368 1863 3630 1941 dolere

2089 1977 2466 2096 quantum
2519 1971 2612 2044 ad
2654 1982 2897 2048 totum
2951 1976 3157 2075 quod
3200 1978 3285 2063 in
3325 2003 3417 2055 eo
3489 1992 3630 2078 est,

2090 2106 2275 2211 quia
2307 2084 2498 2159 nihil
2541 2098 2656 2162 est
2686 2090 2776 2164 de
2818 2099 3097 2195 natm
3130 2095 3514 2194 humana,
3551 2099 3629 2175 in

2090 2221 2314 2329 cujus
2353 2210 2726 2297 potestate
2756 2204 2864 2281 sit
2900 2196 3056 2283 666
3086 2210 3285 2308 pati,
3320 2212 3383 2285 si
3441 2214 3626 2289 talia

2090 2315 2236 2390 sibi
2295 2317 2747 2397 inserantur.
2813 2323 2898 2400 In
2956 2326 3261 2403 Christo
3338 2331 3628 2433 aliquid

2090 2432 2257 2563 suit,
2312 2437 2516 2510 unde
2559 2460 2714 2512 666
2768 2440 2908 2517 fuit
2954 2465 3271 2523 necesse
3330 2448 3440 2525 sic
3486 2474 3629 2553 pa-

2091 2558 2408 2684 t1entem
2439 2554 2726 2653 dolere,
2760 2566 2838 2635 et
2864 2556 2953 2641 in
2983 2570 3358 2659 potestate
3398 2567 3633 2649 alicu-

2080 2692 2214 2765 Jus
2290 2672 2685 2749 existentis
2752 2675 2840 2751 in
2878 2676 3182 2756 Christo
3247 2681 3389 2765 fuit
3470 2710 3629 2765 non

2091 2786 2276 2885 pati,
2324 2789 2507 2886 quia
2545 2790 2895 2867 Christus
2929 2793 3066 2869 fuit
3122 2797 3357 2897 Deus,
3398 2811 3479 2883 et
3521 2804 3631 2883 316

2090 2925 2408 2979 sensum
2468 2930 2720 3003 poense
2788 2931 2942 2985 666
3001 2917 3437 3001 necessario
3504 2923 3635 3001 ha-

2090 3020 2273 3097 bere
2372 3036 3002 3129 consequentem,
3109 3033 3294 3133 quia
3375 3052 3636 3137 posset

2092 3161 2248 3214 non
2292 3142 2800 3232 consensisse,
2840 3143 2906 3222 si
2945 3148 3321 3228 voluisset
3359 3178 3636 3253 quem-

2093 3278 2425 3355 cumque
2468 3258 2831 3337 dolorem.
2865 3264 3037 3340 Alia
3073 3269 3368 3365 glossa,
3430 3275 3636 3371 quod

2092 3396 2246 3448 non
2313 3376 2580 3451 habuit
2641 3380 2865 3456 talem
2930 3406 3243 3461 causam
3296 3390 3637 3487 patiendi

2091 3490 2291 3608 sicut
2320 3517 2492 3589 663,
2536 3497 2721 3594 quia
2758 3522 2914 3574 non
2958 3503 3261 3601 culpam
3297 3507 3641 3604 origina-

2093 3610 2271 3683 lem.
2307 3610 2416 3684 De
2447 3610 2719 3690 timore
2759 3618 3195 3714 exponitur,
3241 3622 3469 3699 timor
3509 3625 3643 3700 du-

2091 3726 2266 3822 plex
2299 3736 2413 3801 est
2458 3752 2472 3802 :
2516 3728 2735 3805 Unus
2791 3732 3265 3833 diffidentiae,
3302 3741 3433 3838 qui
3478 3713 3652 3817 non*

2091 3842 2292 3915 cadit
2356 3843 2432 3915 in
2502 3857 2978 3925 constantem
3055 3854 3360 3944 virum:
3435 3859 3634 3934 alius

2090 3966 2206 4032 est
2245 3958 2474 4034 timor
2505 3961 2943 4041 imminens.
2975 3968 3281 4047 Primus
3314 3976 3635 4052 nonfuit
3675 3971 3965 4089 Qffiissiffr

2088 4098 2169 4205 16
2201 4076 2529 4174 Christo,
2575 4080 2756 4178 quia
2797 4081 3486 4170 timordii'fidentiae
3519 4105 3632 4171 est
3710 4098 3935 4153 Christ&

2089 4218 2168 4326 16
2198 4197 2450 4327 eoqui
2503 4197 2886 4298 desperat,
2933 4226 3404 4306 quamquam
3445 4239 3631 4313 pos-

2090 4322 2189 4386 s1t
2236 4338 2571 4410 vmcere,
2649 4327 2727 4392 et
2782 4319 3061 4397 habeat
3113 4324 3405 4422 justam
3460 4354 3633 4407 cau-

2090 4451 2251 4558 sam
2288 4457 2308 4523 3
2351 4430 2524 4506 talis
2565 4456 2720 4506 non
2762 4433 2902 4510 ruit
2932 4435 3009 4511 in
3060 4463 3179 4536 eo,
3228 4444 3412 4542 quia
3451 4471 3629 4523 cum

2090 4545 2278 4618 dixit
2322 4572 2336 4621 :
2388 4548 2558 4645 qu
2608 4574 2798 4637 sam,
2862 4553 3118 4630 statim
3185 4562 3633 4639 ceciderunt

2090 4662 2535 4740 adversarii.
2609 4665 2977 4746 Similiter
3025 4673 3212 4749 dixit
3269 4701 3285 4752 ε
3345 4679 3632 4758 Nonne
3660 4705 3848 4761 Matth.
3896 4706 3978 4759 26.

2076 4802 2396 4877 possum
2430 4805 2699 4880 roqare
2728 4784 3047 4864 Patrem
3074 4815 3356 4889 meum,
3397 4804 3473 4873 et
3490 4799 3631 4876 da-

2096 4895 2211 4970 bit
2238 4895 2639 4974 duodecim
2670 4899 3004 4999 leqiones
3030 4906 3077 4981 P
3104 4908 3365 4986 Potuit
3395 4912 3633 5011 igitur

2087 5038 2243 5143 666
2287 5017 2538 5111 subdi,
2572 5017 2637 5092 si
2670 5021 3066 5118 voluisset,
3104 5036 3178 5100 et
3208 5052 3575 5128 superare
3606 5063 3624 5130 3

2087 5141 2317 5205 t1mor
2353 5141 2608 5208 tamen
2642 5138 3033 5214 secundus
3072 5142 3213 5216 fuit
3239 5145 3314 5218 in
3356 5170 3478 5223 eo.

2183 5249 2296 5322 Ad
2330 5248 2766 5342 aliud,dico
2820 5258 3025 5351 quod
3085 5262 3451 5355 gaudium
3534 5268 3626 5343 de
3776 5288 3886 5355 11.

2088 5360 2451 5438 fruitione
2509 5375 2583 5439 et
2622 5365 2907 5442 tristari
2976 5372 3067 5448 de
3131 5387 3369 5453 morte
3446 5405 3627 5478 per-
3661 5403 3741 5453 Aa
3788 5417 3980 5454 seeun-

2088 5503 2327 5569 36666,
2420 5505 2574 5555 666
2640 5494 2822 5558 sunt
2916 5494 3351 5591 contraria3
3420 5499 3627 5575 unde
3659 5460 3809 5579 331Ἥὶ
3842 5467 3982 5579 333

2085 5605 2267 5670 sunt
2299 5597 2562 5672 formas
2611 5602 3016 5680 contrariae
3058 5610 3410 5708 quaedam
3490 5616 3631 5690 ab·
3680 5591 3950 5706 ‘issfflfl’uss‘
