4295 6326
1417 367 1644 436 DIST.
1694 367 1919 434 XXX.
1973 365 2392 445 QUAESTIO
2442 364 2467 431 Ι
2521 365 2627 431 ET
2677 365 2761 430 Il.

3568 361 3682 426 151

1198 901 2347 1060 DISTINCTIO
2494 897 2991 1052 XXX.

1002 1618 1054 1696 Q
1070 1615 1402 1684 UAESTIO
1454 1618 1505 1684 Ι.

489 1800 734 1867 Istrum
776 1797 1070 1888 quilibet
1115 1799 1541 1867 naturaliter
1587 1804 2023 1887 propaqatus

677 1910 1042 1977 contrahat
1082 1908 1376 1996 aliquod
1412 1916 1775 1995 peccatum
1806 1903 1848 1973 ‚9

483 2121 679 2178 Ateus.
710 2118 764 2173 2.
798 2135 851 2189 p.
886 2135 936 2187 q.
974 2117 1100 2174 422.
1137 2133 1213 2173 m.
1247 2133 1289 2173 1.
1328 2117 1387 2171 Ι).
1424 2117 1633 2174 Thom.
1669 2119 1718 2173 1.
1769 2120 1823 2171 2.
1849 2132 1899 2188 q.
1932 2117 2023 2175 82.

549 2208 604 2246 a.
638 2209 677 2247 1.
709 2195 760 2246 el
789 2191 878 2245 hic
902 2208 954 2245 a.
991 2208 1028 2244 1.
1058 2206 1110 2260 q.
1141 2193 1196 2244 2.
1228 2189 1295 2244 D.
1325 2189 1536 2244 Bonav.
1571 2205 1623 2244 a.
1659 2205 1695 2243 1.
1737 2204 1789 2260 q.
1837 2192 1892 2244 2.
1928 2189 2021 2244 Ri-

549 2262 750 2319 chard.
784 2280 836 2317 a.
871 2277 910 2316 1.
943 2278 993 2331 q.
1028 2279 1067 2316 1.
1094 2264 1248 2332 Vega
1286 2263 1339 2315 2.
1373 2262 1432 2314 iu
1469 2261 1618 2315 Trici.
1652 2276 1698 2316 c.
1735 2261 1820 2315 11.
1848 2264 1900 2316 et
1934 2260 2020 2316 12.

549 2335 817 2390 Bellarm.
852 2333 948 2388 lib.
983 2334 1035 2389 4.
1067 2332 1133 2387 de
1160 2340 1301 2388 statu
1327 2331 1541 2403 peccati
1570 2349 1601 2387 a
1647 2349 1764 2402 cap.
1811 2331 1865 2386 3.
1899 2332 2019 2388 Sot.

546 2424 584 2463 1.
617 2408 682 2462 de
709 2410 827 2461 nat.
878 2413 931 2461 et
965 2406 1163 2476 qratia
1211 2420 1330 2474 cap.
1384 2404 1468 2458 10.
1519 2408 1570 2458 et
1619 2407 1705 2458 11.
1751 2404 1899 2460 Scot.
1956 2406 2016 2459 in

546 2478 720 2605 ξὲτοη.
747 2479 837 2533 hic
864 2494 916 2549 q.
940 2494 980 2535 1.
1011 2474 1317 2533 Resolvitur
1344 2474 1464 2533 Izaec
1482 2482 1675 2547 quaest.
1709 2477 1862 2547 infra
1887 2476 2015 2534 dist.

242 2804 305 2868 1·
574 2770 794 2859 Quod
873 2792 1055 2844 non.
1110 2769 1592 2865 Augustinus
1649 2770 1742 2844 de
1825 2772 2016 2845 Vera

112 2922 439 2993 Argument.
471 2886 903 2984 Reliyz'one,
967 2895 1041 2959 et
1107 2885 1420 2983 ponitur
1474 2886 1805 2960 secundo
1877 2884 2008 2960 lib.

140 2996 402 3046 pnmum.
473 3003 1158 3095 Relractaliouum,
1204 3025 1357 3076 non
1429 3010 1678 3076 tamen
1726 3012 2015 3077 retrac-

473 3132 672 3197 tatur
722 3119 1187 3195 :Peccatum
1231 3118 1313 3194 in
1371 3123 1664 3195 tantum
1730 3127 1839 3196 esl
1878 3144 2015 3196 vo-

475 3237 926 3331 luntarium,
958 3236 1164 3335 quod
1214 3236 1288 3310 si
1326 3260 1482 3311 non
1511 3237 1615 3311 sil
1657 3236 2014 3322 volunla-

472 3356 676 3428 rz‘um
753 3353 1097 3446 omnine,
1158 3376 1314 3426 non
1390 3361 1501 3427 est
1543 3359 2008 3451 peccatelam

471 3474 602 3548 sed
641 3472 716 3545 in
764 3471 1212 3546 naturaliter
1250 3480 1668 3569 propagato
1701 3497 1858 3547 non
1900 3482 2013 3548 est

470 3588 731 3686 aliqua
760 3590 990 3685 culpa
1021 3588 1486 3661 voluntaria.

568 3707 785 3793 Item,
819 3703 1300 3799 Augustinus
1332 3703 1401 3776 3.
1443 3703 1533 3777 de
1570 3703 1733 3777 Lib.
1782 3703 2004 3778 arbit.

469 3820 757 3899 Nullus
785 3826 1057 3918 peccat
1093 3821 1172 3894 in
1196 3843 1310 3914 ea,
1346 3820 1551 3918 quod
1583 3821 1827 3896 vitare
1855 3845 2011 3896 non

457 3943 731 4037 polest.

567 4058 782 4149 Item,
818 4055 1027 4129 Deus
1059 4077 1211 4128 non
1249 4063 1513 4153 peccat
1535 4054 2010 4130 infundendo

468 4172 836 4267 animam,
909 4194 1051 4245 nec
1119 4179 1479 4268 parentes
1560 4171 1950 4268 conjuncti
1989 4198 2006 4260 ;

466 4300 682 4389 pater
713 4289 915 4366 enim
953 4297 1027 4363 et
1070 4301 1308 4363 mater
1343 4297 1733 4363 merentur
1771 4313 2012 4385 gene-

469 4409 756 4502 rando;
793 4407 1028 4505 igitur
1052 4430 1097 4481 a
1128 4407 1341 4481 nullo
1376 4405 1752 4482 efficiente
1786 4409 2012 4484 habe-

467 4525 577 4600 bit
617 4534 1040 4624 peccatum.

567 4642 785 4733 Item,
830 4639 1170 4713 defectus
1201 4639 1592 4712 naturales
1632 4662 1787 4712 non
1830 4650 2010 4714 sunt

467 4754 1045 4853 vituperabiles,
1101 4753 1232 4828 sed
1294 4752 1770 4828 miserabiles
1812 4754 2010 4850 3igi-

464 4883 593 4949 tur
622 4871 688 4948 si
715 4881 830 4947 est
869 4871 1014 4946 sibi
1074 4872 1448 4960 naturale,
1509 4895 1662 4944 non
1724 4883 1837 4948 est
1877 4873 2008 4946 im·

467 4988 897 5089 putandum
932 4986 1104 5061 sibi.

565 5106 783 5197 Item,
845 5102 1085 5176 Adam
1147 5125 1298 5175 non
1354 5101 1494 5175 fuit
1528 5102 1794 5176 melior
1852 5114 2008 5179 tota

469 5233 747 5296 natura
789 5220 1130 5292 humana
1186 5217 1259 5289 in
1317 5218 1675 5291 omnibus
1717 5243 2008 5318 suppo-

466 5340 682 5434 sitis3
727 5339 962 5436 igitur
992 5361 1145 5410 non
1183 5337 1453 5412 habuit
1485 5346 1836 5413 naturam
1872 5341 2008 5414 hu-

468 5481 773 5533 manam
852 5455 957 5530 ita
1031 5456 1388 5552 perfecte,
1464 5466 1542 5531 ut
1619 5457 2005 5554 possibilis

465 5584 583 5649 est
649 5572 915 5648 haberi
975 5571 1052 5644 in
1097 5570 1459 5646 omnibus
1518 5571 1998 5662 individuis;

147 4093 401 4146 Tertium.

135 4681 406 4739 Quartum.

136 5145 405 5204 Quintum.

2133 1348 2370 1448 igitur
2434 1346 2596 1446 ipse
2664 1368 2821 1419 non
2879 1341 3127 1443 potuit
3198 1348 3435 1416 totam
3506 1337 3687 1411 infl-

2134 1488 2336 1541 cere.

2235 1587 2451 1674 Item,
2489 1581 2715 1679 quale
2749 1588 2865 1655 est
2903 1576 3194 1675 aliquid
3242 1575 3318 1649 in
3360 1571 3677 1647 instanti
3760 1570 3996 1648 Sextum'.

2134 1701 2575 1794 creationis,
2638 1699 2783 1773 tale
2862 1704 3193 1788 creatur,
3263 1692 3447 1792 quia
3519 1714 3678 1764 non

2135 1826 2386 1919 potest
2414 1816 2490 1889 in
2525 1814 2793 1889 eodem
2826 1810 3139 1886 instanti
3165 1833 3359 1896 esse,
3407 1818 3481 1883 et
3519 1830 3678 1881 non

2136 1960 2357 2022 esse;
2463 1958 2638 2009 curn
2724 1929 2959 2028 igitur
3042 1927 3300 2003 anima
3379 1934 3681 2000 creetur

2136 2053 2453 2145 munda,
2536 2051 2613 2124 in
2684 2046 3000 2123 instanti
3076 2043 3488 2120 creationis
3568 2052 3682 2117 est

2135 2166 2452 2258 munda,
2575 2172 2649 2238 et
2752 2160 2917 2260 pari
3036 2157 3333 2234 ratione
3430 2164 3679 2254 potest

2134 2307 2303 2360 esse
2401 2304 2705 2378 semper
2759 2289 3103 2375 tempore
3191 2275 3678 2371 subsequen-

2132 2400 2215 2474 ti.

2228 2516 2708 2615 Oppositum,
2743 2510 3225 2609 Augustinus
3275 2510 3353 2583 in
3388 2508 3665 2600 littera,
3765 2532 3975 2582 contra.

2128 2644 2204 2710 et
2233 2632 2543 2708 adducit
2573 2629 3102 2705 auctoritatem
3161 2626 3534 2724 Apostoli,
3571 2626 3666 2700 ad

2127 2754 2349 2840 Rom.
2388 2750 2460 2823 5.
2494 2750 2658 2824 Per
2693 2772 2936 2822 unum
2967 2747 3355 2821 hominem
3385 2768 3666 2842 pecca-

2129 2875 2288 2945 tum
2333 2868 2653 2942 intravit
2688 2866 2770 2940 in
2802 2866 3206 2940 mundum.

2639 3235 3038 3313 QUAESTIO
3082 3236 3166 3301 ΙΙ.

2132 3403 2373 3474 Utrum
2415 3414 2780 3490 peccatum
2828 3400 3172 3488 oriyz'nale
3212 3403 3302 3467 sit
3358 3401 3670 3468 carentia

2509 3512 2804 3598 justitiae
2847 3509 3214 3599 oriqz'nalis
3253 3514 3290 3578 7

2123 3708 2319 3765 Mens,
2352 3715 2405 3762 et
2436 3706 2500 3761 D.
2532 3706 2739 3761 Tbom.
2772 3704 2958 3760 citati.
2989 3704 3059 3759 D.
3093 3704 3308 3759 Bonav.
3334 3703 3422 3757 laic
3470 3706 3580 3757 art.
3610 3702 3667 3757 2.

2194 3790 2382 3851 quaest.
2403 3777 2676 3833 Richard.
2698 3781 2810 3832 art.
2838 3778 2886 3831 4.
2913 3779 3151 3846 quaest.1.
3178 3774 3438 3840 Durand,
3471 3782 3665 3846 quaest.

2190 3852 2244 3907 3.
2300 3850 2549 3906 Occbam
2610 3856 2803 3920 quaesl.
2865 3847 2971 3902 ult.
3029 3848 3202 3904 Gabr.
3258 3847 3346 3901 hic
3381 3854 3567 3916 quaest.
3618 3846 3669 3900 1.

2191 3923 2365 3994 Vasq.
2401 3923 2451 3977 1.
2483 3923 2535 3975 2.
2569 3920 2623 3975 d.
2659 3921 2780 3977 132.
2810 3935 2926 3990 cap.
2952 3920 3005 3974 8.
3039 3927 3092 3974 el
3119 3920 3173 3977 9.
3205 3920 3354 3974 Soot.
3390 3920 3449 3973 in
3494 3918 3665 3975 Oxou.

2195 3995 2300 4050 hic.
2338 3993 2642 4050 Resolvitur
2669 3995 2864 4064 quaest.
2892 3991 3018 4046 dist.
3051 3990 3142 4045 33.

2222 4173 2443 4261 Quod
2507 4195 2689 4246 non.
2762 4171 3003 4245 Adam
3081 4168 3352 4244 habuit
3388 4192 3660 4243 caren-
3820 4181 3883 4245 2.

2122 4291 2300 4365 tiam
2328 4287 2650 4387 justitiae
2691 4285 3115 4384 originalis,
3162 4296 3234 4361 et
3284 4310 3437 4359 non
3482 4309 3665 4385 pec·
3693 4294 4008 4367 Argument.

2123 4417 2378 4482 catum
2411 4404 2813 4501 originale,
2851 4401 3032 4502 quia
3070 4402 3147 4476 in
3181 4425 3272 4477 eo
3323 4401 3464 4475 fuit
3532 4426 3664 4478 ac-
3726 4372 3978 4423 prunum.

2120 4525 2353 4599 tuale.

2220 4641 2437 4734 Item,
2519 4660 2846 4735 peccans
2942 4644 3113 4734 post
3185 4634 3658 4734 Baptismum

2120 4758 2351 4832 habet
2383 4754 2801 4831 carentiam
2836 4753 3155 4849 justitiae
3210 4753 3607 4850 originalis
3639 4783 3657 4849 ;

2121 4874 2355 4970 igitur
2387 4882 2588 4947 esset
2619 4870 2961 4965 ejusdem
3006 4870 3392 4967 potentiae,
3440 4872 3663 4968 cujus

2120 4999 2284 5065 erat
2325 4990 2452 5064 illa
2484 4987 2829 5084 justitia3
2875 4987 3006 5061 sed
3050 4987 3218 5084 ipsa
3259 4998 3373 5061 est
3413 4989 3489 5061 in
3536 5014 3662 5064 vo·

2120 5110 2440 5198 luntate,
2513 5114 2909 5202 peccatum
2997 5103 3370 5198 originale
3448 5130 3658 5201 non3

2118 5235 2278 5299 tum
2329 5224 2511 5322 quia
2570 5223 2631 5297 si
2702 5222 3182 5296 contrahitur
3248 5246 3338 5296 ex
3399 5247 3655 5317 carne,

2117 5365 2292 5415 cum
2353 5337 2687 5414 essentia
2745 5337 3025 5411 animae
3080 5336 3424 5436 perficiat
3499 5363 3661 5412 car-

2119 5481 2296 5532 nem
2339 5455 2802 5545 immediate,
2849 5465 2923 5530 et
2953 5478 3105 5528 non
3158 5454 3325 5552 ipsa
3372 5456 3655 5529 volun-

2117 5583 2259 5667 tas,
2324 5572 2568 5668 magis
2627 5570 2771 5646 erit
2834 5570 2915 5644 in
2981 5571 3313 5645 essentia
3373 5570 3653 5648 animae

3757 4610 3954 4661 Secun-

3786 4674 3934 4724 dum.
