4295 6326
1492 441 1721 510 DlST.
1771 440 1994 509 XVII.
2063 439 2483 521 QUAESTIO
2532 440 2618 510 ΙΙ.

451 616 628 672 tionis
661 616 978 688 superioris
1010 616 1157 688 ejus.
1193 616 1407 685 Tertio,
1454 615 1601 673 nihil
1649 620 1733 672 est
1777 617 1993 673 sactum

451 711 654 762 contra
712 712 907 763 actum
967 705 1294 762 absolutum
1367 706 1649 777 portionis
1705 704 1996 762 inferioris

450 793 655 865 ipsius,
689 794 953 866 alioquin
1004 803 1199 850 essent
1248 794 1360 850 duo
1410 801 1568 849 actus
1606 794 1880 851 contrarii
1914 793 1992 849 si-

455 881 576 937 mul
609 881 667 937 in
693 883 819 954 ejus
851 883 1166 940 voluntate.
1200 884 1436 949 Quarto,
1481 882 1804 955 explicatur
1844 882 1996 954 opti-

455 990 548 1030 me
579 976 868 1046 quomodo
898 976 1081 1032 oratio
1114 974 1325 1031 Christi
1361 990 1375 1031 t
1423 977 1590 1031 Pater
1634 974 1687 1031 si
1737 976 1996 1046 possibile

452 1072 557 1137 est,
589 1069 856 1124 exaudita
887 1074 994 1124 est.

553 1297 666 1370 Ad
755 1296 1261 1394 quaestionem
1386 1296 1644 1391 aliam,
1716 1295 1996 1371 dicitur

108 1420 422 1548 {2333ssss-
457 1412 659 1509 quod
695 1413 934 1486 multa
962 1413 1208 1487 voluit
1246 1413 1621 1507 ChristuS,
1679 1422 1753 1487 et
1818 1437 1994 1486 ora-

217 1545 318 1597 nis.

451 1529 582 1613 vit,
613 1529 706 1603 de
748 1552 901 1627 quo
943 1553 1096 1602 non
1132 1539 1247 1604 est
1306 1529 1710 1604 exauditus
1769 1530 1847 1602 in
1912 1553 1990 1605 re

454 1645 689 1746 petita
728 1655 1040 1744 propter
1067 1646 1253 1721 illud
1288 1647 1558 1722 Matth.
1595 1646 1715 1719 25.
1751 1646 1993 1722 Pater

450 1763 523 1837 si
539 1761 910 1860 possibile
950 1771 1078 1850 est,
1111 1768 1449 1840 transeat
1493 1789 1540 1839 a
1588 1788 1708 1839 me
1783 1763 1992 1839 calice

452 1878 617 1952 isle.
653 1878 843 1952 Dico
879 1887 1127 1954 tamen
1186 1880 1392 1977 quod
1450 1880 1837 1976 loquendo
1895 1880 1988 1956 de

450 1996 844 2070 voluntate
943 1995 1205 2070 divina
1306 1995 1799 2094 beneplaciti,
1880 1996 1988 2071 sic

447 2111 708 2185 omnia
773 2110 1087 2200 fiebant,
1160 2111 1337 2187 licet
1434 2136 1587 2187 non
1694 2112 1980 2204 omnia,

446 2251 622 2325 quae
663 2229 908 2302 voluit
946 2231 1339 2305 voluntate
1383 2229 1610 2327 signi,
1671 2232 1792 2305 vel
1851 2256 1985 2305 vo-

139 2334 379 2389 Chfi⁸²⁰⁸
445 2345 736 2420 luntate
777 2346 1302 2421 antecedente.
1351 2347 1497 2422 Sed
1554 2348 1647 2422 de
1705 2349 1986 2422 volun-

137 2411 165 2445 Β
298 2399 308 2409 .

96 2404 409 2589 vgffitffiffl·
439 2470 592 2536 tate
639 2462 917 2537 Christi
963 2461 1380 2559 distinguo,
1457 2463 1730 2561 primo,
1803 2487 1987 2562 quo-

97 2585 379 2703 3¹33:ssssss
439 2577 533 2652 ad
570 2578 992 2677 appetitum
1026 2579 1482 2653 sensitivum
1538 2580 1707 2655 dico
1776 2582 1979 2679 quod

443 2696 682 2768 multa
724 2694 991 2789 voluit,
1030 2719 1205 2794 quae
1237 2720 1389 2770 non
1449 2706 1668 2774 erant
1706 2697 1984 2796 imple-

437 2820 541 2897 ta,
597 2820 681 2884 ut.
745 2812 1007 2908 fugere
1104 2811 1529 2910 passioneS,
1608 2822 1682 2888 et
1779 2814 1983 2890 bona

438 2927 840 3002 commoda
894 2927 1002 3001 illi
1056 2937 1376 3003 naturae.
1422 2929 1587 3003 Nisi
1652 2940 1982 3030 ponatur

438 3046 643 3142 quod
721 3045 1106 3145 appetitus
1201 3046 1619 3121 sensitivus
1713 3047 1789 3120 in
1886 3068 1977 3121 eo

440 3163 684 3261 magis
726 3162 1241 3239 inclinabatur
1310 3163 1401 3238 ad
1462 3165 1976 3241 obediendum

436 3280 808 3378 appetitui
901 3280 1248 3376 regulato
1341 3281 1661 3374 ratione,
1744 3305 1978 3378 quam

437 3396 528 3468 ad
588 3395 1035 3492 fugiendum
1109 3396 1470 3471 nocivum
1520 3396 1707 3490 sibi,
1773 3398 1975 3495 quod

436 3535 594 3584 non
662 3510 966 3585 videtur
1033 3511 1455 3610 probabile,
1533 3523 1976 3589 remanente

436 3638 712 3703 natura
742 3627 1125 3726 appetitus
1152 3628 1526 3702 sensitivi.
1567 3630 1661 3704 -Si
1720 3632 1979 3727 loqua-

437 3769 609 3818 mur
648 3745 740 3819 ‹le
782 3745 1176 3820 voluntate
1220 3745 1499 3820 Christi
1555 3757 1637 3820 ut
1671 3756 1971 3841 natura,

433 3861 541 3935 sic
573 3885 724 3935 non
774 3860 1041 3936 habuit
1103 3870 1355 3935 actum
1417 3862 1786 3955 elicitum,
1841 3863 1972 3937 sed

432 3980 678 4052 solum
724 3976 1305 4052 inclinationem
1349 3978 1421 4051 in
1495 3979 1699 4052 bona
1761 4004 1976 4053 com-

436 4095 686 4188 moda,
732 4104 806 4168 et
836 4093 944 4167 sic
988 4096 1230 4170 multa
1286 4095 1535 4169 noluit
1592 4094 1970 4191 ChristuS,

432 4235 607 4309 quae
671 4220 924 4284 tamen
970 4211 1459 4305 eveniebant,
1504 4211 1688 4308 quia
1756 4212 1979 4285 incli-

433 4329 642 4405 natio
698 4327 1070 4401 naturalis
1148 4327 1285 4402 fuit
1361 4327 1440 4401 in
1510 4328 1811 4402 Christo
1881 4327 1975 4402 ad

432 4450 719 4525 bonum
764 4470 923 4521 esse
953 4470 1334 4544 personae,
1364 4447 1586 4545 cujus
1627 4456 1788 4522 erat
1811 4470 1979 4521 ma-

430 4564 685 4637 ximus
728 4551 1113 4659 appetitus
1181 4569 1493 4660 propter
1570 4564 1714 4636 hoc
1769 4565 1975 4660 quod

433 4702 569 4777 per
610 4688 963 4751 naturam
1009 4677 1342 4750 maxima
1411 4677 1618 4752 bona
1706 4701 1978 4753 conve·
2021 4733 2026 4738 -

434 4797 749 4872 niebant
798 4796 923 4869 tali
992 4804 1343 4882 naturae3
1403 4795 1636 4892 igitur
1711 4807 1976 4872 contra

435 4915 664 4987 talem
708 4910 1287 4985 inclinationem
1321 4913 1751 4988 naturalem
1785 4914 1976 4987 mul-

431 5040 509 5104 ta
539 5028 1110 5124 contingebant.

531 5145 955 5243 Loquendo
997 5144 1088 5217 de
1119 5146 1542 5231 voluntate,
1582 5154 1662 5219 ut
1705 5145 1970 5240 libera,

120 5265 383 5334 Quidquid
435 5261 824 5356 distinguo
903 5260 992 5332 de
1048 5260 1398 5358 portione
1465 5261 1843 5358 superiori
1903 5272 1977 5337 et

90 5330 371 5467 *ci‘r'affssffiss
437 5377 804 5451 inferiori.
895 5378 1006 5450 De
1113 5376 1464 5472 portione
1594 5380 1974 5476 superiori

118 5459 374 5579 31⁰3&ss
436 5505 810 5593 quantum
852 5494 941 5568 ad
989 5504 1241 5568 actum
1272 5493 1639 5589 elicitum,
1677 5496 1977 5595 simpli-

119 5578 379 5705 qfssssssuffg.
437 5612 624 5687 citer
686 5609 932 5684 voluit
1006 5609 1474 5709 passionem,
1551 5620 1626 5686 et
1713 5614 1974 5689 omnia

3514 432 3642 502 3'1‘1

2105 638 2283 714 quae
2323 618 2594 712 voluit,
2640 630 2857 693 erant
2904 619 3241 718 impleta,
3278 615 3383 688 ita
3434 606 3640 709 quod
3673 623 3971 741 laudaren-

2106 733 2296 808 nihil
2353 735 2700 811 absolute
2757 738 3025 823 noluit,
3095 733 3298 832 quod
3368 750 3641 829 passus
3881 724 3896 741 ’

2103 860 2244 944 est,
2290 852 2474 949 quia
2504 853 2876 950 quidquid
2921 853 3356 928 voluit-tota
3393 844 3642 922 Trini-

2102 975 2246 1060 tas,
2280 968 2522 1042 voluit
2553 969 2901 1043 Christus
2942 977 3313 1068 quantum
3350 966 3441 1040 ad
3477 986 3642 1063 por-

2107 1082 2389 1157 tionem
2451 1085 2928 1182 superiorem
3007 1083 3424 1158 voluntatis
3490 1082 3643 1153 hu-

2105 1223 2383 1275 manae.
2430 1200 2509 1274 Si
2552 1211 2804 1277 autem
2868 1204 3277 1300 loquamur
3316 1200 3406 1272 de
3474 1220 3642 1295 por·

2102 1316 2309 1391 tione
2342 1317 2711 1408 inferiori,
2748 1319 2945 1393 sicut
2984 1318 3074 1393 de
3116 1316 3464 1416 portione
3507 1338 3642 1388 su-

2100 1433 2408 1532 periori,
2444 1437 2681 1511 multa
2707 1435 2953 1509 noluit
2984 1434 3352 1508 nolitione
3389 1429 3643 1505 condi-

2099 1549 2416 1644 tionata,
2481 1553 2625 1626 hoc
2684 1561 2823 1645 est,
2887 1551 2949 1626 si
3036 1559 3352 1648 possent
3422 1547 3643 1621 aliter

2100 1663 2295 1741 fieri.
2334 1665 2459 1739 Sic
2500 1667 2924 1741 secundum
2975 1665 3403 1764 portionem
3447 1661 3643 1736 infe-

2103 1781 2382 1856 riorem
2424 1781 2676 1856 adhuc
2717 1782 2907 1855 nihil
2979 1780 3428 1879 simpliciter
3499 1801 3643 1851 no-

2098 1899 2266 1991 luit,
2312 1899 2516 1997 quod
2559 1899 2839 1993 evenit,
2877 1898 3057 1996 quia
3111 1896 3359 1995 portio
3412 1918 3638 1993 supe-

2098 2013 2255 2088 rior
2295 2013 2612 2088 rationis
2653 2013 3025 2110 arguebat
3090 2011 3295 2110 quod
3364 2009 3641 2107 quidli-

2095 2130 2248 2219 bet,
2316 2130 2520 2227 quod
2615 2130 2760 2205 sibi
2839 2127 3356 2224 contingebat,
3437 2137 3640 2199 esset

2095 2245 2545 2345 simpliciter
2595 2246 3068 2340 volendum3
3134 2244 3366 2342 igitur
3439 2242 3634 2316 infe-

2095 2361 2252 2434 rior
2319 2362 2565 2460 portio
2633 2360 2953 2436 rationis
3028 2384 3182 2434 non
3267 2358 3637 2455 arguebat

2094 2478 2297 2575 quod
2341 2478 2629 2576 aliquid
2675 2502 2937 2553 eorum
3007 2485 3207 2552 esset
3264 2474 3637 2573 simplici·
3770 2572 3782 2582 ·

2093 2603 2210 2668 ter
2248 2594 2696 2669 nolendum.
2736 2594 2914 2669 Ideo
2969 2592 3395 2669 secundum
3455 2614 3634 2691 por·
3662 2571 3809 2686 {2¹3¹ss
3836 2586 3983 2686 ¹33}ss-

2090 2709 2375 2785 tionem
2454 2709 2892 2785 inferiorem
2951 2707 3368 2784 voluntatis
3438 2699 3981 2811 nihilrigfflffiffgt

2090 2826 2292 2924 quod
2365 2827 2794 2920 eveniebat,
2831 2825 3278 2924 simpliciter
3327 2824 3574 2899 noluit
3609 2851 3625 2911 ;
3660 2816 3982 2951 4225111233-

2091 2944 2225 3018 sed
2253 2943 2514 3042 aliqua
2590 2968 2743 3018 non
2804 2944 3073 3032 voluit,
3137 2943 3320 3041 quia
3378 2941 3627 3040 portio
3780 2947 3879 2999 nit.

2087 3057 2405 3133 inferior
2436 3059 2755 3133 rationis
2796 3060 2928 3133 illa
2969 3084 3121 3133 non
3183 3057 3628 3134 considera-

2086 3176 2221 3268 vit,
2266 3186 2524 3250 tamen
2592 3176 2654 3250 si
2698 3177 3072 3275 potuisset
3147 3177 3365 3251 aliter
3422 3174 3617 3264 fieri,

2087 3290 2276 3364 illud
2320 3315 2474 3364 non
2516 3292 2911 3367 voluisset.

2185 3408 2382 3495 Quid
2426 3408 2660 3504 igitur
2700 3410 2791 3484 de
2846 3407 3189 3484 oratione
3218 3408 3258 3480 ⁴?
3305 3407 3628 3482 Videtur
3775 3415 3841 3484 7.

2086 3524 2549 3622 quibusdam
2643 3549 2781 3623 pro
2862 3524 3309 3600 auctoritate
3413 3523 3628 3622 prius
3733 3532 3915 3583 Oratio

2235 3640 2248 3653 ·
2788 3641 2799 3654 .
2924 3641 2937 3653 .
3270 3641 3281 3653 .
3657 3593 3980 3645 Chi-istima-

2084 3651 2357 3738 posita,
2420 3641 2625 3738 quod
2703 3642 2992 3738 aliquid
3075 3650 3344 3727 oravit,
3420 3641 3624 3737 quod
3658 3656 3816 3708 tersi
3852 3671 3973 3723 pos-

2084 3782 2238 3831 non
2278 3758 2418 3832 fuit
2449 3758 2878 3858 impletum.
2910 3759 3093 3833 Dico
3136 3768 3392 3833 tamen
3419 3758 3626 3855 quod
3657 3721 3972 3857 'iliileqimeiiff'

2084 3870 2277 3944 nihil
2320 3871 2569 3945 oravit
2607 3872 2984 3964 ChristuS,
3022 3871 3207 3969 quin
3269 3870 3630 3969 simplici·
3754 3846 3886 3897 Μ’·

2086 3994 2203 4060 ter
2235 3987 2373 4061 fuit
2403 3986 2831 4085 impletum.
2897 3987 3116 4061 Unde
3162 3988 3448 4062 Joann.
3501 3987 3617 4059 17.

2084 4104 2334 4179 oravit
2386 4128 2524 4202 pro
2583 4103 3011 4202 discipulis,
3079 4112 3153 4178 et
3219 4103 3625 4178 exauditus

2083 4223 2267 4315 fuit3
2315 4222 2542 4296 etiam
2590 4222 2883 4319 rogavit
2956 4247 3093 4321 pro
3173 4222 3489 4316 LazarO,
3553 4232 3626 4297 ot

2083 4339 2224 4413 suit
2310 4338 2740 4413 exauditus.
2829 4339 2977 4413 Sed
3073 4339 3277 4435 quod
3346 4338 3625 4413 dicitur

2082 4456 2357 4531 Mattla.
2405 4456 2523 4529 25.
2573 4457 2759 4531 illud
2802 4480 2957 4532 non
2999 4457 3208 4553 ligat,
3245 4457 3452 4554 quod
3512 4466 3626 4532 ter

2083 4573 2356 4647 oravit.
2395 4573 2654 4648 Primo
2687 4573 2875 4646 dixit
2910 4597 2926 4647 ε
2966 4572 3066 4647 Si
3071 4571 3442 4670 possibile
3484 4579 3618 4666 est,

2083 4695 2420 4764 transeat
2458 4712 2503 4763 a
2542 4712 2663 4762 me
2693 4688 2904 4763 aaliz·
2930 4689 3095 4782 istc,
3138 4687 3276 4762 sed
3328 4712 3483 4763 non
3513 4690 3625 4763 si-

2084 4812 2210 4879 cut
2239 4828 2367 4901 eqo
2432 4803 2631 4897 v0l0,
2674 4804 2813 4878 sed
2858 4804 3059 4879 sicut
3107 4811 3213 4878 ιιι.
3275 4804 3621 4879 Primum

2084 4918 2382 5014 rogavit
2429 4918 2795 4994 volitione
2863 4919 3427 5014 conditionata3
3501 4945 3628 4996 se—

2083 5036 2424 5109 cundum
2474 5035 2843 5109 volitione
2948 5035 3325 5130 absoluta,
3396 5046 3471 5111 et
3546 5037 3620 5109 in

2083 5156 2231 5227 hoc
2272 5153 2731 5228 informabat
2771 5177 2941 5246 nOS,
2988 5155 3192 5250 quod
3253 5154 3626 5230 debemus

2085 5280 2341 5367 petere
2377 5270 2863 5343 commodum
2918 5271 3287 5344 volitione
3358 5272 3629 5345 condi-

2081 5385 2400 5476 tionata,
2474 5393 2548 5458 et
2621 5385 2992 5458 debemus
3068 5396 3326 5483 petere
3431 5386 3626 5461 velle

2082 5500 2224 5574 Dei
2260 5499 2555 5598 impleri
2612 5500 2978 5575 volitione
3035 5501 3407 5575 absoluta.
3483 5502 3623 5576 Se-

2083 5618 2337 5692 cundo
2371 5616 2643 5712 oravit,
2679 5616 2942 5692 dicens
2979 5642 2994 5693 :
3058 5617 3299 5694 Pater
3360 5619 3431 5692 si
3468 5643 3621 5693 non
