4295 6326
214 2012 323 2078 11.

1371 419 1599 495 DIST.
1651 420 1974 493 XXVIII.
2026 423 2445 504 QUAEs'rlo
2495 423 2732 497 UNIC.
3549 416 3667 483 ¹41

466 589 715 666 fidelis
756 592 1039 667 habere
1107 592 1703 691 displicentiam,
1777 617 2018 692 quan·

464 709 560 783 do
624 710 756 784 illa
822 721 1266 805 occurrunt,
1339 710 1400 786 si
1473 712 1750 787 habeat
1803 736 2019 787 com-

464 830 952 925 placentiam,
1016 839 1087 903 et
1129 830 1315 903 illud
1360 840 1474 903 est
1513 853 1604 903 ex
1646 829 2010 905 instinctu

468 944 798 1042 Spiritus
837 946 1077 1019 sancti
1117 972 1133 1032 ;
1171 945 1404 1042 igitur
1435 945 1765 1043 Spiritus
1806 971 2018 1022 sanc-

468 1070 590 1134 tus
657 1063 938 1135 faceret
1004 1086 1178 1135 eum
1259 1063 1684 1160 approbare
1761 1073 2015 1137 actum

470 1178 1025 1272 detestabilem,
1088 1178 1149 1252 si
1205 1189 1455 1253 movet
1507 1203 1681 1253 eum
1762 1180 1852 1254 ad
1916 1181 2020 1253 di-

470 1295 977 1393 splicentiam,
1060 1318 1234 1368 cum
1319 1295 1598 1369 habeat
1665 1295 2019 1392 ignoran-

473 1412 651 1484 tiam
713 1409 1268 1504 invincibilem,
1342 1411 1522 1509 quia
1589 1412 2016 1486 secundum

460 1527 837 1625 judicium
900 1550 1125 1601 suum
1171 1527 1530 1602 videntur
1561 1527 1703 1601 sibi
1747 1528 2022 1603 hones-

471 1657 570 1738 ta,
644 1669 796 1719 non
867 1654 1177 1742 propter
1245 1646 1387 1719 hoc
1447 1644 1755 1719 dimittit
1821 1647 2014 1742 illa3

474 1762 705 1859 igitur
771 1760 1104 1859 Spiritus
1159 1771 1471 1836 sanctus
1529 1772 1730 1838 esset
1787 1786 2022 1839 causa

471 1879 759 1979 peccati
801 1879 877 1952 in
931 1879 1088 1952 illo.

570 1996 758 2071 Dico
802 1995 1004 2094 quod
1065 1995 1254 2070 forte
1306 2018 1705 2093 nunquam
1748 2020 2023 2072 occur-

2127 597 2397 693 ralem,
2481 606 2725 696 potest
2810 593 2959 669 dici
3032 591 3237 689 quod
3321 587 3678 689 quamvis

2128 738 2284 789 non
2340 715 2727 789 habebant
2767 711 3011 807 legem
3075 706 3436 803 scriptam
3504 703 3679 775 Mo-

2127 830 2439 917 saicam,
2523 827 2903 901 habebant
2971 835 3228 898 tamen
3302 821 3376 892 in
3450 816 3679 892 corde

2130 946 2405 1041 legem,
2451 954 2524 1019 et
2570 944 2768 1018 bene
2817 940 3205 1025 vivebant,
3259 936 3456 1010 sicut
3497 931 3679 1007 boni

2128 1060 2493 1134 Gentiles.
2530 1058 2704 1132 Non
2746 1056 2950 1130 enim
3001 1054 3458 1128 tenebantur
3495 1058 3680 1121 tunc

2129 1175 2222 1249 ad
2275 1176 2522 1271 legem
2565 1173 2840 1271 Moysi,
2887 1170 3032 1246 nisi
3077 1169 3410 1267 populus
3479 1166 3684 1238 Isra-

2129 1294 2454 1384 eliticus,
2502 1302 2575 1367 et
2632 1291 2760 1389 qui
2822 1288 3181 1364 volebant
3247 1286 3358 1361 eis
3418 1283 3686 1358 adhae-

2131 1435 2344 1505 rere3
2421 1410 2621 1484 unde
2706 1407 3108 1482 Cornelius
3177 1405 3314 1479 suit
3397 1404 3679 1494 bonuS,

2130 1526 2311 1599 dum
2400 1526 2705 1600 vivebat
2785 1534 2997 1599 extra
3071 1522 3316 1617 legem
3403 1516 3682 1592 Mosai-

2130 1666 2324 1716 cam.

2228 1767 2340 1841 Ad
2432 1766 2696 1859 aliud,
2762 1763 3100 1839 concedo
3167 1762 3373 1860 quod
3487 1760 3675 1834 illud
3708 1760 3791 1811 Ad

2133 1908 2287 1958 non
2340 1893 2453 1958 est
2493 1891 2846 1981 pecatum
2901 1880 2981 1954 in
3040 1904 3158 1974 e0,
3217 1878 3420 1976 quod
3465 1879 3677 1952 nullo

2134 2003 2360 2077 modo
2443 2001 2664 2076 vitari
2754 2010 3025 2099 potest.
3115 1998 3340 2072 Nunc
3425 2005 3681 2071 autem

3833 1774 4020 1811 seeun-

3797 1823 3943 1874 dum.

118 2129 200 2178 Ad
233 2141 445 2199 ᾳνευω-
476 2125 588 2190 ret
681 2114 883 2208 talis,
982 2115 1112 2211 qui
1198 2137 1351 2188 non
1453 2115 1683 2189 vellet
1774 2116 2021 2191 facere

115 2204 444 2323 priffl'ss'a'ss.
475 2233 681 2332 quod
721 2232 1065 2307 crederet
1122 2254 1292 2306 esse
1347 2231 1646 2317 meliuS‚
1711 2236 2021 2330 quando

474 2351 684 2425 Deus
743 2372 834 2424 ex
893 2347 1344 2422 liberalitate
1394 2370 1535 2422 sua
1587 2349 1880 2424 auferet
1928 2350 2022 2424 ab

474 2494 565 2546 eo
678 2466 1192 2565 ignorantiam
1296 2466 1853 2561 invincibilem,
1951 2478 2026 2543 et

475 2585 1029 2683 ideo'semper
1087 2593 1398 2682 paratus
1474 2593 1588 2658 est
1644 2584 1854 2659 Deus
1928 2584 2022 2658 ad

475 2704 816 2778 dandum
874 2701 1228 2799 gratiam,
1310 2709 1384 2775 et
1449 2699 1511 2773 si
1567 2701 1795 2774 homo
1854 2724 2025 2776 eam

2135 2120 2312 2195 licet
2395 2119 2731 2195 existens
2825 2117 2901 2190 in
2972 2126 3284 2214 peccato
3383 2113 3680 2189 mortali

2136 2259 2290 2308 non
2350 2242 2609 2333 posset
2665 2231 3134 2307 sufficienter
3177 2254 3268 2305 ex
3307 2252 3388 2304 se
3440 2228 3684 2302 vitare

2136 2373 2363 2426 omne
2449 2359 2873 2448 peccatum,
2944 2357 3199 2421 tamen
3287 2354 3536 2444 potest
3602 2367 3683 2419 se

2136 2468 2567 2565 disponere,
2646 2475 2719 2541 et
2775 2474 2958 2540 tunc
3011 2465 3221 2538 Deus
3274 2460 3483 2536 dabit
3539 2461 3685 2536 sibi

2136 2583 2490 2681 gratiam,
2546 2582 2747 2657 unde
2807 2580 3072 2680 possit.

2235 2700 2345 2774 Ad
2396 2700 2847 2773 Anselmum
2890 2697 3424 2795 respondetur,
3479 2693 3685 2793 quod
3745 2691 3973 2806 Affiffij

479 2818 823 2916 repellat,
883 2816 1166 2891 resistit
1218 2813 1534 2912 Spiritui
1582 2825 1872 2891 sanctO.

575 2934 688 3008 Ad
765 2933 1099 3031 primum
1158 2930 1610 3030 principale,
1674 2955 1848 3007 cum
1908 2933 2031 3007 di-

479 3051 677 3125 citur
731 3050 933 3147 quod
989 3071 1175 3146 qens
1209 3046 1377 3121 sine
1437 3046 1620 3144 leqe,
1681 3055 1847 3124 erat
1879 3048 2035 3124 sibi

483 3167 612 3241 lez:
649 3168 985 3241 viventes
1040 3162 1458 3239 secundum
1520 3163 1760 3263 leyem
1815 3173 2030 3243 natu·

2139 2818 2465 2892 liberum
2526 2814 2928 2892 arbitrium
2989 2822 3103 2889 est
3159 2822 3495 2914 potestas
3536 2836 3686 2888 ser-

2138 2934 2371 3009 vandi
2443 2932 3006 3026 rectitudinem,
3091 2932 3155 3007 si
3230 2956 3382 3006 non
3439 2931 3537 3005 sit
3608 2931 3685 3004 in

2141 3061 2452 3151 peccato
2495 3049 2820 3141 mortali,
2868 3073 3019 3124 non
3056 3050 3405 3147 sequitur
3437 3047 3680 3123 aliter.
