4295 6326
287 959 441 1011 Prius
455 963 605 1012 natu-

287 1038 350 1074 ra
389 1024 604 1085 duplex.

339 4808 554 4870 proprio

300 4871 571 4982 ⁰⁰¹?uffi?¹‘

629 441 713 509 40
2054 442 2296 511 LIBRI
2345 442 2432 519 ll.

633 612 951 708 prietate
1054 612 1536 707 indivisibili,
1618 613 1803 713 quia
1886 623 2186 713 oportet

634 728 1049 826 positivum
1103 730 1283 807 dare
1337 730 1840 804 intrinsecum
1911 730 2188 805 distin-

637 846 960 940 gneus?

740 960 922 1033 Dico
983 961 1187 1057 quod
1255 962 1470 1059 prius
1525 971 1800 1037 natura
1856 963 2006 1037 alio
2073 972 2189 1036 est

638 1078 981 1176 duplex:
1066 1078 1321 1153 Unum
1395 1082 1598 1177 quod
1668 1105 1821 1153 non
1894 1090 2007 1155 est
2066 1104 2188 1155 res

637 1194 814 1287 alia,
907 1194 1038 1269 sed
1093 1195 1512 1270 formalitas
1580 1196 1755 1287 alia,
1815 1196 2017 1271 idem
2086 1206 2189 1270 ta-

640 1334 808 1384 men
876 1309 1229 1386 identice.
1296 1311 1522 1386 Aliud
1592 1322 1705 1386 est
1771 1312 1987 1411 prius
2044 1337 2189 1386 na-

634 1437 834 1521 tura,
893 1428 1099 1524 quod
1147 1436 1474 1525 utroque
1523 1429 1748 1503 modo
1806 1439 1921 1504 est
1978 1429 2187 1504 aliud

635 1568 680 1619 a
782 1544 1217 1643 posteriori.
1327 1545 1586 1619 Primo
1664 1546 1891 1619 modo
1986 1547 2190 1620 clau·

636 1659 745 1733 dit
881 1660 1615 1759 incompossibilia,·
1728 1685 2188 1737 conservare

635 1778 851 1878 prius
910 1780 1076 1854 sine
1138 1780 1576 1878 posteriori,
1646 1782 1831 1878 quia
1896 1792 2191 1857 contra-

635 1896 865 1970 dictio
944 1906 1057 1971 est
1115 1898 1464 1972 eamdem
1516 1921 1674 1972 rem
1747 1898 1977 1973 simul
2042 1923 2192 1972 ma—

633 2034 849 2098 nere,
940 2022 1016 2086 et
1099 2034 1254 2085 non
1341 2035 1681 2107 manere,
1770 2023 1846 2087 et
1931 2024 2186 2088 tamen

635 2127 825 2202 illud
865 2127 1080 2226 prius
1132 2151 1287 2201 non
1338 2138 1453 2203 est
1502 2129 1598 2203 de
1652 2153 1732 2204 se
1775 2131 2184 2227 posterius.

637 2245 852 2319 Sicut
964 2246 1223 2321 anima
1354 2245 1724 2322 sensitiva
1825 2259 1958 2322 tua
2078 2261 2193 2323 est

634 2362 850 2459 prius
934 2371 1238 2456 natura,
1316 2386 1547 2460 quam
1610 2363 1706 2437 sit
1773 2364 2192 2438 formalitas

635 2478 1132 2573 intellectiva,
1196 2489 1269 2553 et
1355 2489 1608 2554 tamen
1692 2482 2190 2555 contradictio

635 2607 750 2673 est
815 2607 1026 2672 tuam
1110 2598 1565 2673 sensitivam
1632 2623 1943 2675 manere
2024 2600 2191 2674 sino

636 2714 1132 2790 intellectiva.
1203 2714 1574 2790 Similiter
1640 2716 1882 2792 torma
1941 2718 2194 2815 speci-

637 2831 782 2906 fica
840 2833 1221 2907 albedinis
1303 2857 1455 2906 non
1538 2842 1652 2908 est
1743 2858 1864 2909 res
1931 2835 2083 2909 alia
2150 2860 2193 2909 a

634 2955 912 3022 natura
977 2949 1282 3042 coloriS,
1372 2958 1446 3023 et
1506 2959 1758 3025 tamen
1826 2950 2190 3049 impossi-

634 3064 785 3140 bile
884 3074 1026 3159 est,
1094 3076 1169 3140 et
1245 3065 1754 3166 impossibile,
1831 3093 1987 3143 non
2068 3069 2196 3143 ob-

634 3190 879 3257 stante
973 3183 1178 3281 quod
1247 3207 1396 3278 reS,
1465 3209 1510 3259 a
1586 3209 1740 3283 qua
1821 3187 2194 3284 accipitur

633 3322 881 3394 genus
939 3299 1243 3393 coloris,
1308 3324 1483 3397 quae
1556 3312 1670 3376 est
1746 3302 1820 3375 in
1895 3303 2190 3377 albedi-

636 3440 757 3505 ne,
832 3416 928 3491 sit
1003 3417 1154 3491 alia
1247 3417 1693 3512 formalitaS,
1775 3444 2192 3494 conserve-

639 3545 784 3624 tur,
848 3542 922 3609 et
987 3556 1142 3606 non
1212 3534 1455 3608 forma
1539 3535 1898 3632 specifica
1990 3537 2192 3611 albe·

280 3650 881 3771 ngffddgtggtdiniS.
1025 3650 1251 3724 Nunc
1380 3660 1635 3726 autem
1762 3655 2190 3752 proprietas

303 3737 565 3834 essepaine
635 3766 1125 3841 indivisibilis
1212 3788 1684 3864 quamquam
1755 3770 1852 3843 sit
1944 3781 2190 3869 poste-

276 3845 588 3896 individua·
680 3883 692 3896 .

350 3910 516 3959 litate.

637 3907 794 3956 rius
880 3890 1159 3957 natura
1244 3882 1694 3979 quidditate,
1786 3909 2182 3983 nunquam

637 4009 884 4074 tamen
955 4007 1069 4072 est
1136 4015 1256 4072 res
1331 3997 1507 4092 alia,
1595 4000 1730 4074 sed
1794 4011 1909 4076 est
1976 4003 2177 4077 idem

628 4113 1021 4189 identitate
1144 4137 1319 4188 cum
1424 4115 1668 4191 forma
1788 4118 2181 4216 specifica,

629 4230 984 4329 quamvis
1052 4230 1205 4304 alia
1263 4230 1710 4308 formalitas.

726 4349 836 4423 Ad
870 4347 1206 4446 primum
1239 4349 1665 4448 principale
1720 4352 1919 4443 dico,
1979 4355 2186 4451 quod

328 4493 404 4543 Ad
455 4494 559 4565 pr}-
629 4486 785 4537 non
821 4462 1199 4560 sequitur,
1245 4463 1645 4560 quodlibet
1696 4464 2184 4541 individuum

278 4569 422 4631 mum
456 4569 598 4619 prin-

278 4620 600 4731 ..state-

310 4743 476 4794 duum
504 4744 574 4795 nit

631 4604 799 4656 esse
841 4579 1354 4678 compositum
1389 4581 1724 4678 proprie,
1772 4583 1958 4680 quia
1987 4609 2186 4659 com-

631 4691 910 4791 positio
941 4714 1098 4764 non
1142 4700 1258 4764 est
1295 4693 1602 4789 proprie
1645 4694 1795 4768 nisi
1860 4720 1952 4769 ex
2009 4705 2183 4772 actu

633 4819 708 4886 et
739 4807 1075 4906 potentia
1108 4809 1414 4906 proprie
1457 4811 1817 4909 acceptis,
1864 4823 1938 4887 et
1976 4815 2182 4912 quod

635 4929 777 5002 ista
852 4926 1281 5026 proprietas
1341 4927 1840 5004 individualis
1895 4941 2007 5006 est
2056 4955 2185 5008 ea-

635 5044 807 5118 dem
879 5041 1215 5116 essentia
1294 5042 1717 5138 identitate,
1819 5045 1989 5120 ideo
2091 5070 2181 5121 ex

633 5158 917 5234 talibus
959 5179 1359 5253 nunquam
1396 5161 1700 5257 proprie
1743 5161 1828 5234 fit
1864 5186 2183 5260 compo-

635 5276 834 5350 sitio.
885 5274 1030 5349 Sed
1084 5275 1147 5348 si
1211 5284 1413 5349 esset
1460 5298 1582 5351 res
1627 5278 1800 5366 alia,
1876 5280 2181 5377 proprie

634 5401 835 5468 esset
877 5402 1092 5466 actus
1125 5392 1599 5488 quidditatis,
1637 5395 1831 5468 sicut
1884 5397 1959 5468 in
1996 5397 2180 5469 divi-

634 5510 756 5584 nis
785 5508 1163 5607 sapientia
1217 5509 1279 5581 si
1337 5520 1536 5584 esset
1597 5534 1718 5585 res
1764 5512 1939 5606 alia,
1977 5524 2179 5588 essct

633 5626 887 5728 passio
967 5627 1074 5701 rei
1130 5655 1146 5719 ;
1220 5650 1428 5701 nunc
1492 5636 1745 5703 autem
1817 5629 2178 5707 identitas

2294 614 2489 688 tollit
2562 637 2872 688 omnem
2959 615 3594 712 compositionem
3673 634 3840 709 pro-

2294 733 2483 830 prie.
2567 731 2646 805 Si
2715 742 2972 807 tamen
3041 731 3371 806 velimus
3425 729 3837 804 extendere

2293 849 2920 946 compositionem
2952 850 3044 923 ad
3097 872 3325 923 omne
3394 848 3579 921 illud
3635 845 3837 944 quod

2296 965 2526 1040 habet
2562 965 2672 1039 sic
2704 974 3088 1057 naturam,
3134 987 3311 1061 quae
3354 988 3505 1037 non
3571 970 3685 1035 est
3749 984 3840 1034 ex
4259 1000 4260 1055 i

2292 1105 2374 1156 se
2404 1082 2596 1175 lzoec,
2641 1092 2715 1156 et
2752 1085 2981 1156 talem
3042 1082 3613 1179 proprietatem,
3667 1101 3842 1152 con-

2294 1198 2481 1272 cedo
2562 1200 2763 1296 quod
2834 1198 2912 1271 in
2993 1197 3414 1272 individuis
3473 1206 3586 1272 est
3671 1194 3843 1267 talis

2293 1314 2773 1412 compositiO,
2835 1324 2908 1389 et
2965 1324 3218 1388 tamen
3284 1313 3456 1387 talis
3510 1335 3665 1385 non
3731 1319 3844 1384 est

2296 1430 2373 1504 in
2416 1430 2726 1524 divinis,
2773 1432 2956 1530 quia
2996 1430 3392 1530 quodlibet
3424 1429 3526 1503 ibi
3570 1438 3684 1503 est
3749 1426 3842 1501 de

2294 1571 2375 1622 se
2406 1547 2570 1622 llaec
2617 1572 2632 1633 ;
2672 1572 2813 1623 nec
2854 1547 3081 1622 etiam
3152 1556 3267 1621 est
3324 1546 3429 1620 ibi
3507 1543 3845 1619 essentia

2295 1664 2508 1762 prius
2541 1674 2814 1738 natura
2865 1664 3324 1763 proprietate
3379 1662 3595 1760 quasi
3646 1687 3847 1736 com—

2295 1779 2553 1878 plente
2594 1780 2968 1854 rationem
3024 1779 3433 1872 individui,
3479 1790 3550 1852 et
3591 1779 3844 1852 deter-

2298 1898 2636 1971 minante
2707 1899 3146 1973 essentiam.
3223 1900 3313 1971 Et
3363 1921 3539 1971 cum
3573 1897 3846 1993 quaeri-

2294 2024 2444 2108 tur,
2512 2039 2607 2089 an
2681 2015 2811 2089 illa
2867 2014 3295 2112 proprietas
3372 2014 3747 2112 accipitur
3805 2038 3850 2086 a

2298 2130 2641 2224 materia,
2666 2124 2800 2204 ¹vel
2830 2156 2875 2202 a
2909 2131 3177 2221 forma,
3223 2132 3342 2203 vel
3386 2128 3842 2227 composito,

2297 2247 2582 2322 dictum
2649 2256 2764 2321 est
2812 2246 3035 2321 modo
3092 2246 3297 2344 quod
3350 2246 3421 2317 in
3506 2244 3850 2343 quolibet

2298 2365 2619 2438 istorum
2652 2374 2766 2439 est
2799 2374 3104 2455 natura,
3149 2373 3223 2438 et
3272 2363 3445 2436 talis
3503 2362 3852 2460 proprie—

2298 2490 2412 2555 tas
2448 2482 2644 2554 ultra
2709 2481 3107 2554 materiam
3158 2489 3232 2553 et
3290 2479 3605 2553 sormam
3666 2501 3852 2552 con-

2299 2599 2612 2671 trahens
2679 2606 3064 2690 naturam,
3139 2618 3315 2693 quae
3375 2606 3488 2670 est
3573 2596 3851 2669 entitas

2296 2712 2649 2810 positiva.

2395 2831 2507 2903 Ad
2540 2830 2776 2920 aliud,
2823 2831 3161 2904 concedo
3207 2830 3413 2927 quod
3455 2830 3846 2925 singulare
4009 2859 4119 2923 10,

2297 2958 2412 3023 est
2452 2971 2588 3045 per
2627 2972 2708 3022 se
2750 2946 3262 3043 intelligibile,
3311 2947 3461 3020 imo
3517 2946 3844 3020 maxime
3885 2972 3962 3023 Aa
3999 2986 4197 3022 seeun-

2297 3064 2808 3161 intelligibile,
2876 3066 3060 3163 quia
3124 3088 3522 3163 nunquam
3603 3065 3848 3139 beati-
3878 3038 4190 3165 sindguussffl

2296 3180 2653 3255 ficabitur
2685 3183 3117 3257 intellectus
3170 3183 3316 3256 nisi
3365 3183 3440 3256 in
3498 3182 3847 3256 intellec·
3881 3169 3995 3277 ffie
4028 3174 4205 3288 ,ῗὲῑξξῖ

2297 3300 2502 3374 tione
2625 3300 3071 3396 singularis,
3187 3308 3370 3397 puta
3483 3299 3847 3374 essentiae
4017 3289 4088 3338 ¹⁸·

2296 3417 2609 3509 divinae,
2656 3426 2739 3490 ut
2787 3415 2979 3490 lzaec.
3045 3416 3209 3490 Non
3270 3427 3519 3494 tamen
3590 3416 3851 3514 sequi-

2296 3543 2420 3606 tur
2459 3557 2551 3607 ex
2583 3535 2757 3625 hoc,
2794 3532 2999 3629 quod
3051 3533 3149 3606 sit
3206 3532 3531 3607 maxime
3576 3533 3853 3607 intelli-

2294 3650 2526 3747 gibile
2597 3650 3059 3748 cuicumque
3142 3635 3593 3741 intellectui,
3667 3650 3851 3748 quia

2293 3791 2382 3842 ex
2416 3767 2807 3841 debilitate
2841 3765 3276 3841 intellectus
3317 3767 3558 3840 nostri
3596 3777 3848 3864 potest

2292 3905 2459 3957 esse
2533 3882 2899 3957 defectus.
3011 3885 3101 3956 Et
3194 3905 3366 3955 cum
3466 3883 3847 3978 allegatur

2291 3998 2839 4097 Philosophus,
2876 3998 3047 4073 dico
3088 3998 3293 4097 quod
3330 4021 3480 4071 non
3518 4008 3631 4073 est
3672 3997 3843 4094 ejus

2290 4115 2611 4191 intentio
2643 4117 2848 4216 quod
2902 4116 3293 4213 singulare
3349 4141 3499 4189 non
3560 4115 3657 4190 sit
3723 4115 3844 4188 in-

2289 4232 2711 4328 telligibile.
2821 4231 2970 4307 Sed
3065 4234 3500 4308 intellectus
3580 4242 3842 4307 noster
3892 4211 4205 4338 ,3322330

2290 4373 2443 4423 non
2497 4349 2856 4446 intelligit
2923 4349 3073 4424 nisi
3132 4373 3269 4448 per
3336 4373 3683 4444 sensum,
3767 4359 3841 4424 et
3875 4342 4208 4466 ,ῗξξξξῗξξζξ

2290 4466 2575 4540 dictum
2621 4476 2736 4540 est
2774 4468 2820 4560 ⁶,
2857 4467 3063 4564 quod
3121 4491 3256 4564 per
3314 4490 3628 4542 sensum
3681 4491 3833 4541 non
3871 4462 4237 4589 gfff-„⁶322

2291 4583 2782 4680 cognoscitur
2840 4586 2984 4657 hoc
3062 4583 3457 4681 singulare
3526 4593 3608 4659 ut
3667 4585 3835 4679 Ιιοε,
4108 4566 4121 4577 ’

2291 4702 2425 4776 sed
2494 4703 2741 4776 solum
2808 4712 2889 4776 ut
2942 4712 3246 4796 natura,
3319 4712 3394 4777 et
3441 4703 3549 4777 sic
3592 4713 3842 4802 potest

2291 4819 2725 4895 intellectus
2785 4829 3046 4894 noster
3103 4819 3534 4915 intelligere
3582 4821 3841 4917 singu-

2290 4937 2469 5011 lare.
2528 4936 2746 5012 Unde
2817 4938 3337 5035 Philosophus
3403 4941 3568 5013 vult
3630 4942 3837 5036 quod

2291 5053 2725 5127 intellectus
2795 5062 3052 5127 noster
3132 5064 3379 5151 potest
3465 5055 3542 5127 in
3649 5056 3833 5149 du0,

2289 5192 2558 5244 sensus
2600 5179 2856 5243 autem
2895 5179 3191 5244 tantum
3224 5170 3302 5242 in
3339 5194 3609 5262 unum,
3655 5173 3839 5268 quia

2288 5308 2440 5358 non
2487 5295 2736 5382 potest
2766 5286 2841 5358 in
2890 5286 3355 5376 universale,
3394 5296 3475 5360 ut
3521 5286 3838 5361 univer-

2286 5402 2472 5494 sale,
2536 5411 2609 5475 et
2649 5401 3085 5475 intellectus
3135 5410 3384 5499 potest
3437 5401 3514 5474 in
3577 5402 3836 5499 singu-

2286 5518 2468 5605 lare,
2514 5517 2710 5592 sicut
2742 5542 3043 5594 sensus.

2380 5637 2492 5709 Ad
2525 5636 2761 5730 aliud,
2799 5636 2967 5710 dico
3000 5635 3204 5735 quod
3248 5659 3403 5710 non
3446 5636 3822 5735 sequitur,
3913 5608 4019 5658 Ad
4063 5616 4184 5663 “³“

3960 5673 4154 5726 tium.
