<?xml version="1.0" encoding="UTF-8"?>
<!DOCTYPE html PUBLIC "-//W3C//DTD XHTML 1.0 Transitional//EN"
    "http://www.w3.org/TR/xhtml1/DTD/xhtml1-transitional.dtd">
<html xmlns="http://www.w3.org/1999/xhtml" xml:lang="en" lang="en">
 <head>
  <title>
</title>
<meta http-equiv="Content-Type" content="text/html;charset=utf-8" />
  <meta name='ocr-system' content='tesseract 3.04.00' />
  <meta name='ocr-capabilities' content='ocr_page ocr_carea ocr_par ocr_line ocrx_word'/>
</head>
<body>
  <div class='ocr_page' id='page_1' title='image "./joannisdunsscot00waddgoog_0484.png"; bbox 0 0 4295 6326; ppageno 0'>
   <div class='ocr_carea' id='block_1_1' title="bbox 642 391 770 460">
    <p class='ocr_par' dir='ltr' id='par_1_1' title="bbox 642 391 770 460">
     <span class='ocr_line' id='line_1_1' title="bbox 642 391 770 460; baseline -0.016 0"><span class='ocrx_word' id='word_1_1' title='bbox 642 391 770 460; x_wconf 79' lang='lat'>462</span> 
     </span>
    </p>
   </div>
   <div class='ocr_carea' id='block_1_2' title="bbox 411 566 2194 3615">
    <p class='ocr_par' dir='ltr' id='par_1_2' title="bbox 647 566 2194 1254">
     <span class='ocr_line' id='line_1_2' title="bbox 743 566 2193 664; baseline 0.004 -26"><span class='ocrx_word' id='word_1_2' title='bbox 743 566 959 656; x_wconf 87' lang='lat' dir='ltr'>Item,</span> <span class='ocrx_word' id='word_1_3' title='bbox 1016 568 1223 664; x_wconf 91' lang='lat' dir='ltr'>quod</span> <span class='ocrx_word' id='word_1_4' title='bbox 1280 592 1435 642; x_wconf 89' lang='lat' dir='ltr'>non</span> <span class='ocrx_word' id='word_1_5' title='bbox 1507 591 1774 643; x_wconf 90' lang='lat' dir='ltr'>omnes</span> <span class='ocrx_word' id='word_1_6' title='bbox 1824 568 2193 644; x_wconf 80' lang='lat' dir='ltr'>articulos</span> 
     </span>
     <span class='ocr_line' id='line_1_3' title="bbox 647 685 2188 784; baseline 0.005 -30"><span class='ocrx_word' id='word_1_7' title='bbox 647 691 953 758; x_wconf 88' lang='lat' dir='ltr'>tenetur</span> <span class='ocrx_word' id='word_1_8' title='bbox 1035 685 1316 784; x_wconf 88' lang='lat' dir='ltr'>aliquis</span> <span class='ocrx_word' id='word_1_9' title='bbox 1396 686 1750 784; x_wconf 75' lang='lat' dir='ltr'>explicite</span> <span class='ocrx_word' id='word_1_10' title='bbox 1842 687 2188 775; x_wconf 84' lang='lat' dir='ltr'>credere,</span> 
     </span>
     <span class='ocr_line' id='line_1_4' title="bbox 648 799 2192 901; baseline 0.001 -28"><span class='ocrx_word' id='word_1_11' title='bbox 648 799 830 899; x_wconf 89' lang='lat' dir='ltr'>quia</span> <span class='ocrx_word' id='word_1_12' title='bbox 871 826 1024 876; x_wconf 89' lang='lat' dir='ltr'>non</span> <span class='ocrx_word' id='word_1_13' title='bbox 1072 803 1314 900; x_wconf 84' lang='lat' dir='ltr'>magis</span> <span class='ocrx_word' id='word_1_14' title='bbox 1347 813 1654 880; x_wconf 85' lang='lat' dir='ltr'>tenetur</span> <span class='ocrx_word' id='word_1_15' title='bbox 1713 827 1917 877; x_wconf 90' lang='lat' dir='ltr'>unus</span> <span class='ocrx_word' id='word_1_16' title='bbox 1960 826 2192 901; x_wconf 91' lang='lat' dir='ltr'>quam</span> 
     </span>
     <span class='ocr_line' id='line_1_5' title="bbox 650 919 2191 1018; baseline 0.001 -26"><span class='ocrx_word' id='word_1_17' title='bbox 650 919 875 1012; x_wconf 87' lang='lat' dir='ltr'>alius,</span> <span class='ocrx_word' id='word_1_18' title='bbox 941 919 1091 994; x_wconf 89' lang='lat' dir='ltr'>nisi</span> <span class='ocrx_word' id='word_1_19' title='bbox 1150 921 1244 994; x_wconf 89' lang='lat' dir='ltr'>ad</span> <span class='ocrx_word' id='word_1_20' title='bbox 1313 923 1487 1018; x_wconf 90' lang='lat' dir='ltr'>plus</span> <span class='ocrx_word' id='word_1_21' title='bbox 1542 945 1626 999; x_wconf 89' lang='lat' dir='ltr'>se</span> <span class='ocrx_word' id='word_1_22' title='bbox 1684 921 2191 1018; x_wconf 83' lang='lat' dir='ltr'>obliget;sed</span> 
     </span>
     <span class='ocr_line' id='line_1_6' title="bbox 648 1038 2194 1138; baseline 0.001 -28"><span class='ocrx_word' id='word_1_23' title='bbox 648 1038 911 1112; x_wconf 92' lang='lat' dir='ltr'>nullus</span> <span class='ocrx_word' id='word_1_24' title='bbox 942 1061 1023 1113; x_wconf 89' lang='lat' dir='ltr'>se</span> <span class='ocrx_word' id='word_1_25' title='bbox 1083 1038 1374 1135; x_wconf 83' lang='lat' dir='ltr'>obligat</span> <span class='ocrx_word' id='word_1_26' title='bbox 1435 1039 1526 1114; x_wconf 94' lang='lat' dir='ltr'>ad</span> <span class='ocrx_word' id='word_1_27' title='bbox 1592 1040 1816 1138; x_wconf 90' lang='lat' dir='ltr'>plura</span> <span class='ocrx_word' id='word_1_28' title='bbox 1868 1038 2194 1114; x_wconf 90' lang='lat' dir='ltr'>creden-</span> 
     </span>
     <span class='ocr_line' id='line_1_7' title="bbox 649 1155 1373 1254; baseline 0.001 -26"><span class='ocrx_word' id='word_1_29' title='bbox 649 1155 832 1229; x_wconf 90' lang='lat' dir='ltr'>dum</span> <span class='ocrx_word' id='word_1_30' title='bbox 868 1179 1097 1254; x_wconf 89' lang='lat' dir='ltr'>quam</span> <span class='ocrx_word' id='word_1_31' title='bbox 1146 1157 1373 1231; x_wconf 82' lang='lat' dir='ltr'>aliuS.</span> 
     </span>
    </p>

    <p class='ocr_par' dir='ltr' id='par_1_3' title="bbox 636 1273 2193 3473">
     <span class='ocr_line' id='line_1_8' title="bbox 743 1273 2193 1373; baseline 0.001 -26"><span class='ocrx_word' id='word_1_32' title='bbox 743 1273 856 1347; x_wconf 87' lang='lat' dir='ltr'>Ad</span> <span class='ocrx_word' id='word_1_33' title='bbox 890 1273 1253 1371; x_wconf 86' lang='lat' dir='ltr'>primum,</span> <span class='ocrx_word' id='word_1_34' title='bbox 1300 1275 1710 1350; x_wconf 90' lang='lat' dir='ltr'>dicendum</span> <span class='ocrx_word' id='word_1_35' title='bbox 1744 1275 1953 1373; x_wconf 91' lang='lat' dir='ltr'>quod</span> <span class='ocrx_word' id='word_1_36' title='bbox 2003 1274 2193 1352; x_wconf 93' lang='lat' dir='ltr'>sim-</span> 
     </span>
     <span class='ocr_line' id='line_1_9' title="bbox 643 1392 2190 1490; baseline 0.003 -25"><span class='ocrx_word' id='word_1_37' title='bbox 643 1393 820 1490; x_wconf 92' lang='lat' dir='ltr'>plex</span> <span class='ocrx_word' id='word_1_38' title='bbox 856 1401 1155 1467; x_wconf 87' lang='lat' dir='ltr'>tenetur</span> <span class='ocrx_word' id='word_1_39' title='bbox 1195 1392 1435 1468; x_wconf 86' lang='lat' dir='ltr'>vitare</span> <span class='ocrx_word' id='word_1_40' title='bbox 1483 1417 1792 1469; x_wconf 88' lang='lat' dir='ltr'>omnem</span> <span class='ocrx_word' id='word_1_41' title='bbox 1848 1417 2190 1470; x_wconf 86' lang='lat' dir='ltr'>errorem</span> 
     </span>
     <span class='ocr_line' id='line_1_10' title="bbox 643 1509 2189 1607; baseline -0.002 -23"><span class='ocrx_word' id='word_1_42' title='bbox 643 1509 846 1584; x_wconf 89' lang='lat' dir='ltr'>circa</span> <span class='ocrx_word' id='word_1_43' title='bbox 886 1510 1181 1605; x_wconf 92' lang='lat' dir='ltr'>omnia,</span> <span class='ocrx_word' id='word_1_44' title='bbox 1220 1532 1395 1607; x_wconf 82' lang='lat' dir='ltr'>quae</span> <span class='ocrx_word' id='word_1_45' title='bbox 1438 1510 1819 1585; x_wconf 86' lang='lat' dir='ltr'>credenda</span> <span class='ocrx_word' id='word_1_46' title='bbox 1877 1519 2058 1584; x_wconf 88' lang='lat' dir='ltr'>sunt</span> <span class='ocrx_word' id='word_1_47' title='bbox 2109 1510 2189 1582; x_wconf 88' lang='lat' dir='ltr'>in</span> 
     </span>
     <span class='ocr_line' id='line_1_11' title="bbox 644 1625 2187 1723; baseline -0.001 -23"><span class='ocrx_word' id='word_1_48' title='bbox 644 1625 1012 1718; x_wconf 82' lang='lat' dir='ltr'><strong>Ecclesia,</strong></span> <span class='ocrx_word' id='word_1_49' title='bbox 1095 1635 1169 1699; x_wconf 88' lang='lat' dir='ltr'>et</span> <span class='ocrx_word' id='word_1_50' title='bbox 1252 1648 1427 1723; x_wconf 71' lang='lat' dir='ltr'>quae</span> <span class='ocrx_word' id='word_1_51' title='bbox 1531 1626 2027 1701; x_wconf 89' lang='lat' dir='ltr'>continentur</span> <span class='ocrx_word' id='word_1_52' title='bbox 2111 1626 2187 1699; x_wconf 90' lang='lat' dir='ltr'>in</span> 
     </span>
     <span class='ocr_line' id='line_1_12' title="bbox 642 1744 2190 1843; baseline -0.001 -24"><span class='ocrx_word' id='word_1_53' title='bbox 642 1745 953 1820; x_wconf 90' lang='lat' dir='ltr'>Canone</span> <span class='ocrx_word' id='word_1_54' title='bbox 985 1744 1284 1836; x_wconf 84' lang='lat' dir='ltr'>Bibliae,</span> <span class='ocrx_word' id='word_1_55' title='bbox 1350 1745 1549 1820; x_wconf 88' lang='lat' dir='ltr'>sicut</span> <span class='ocrx_word' id='word_1_56' title='bbox 1606 1756 1813 1843; x_wconf 90' lang='lat' dir='ltr'>patet</span> <span class='ocrx_word' id='word_1_57' title='bbox 1878 1745 1958 1818; x_wconf 90' lang='lat' dir='ltr'>in</span> <span class='ocrx_word' id='word_1_58' title='bbox 2019 1744 2190 1819; x_wconf 88' lang='lat' dir='ltr'>aliis</span> 
     </span>
     <span class='ocr_line' id='line_1_13' title="bbox 641 1861 2191 1958; baseline 0.001 -24"><span class='ocrx_word' id='word_1_59' title='bbox 641 1861 1106 1954; x_wconf 84' lang='lat' dir='ltr'>moralibus3</span> <span class='ocrx_word' id='word_1_60' title='bbox 1182 1872 1483 1937; x_wconf 86' lang='lat' dir='ltr'>tenetur</span> <span class='ocrx_word' id='word_1_61' title='bbox 1574 1862 1779 1936; x_wconf 90' lang='lat' dir='ltr'>enim</span> <span class='ocrx_word' id='word_1_62' title='bbox 1866 1861 2191 1958; x_wconf 79' lang='lat' dir='ltr'>quilibet</span> 
     </span>
     <span class='ocr_line' id='line_1_14' title="bbox 640 1981 2185 2081; baseline -0.001 -25"><span class='ocrx_word' id='word_1_63' title='bbox 640 2005 912 2057; x_wconf 84' lang='lat' dir='ltr'>cavere</span> <span class='ocrx_word' id='word_1_64' title='bbox 1028 2006 1255 2058; x_wconf 90' lang='lat' dir='ltr'>omne</span> <span class='ocrx_word' id='word_1_65' title='bbox 1351 1992 1748 2081; x_wconf 90' lang='lat' dir='ltr'>peccatum</span> <span class='ocrx_word' id='word_1_66' title='bbox 1838 1981 2185 2073; x_wconf 79' lang='lat' dir='ltr'><strong>mortale,</strong></span> 
     </span>
     <span class='ocr_line' id='line_1_15' title="bbox 642 2095 2193 2173; baseline -0.002 -1"><span class='ocrx_word' id='word_1_67' title='bbox 642 2108 896 2173; x_wconf 86' lang='lat' dir='ltr'>tamen</span> <span class='ocrx_word' id='word_1_68' title='bbox 982 2122 1137 2172; x_wconf 87' lang='lat' dir='ltr'>non</span> <span class='ocrx_word' id='word_1_69' title='bbox 1231 2107 1531 2173; x_wconf 88' lang='lat' dir='ltr'>tenetur</span> <span class='ocrx_word' id='word_1_70' title='bbox 1629 2098 1824 2172; x_wconf 86' lang='lat' dir='ltr'>scire</span> <span class='ocrx_word' id='word_1_71' title='bbox 1931 2095 2193 2171; x_wconf 92' lang='lat' dir='ltr'>omnia</span> 
     </span>
     <span class='ocr_line' id='line_1_16' title="bbox 639 2213 2191 2314; baseline -0.005 -23"><span class='ocrx_word' id='word_1_72' title='bbox 639 2225 951 2314; x_wconf 91' lang='lat' dir='ltr'>peccata</span> <span class='ocrx_word' id='word_1_73' title='bbox 1008 2216 1380 2302; x_wconf 85' lang='lat' dir='ltr'>mortalia,</span> <span class='ocrx_word' id='word_1_74' title='bbox 1456 2216 1640 2313; x_wconf 88' lang='lat' dir='ltr'>quia</span> <span class='ocrx_word' id='word_1_75' title='bbox 1705 2214 2014 2289; x_wconf 91' lang='lat' dir='ltr'>maximi</span> <span class='ocrx_word' id='word_1_76' title='bbox 2063 2213 2191 2285; x_wconf 87' lang='lat' dir='ltr'>vix</span> 
     </span>
     <span class='ocr_line' id='line_1_17' title="bbox 639 2331 2189 2430; baseline -0.003 -24"><span class='ocrx_word' id='word_1_77' title='bbox 639 2334 919 2427; x_wconf 90' lang='lat' dir='ltr'>sciunt,</span> <span class='ocrx_word' id='word_1_78' title='bbox 984 2343 1057 2409; x_wconf 87' lang='lat' dir='ltr'>et</span> <span class='ocrx_word' id='word_1_79' title='bbox 1114 2336 1286 2427; x_wconf 92' lang='lat' dir='ltr'>hoc,</span> <span class='ocrx_word' id='word_1_80' title='bbox 1342 2356 1516 2407; x_wconf 91' lang='lat' dir='ltr'>cum</span> <span class='ocrx_word' id='word_1_81' title='bbox 1586 2333 1739 2407; x_wconf 87' lang='lat' dir='ltr'>sint</span> <span class='ocrx_word' id='word_1_82' title='bbox 1780 2331 2189 2430; x_wconf 80' lang='lat' dir='ltr'>opiniones</span> 
     </span>
     <span class='ocr_line' id='line_1_18' title="bbox 637 2452 2188 2549; baseline -0.004 -20"><span class='ocrx_word' id='word_1_83' title='bbox 637 2454 730 2529; x_wconf 91' lang='lat' dir='ltr'>de</span> <span class='ocrx_word' id='word_1_84' title='bbox 773 2452 1185 2549; x_wconf 76' lang='lat' dir='ltr'>aliquibuS,</span> <span class='ocrx_word' id='word_1_85' title='bbox 1221 2476 1316 2526; x_wconf 92' lang='lat' dir='ltr'>an</span> <span class='ocrx_word' id='word_1_86' title='bbox 1352 2453 1505 2526; x_wconf 87' lang='lat' dir='ltr'>sint</span> <span class='ocrx_word' id='word_1_87' title='bbox 1545 2460 1856 2549; x_wconf 89' lang='lat' dir='ltr'>peccata</span> <span class='ocrx_word' id='word_1_88' title='bbox 1903 2458 2188 2523; x_wconf 91' lang='lat' dir='ltr'>morta-</span> 
     </span>
     <span class='ocr_line' id='line_1_19' title="bbox 640 2568 2186 2667; baseline -0.004 -20"><span class='ocrx_word' id='word_1_89' title='bbox 640 2575 767 2667; x_wconf 90' lang='lat' dir='ltr'>lia,</span> <span class='ocrx_word' id='word_1_90' title='bbox 803 2596 899 2647; x_wconf 92' lang='lat' dir='ltr'>an</span> <span class='ocrx_word' id='word_1_91' title='bbox 945 2596 1154 2664; x_wconf 86' lang='lat' dir='ltr'>non3</span> <span class='ocrx_word' id='word_1_92' title='bbox 1222 2571 1331 2645; x_wconf 91' lang='lat' dir='ltr'>sic</span> <span class='ocrx_word' id='word_1_93' title='bbox 1393 2571 1569 2645; x_wconf 87' lang='lat' dir='ltr'>licet</span> <span class='ocrx_word' id='word_1_94' title='bbox 1637 2594 1793 2643; x_wconf 90' lang='lat' dir='ltr'>non</span> <span class='ocrx_word' id='word_1_95' title='bbox 1862 2568 2186 2666; x_wconf 87' lang='lat' dir='ltr'>quilibet</span> 
     </span>
     <span class='ocr_line' id='line_1_20' title="bbox 637 2686 2188 2788; baseline -0.004 -23"><span class='ocrx_word' id='word_1_96' title='bbox 637 2702 940 2767; x_wconf 87' lang='lat' dir='ltr'>tenetur</span> <span class='ocrx_word' id='word_1_97' title='bbox 982 2690 1335 2788; x_wconf 81' lang='lat' dir='ltr'>explicite</span> <span class='ocrx_word' id='word_1_98' title='bbox 1383 2688 1576 2763; x_wconf 89' lang='lat' dir='ltr'>scire</span> <span class='ocrx_word' id='word_1_99' title='bbox 1633 2687 1897 2761; x_wconf 90' lang='lat' dir='ltr'>omnia</span> <span class='ocrx_word' id='word_1_100' title='bbox 1947 2686 2188 2761; x_wconf 89' lang='lat' dir='ltr'>credi-</span> 
     </span>
     <span class='ocr_line' id='line_1_21' title="bbox 636 2805 2178 2902; baseline -0.006 -18"><span class='ocrx_word' id='word_1_101' title='bbox 636 2809 847 2902; x_wconf 80' lang='lat' dir='ltr'>bilia,</span> <span class='ocrx_word' id='word_1_102' title='bbox 896 2817 1148 2882; x_wconf 88' lang='lat' dir='ltr'>tamen</span> <span class='ocrx_word' id='word_1_103' title='bbox 1203 2815 1507 2881; x_wconf 89' lang='lat' dir='ltr'>tenetur</span> <span class='ocrx_word' id='word_1_104' title='bbox 1541 2805 1778 2879; x_wconf 87' lang='lat' dir='ltr'>vitare</span> <span class='ocrx_word' id='word_1_105' title='bbox 1812 2827 2178 2879; x_wconf 89' lang='lat' dir='ltr'>errorem.</span> 
     </span>
     <span class='ocr_line' id='line_1_22' title="bbox 640 2922 2180 3021; baseline -0.005 -20"><span class='ocrx_word' id='word_1_106' title='bbox 640 2927 861 3001; x_wconf 84' lang='lat' dir='ltr'>Unde</span> <span class='ocrx_word' id='word_1_107' title='bbox 904 2925 1108 3000; x_wconf 86' lang='lat' dir='ltr'>circa</span> <span class='ocrx_word' id='word_1_108' title='bbox 1140 2924 1269 2998; x_wconf 92' lang='lat' dir='ltr'>illa</span> <span class='ocrx_word' id='word_1_109' title='bbox 1311 2946 1487 3021; x_wconf 82' lang='lat' dir='ltr'>quae</span> <span class='ocrx_word' id='word_1_110' title='bbox 1543 2922 2063 3021; x_wconf 69' lang='lat' dir='ltr'>praedicantur</span> <span class='ocrx_word' id='word_1_111' title='bbox 2103 2923 2180 2995; x_wconf 94' lang='lat' dir='ltr'>in</span> 
     </span>
     <span class='ocr_line' id='line_1_23' title="bbox 638 3041 2184 3138; baseline -0.005 -17"><span class='ocrx_word' id='word_1_112' title='bbox 638 3044 986 3121; x_wconf 81' lang='lat' dir='ltr'>Ecclesia</span> <span class='ocrx_word' id='word_1_113' title='bbox 1025 3042 1539 3117; x_wconf 89' lang='lat' dir='ltr'>communiter</span> <span class='ocrx_word' id='word_1_114' title='bbox 1571 3064 1721 3114; x_wconf 90' lang='lat' dir='ltr'>non</span> <span class='ocrx_word' id='word_1_115' title='bbox 1785 3050 1967 3115; x_wconf 86' lang='lat' dir='ltr'>sunt</span> <span class='ocrx_word' id='word_1_116' title='bbox 2012 3041 2184 3138; x_wconf 93' lang='lat' dir='ltr'>opi-</span> 
     </span>
     <span class='ocr_line' id='line_1_24' title="bbox 640 3157 2182 3256; baseline -0.004 -20"><span class='ocrx_word' id='word_1_117' title='bbox 640 3163 936 3245; x_wconf 81' lang='lat' dir='ltr'>nioneS,</span> <span class='ocrx_word' id='word_1_118' title='bbox 1015 3169 1088 3234; x_wconf 90' lang='lat' dir='ltr'>et</span> <span class='ocrx_word' id='word_1_119' title='bbox 1163 3158 1224 3234; x_wconf 88' lang='lat' dir='ltr'>si</span> <span class='ocrx_word' id='word_1_120' title='bbox 1286 3158 1607 3255; x_wconf 89' lang='lat' dir='ltr'>simplex</span> <span class='ocrx_word' id='word_1_121' title='bbox 1678 3168 1926 3256; x_wconf 90' lang='lat' dir='ltr'>potest</span> <span class='ocrx_word' id='word_1_122' title='bbox 1993 3157 2182 3231; x_wconf 90' lang='lat' dir='ltr'>illud</span> 
     </span>
     <span class='ocr_line' id='line_1_25' title="bbox 641 3274 2184 3379; baseline -0.005 -25"><span class='ocrx_word' id='word_1_123' title='bbox 641 3277 1249 3379; x_wconf 89' lang='lat' dir='ltr'>apprehendere,</span> <span class='ocrx_word' id='word_1_124' title='bbox 1286 3285 1592 3350; x_wconf 86' lang='lat' dir='ltr'>tenetur</span> <span class='ocrx_word' id='word_1_125' title='bbox 1613 3274 1967 3373; x_wconf 84' lang='lat' dir='ltr'>explicite</span> <span class='ocrx_word' id='word_1_126' title='bbox 1991 3275 2184 3348; x_wconf 93' lang='lat' dir='ltr'>illud</span> 
     </span>
     <span class='ocr_line' id='line_1_26' title="bbox 643 3399 981 3473; baseline -0.012 -1"><span class='ocrx_word' id='word_1_127' title='bbox 643 3399 981 3473; x_wconf 86' lang='lat' dir='ltr'>credere.</span> 
     </span>
    </p>

    <p class='ocr_par' dir='ltr' id='par_1_4' title="bbox 411 3508 2188 3615">
     <span class='ocr_line' id='line_1_27' title="bbox 411 3508 2188 3615; baseline -0.003 -27"><span class='ocrx_word' id='word_1_128' title='bbox 411 3549 475 3615; x_wconf 51' lang='lat'>5·</span> <span class='ocrx_word' id='word_1_129' title='bbox 741 3512 849 3588; x_wconf 85' lang='lat' dir='ltr'>Ad</span> <span class='ocrx_word' id='word_1_130' title='bbox 886 3510 1122 3604; x_wconf 93' lang='lat' dir='ltr'>aliud,</span> <span class='ocrx_word' id='word_1_131' title='bbox 1151 3509 1560 3584; x_wconf 90' lang='lat' dir='ltr'>dicendum</span> <span class='ocrx_word' id='word_1_132' title='bbox 1599 3508 1800 3606; x_wconf 88' lang='lat' dir='ltr'>quod</span> <span class='ocrx_word' id='word_1_133' title='bbox 1830 3509 1891 3582; x_wconf 90' lang='lat' dir='ltr'>si</span> <span class='ocrx_word' id='word_1_134' title='bbox 1926 3509 2188 3606; x_wconf 90' lang='lat' dir='ltr'>aliqua</span> 
     </span>
    </p>
   </div>
   <div class='ocr_carea' id='block_1_3' title="bbox 291 3625 2192 5714">
    <p class='ocr_par' dir='ltr' id='par_1_5' title="bbox 293 3625 2184 3726">
     <span class='ocr_line' id='line_1_28' title="bbox 293 3625 2184 3726; baseline -0.008 -14"><span class='ocrx_word' id='word_1_135' title='bbox 293 3664 374 3714; x_wconf 72' lang='lat' dir='ltr'>Aa</span> <span class='ocrx_word' id='word_1_136' title='bbox 420 3675 612 3714; x_wconf 72' lang='lat' dir='ltr'>secun·</span> <span class='ocrx_word' id='word_1_137' title='bbox 646 3631 739 3705; x_wconf 92' lang='lat' dir='ltr'>de</span> <span class='ocrx_word' id='word_1_138' title='bbox 774 3654 974 3704; x_wconf 82' lang='lat' dir='ltr'>novo</span> <span class='ocrx_word' id='word_1_139' title='bbox 1009 3636 1548 3726; x_wconf 88' lang='lat' dir='ltr'>proponuntur</span> <span class='ocrx_word' id='word_1_140' title='bbox 1588 3626 1680 3700; x_wconf 91' lang='lat' dir='ltr'>ab</span> <span class='ocrx_word' id='word_1_141' title='bbox 1715 3626 2002 3722; x_wconf 87' lang='lat' dir='ltr'>alique,</span> <span class='ocrx_word' id='word_1_142' title='bbox 2053 3625 2184 3722; x_wconf 91' lang='lat' dir='ltr'>qui</span> 
     </span>
    </p>

    <p class='ocr_par' dir='ltr' id='par_1_6' title="bbox 331 3727 2190 3840">
     <span class='ocr_line' id='line_1_29' title="bbox 331 3727 2190 3840; baseline -0.002 -25"><span class='ocrx_word' id='word_1_143' title='bbox 331 3727 585 3840; x_wconf 45' lang='lat' dir='ltr'>Nffinie,</span> <span class='ocrx_word' id='word_1_144' title='bbox 646 3755 854 3821; x_wconf 86' lang='lat' dir='ltr'>tenet</span> <span class='ocrx_word' id='word_1_145' title='bbox 919 3744 1162 3818; x_wconf 89' lang='lat' dir='ltr'>vicem</span> <span class='ocrx_word' id='word_1_146' title='bbox 1239 3742 1598 3835; x_wconf 90' lang='lat' dir='ltr'>doctoris,</span> <span class='ocrx_word' id='word_1_147' title='bbox 1673 3765 1826 3814; x_wconf 91' lang='lat' dir='ltr'>non</span> <span class='ocrx_word' id='word_1_148' title='bbox 1886 3750 2190 3816; x_wconf 88' lang='lat' dir='ltr'>tenetur</span> 
     </span>
    </p>

    <p class='ocr_par' dir='ltr' id='par_1_7' title="bbox 291 3849 2187 3972">
     <span class='ocr_line' id='line_1_30' title="bbox 291 3849 2187 3972; baseline -0.006 -31"><span class='ocrx_word' id='word_1_149' title='bbox 291 3849 614 3972; x_wconf 49' lang='lat' dir='ltr'>”gggfffifff</span> <span class='ocrx_word' id='word_1_150' title='bbox 648 3864 824 3965; x_wconf 89' lang='lat' dir='ltr'>quis</span> <span class='ocrx_word' id='word_1_151' title='bbox 891 3860 1289 3954; x_wconf 86' lang='lat' dir='ltr'>assentire,</span> <span class='ocrx_word' id='word_1_152' title='bbox 1364 3861 1507 3969; x_wconf 75' lang='lat' dir='ltr'>sed⁸</span> <span class='ocrx_word' id='word_1_153' title='bbox 1564 3868 1869 3934; x_wconf 89' lang='lat' dir='ltr'>tenetur</span> <span class='ocrx_word' id='word_1_154' title='bbox 1936 3858 2187 3933; x_wconf 89' lang='lat' dir='ltr'>neutri</span> 
     </span>
    </p>

    <p class='ocr_par' dir='ltr' id='par_1_8' title="bbox 324 3968 2192 5714">
     <span class='ocr_line' id='line_1_31' title="bbox 324 3968 2190 4092; baseline -0.004 -35"><span class='ocrx_word' id='word_1_155' title='bbox 324 3978 597 4092; x_wconf 52' lang='grc' dir='ltr'>ἰῇθξὲξξζζῑ</span> <span class='ocrx_word' id='word_1_156' title='bbox 651 3968 873 4082; x_wconf 73' lang='lat' dir='ltr'>parti&#39;</span> <span class='ocrx_word' id='word_1_157' title='bbox 914 3977 1316 4070; x_wconf 88' lang='lat' dir='ltr'>assentire,</span> <span class='ocrx_word' id='word_1_158' title='bbox 1433 3977 1563 4050; x_wconf 91' lang='lat' dir='ltr'>sed</span> <span class='ocrx_word' id='word_1_159' title='bbox 1616 3977 1829 4073; x_wconf 87' lang='lat' dir='ltr'>prius</span> <span class='ocrx_word' id='word_1_160' title='bbox 1887 3984 2190 4052; x_wconf 86' lang='lat' dir='ltr'>tenetur</span> 
     </span>
     <span class='ocr_line' id='line_1_32' title="bbox 602 4094 2188 4187; baseline -0.006 -11"><span class='ocrx_word' id='word_1_161' title='bbox 602 4094 618 4110; x_wconf 71' lang='lat'><strong><em>⁹</em></strong></span> <span class='ocrx_word' id='word_1_162' title='bbox 653 4100 1054 4176; x_wconf 88' lang='lat' dir='ltr'>consulere</span> <span class='ocrx_word' id='word_1_163' title='bbox 1087 4094 1535 4187; x_wconf 82' lang='lat' dir='ltr'>Ecclesiam,</span> <span class='ocrx_word' id='word_1_164' title='bbox 1580 4103 1652 4168; x_wconf 91' lang='lat' dir='ltr'>et</span> <span class='ocrx_word' id='word_1_165' title='bbox 1692 4095 1799 4168; x_wconf 90' lang='lat' dir='ltr'>sic</span> <span class='ocrx_word' id='word_1_166' title='bbox 1851 4118 2188 4169; x_wconf 88' lang='lat' dir='ltr'>errorem</span> 
     </span>
     <span class='ocr_line' id='line_1_33' title="bbox 649 4212 2192 4313; baseline -0.004 -21"><span class='ocrx_word' id='word_1_167' title='bbox 649 4220 919 4310; x_wconf 89' lang='lat' dir='ltr'>vitare,</span> <span class='ocrx_word' id='word_1_168' title='bbox 982 4215 1165 4313; x_wconf 91' lang='lat' dir='ltr'>quia</span> <span class='ocrx_word' id='word_1_169' title='bbox 1239 4214 1358 4286; x_wconf 88' lang='lat' dir='ltr'>vel</span> <span class='ocrx_word' id='word_1_170' title='bbox 1431 4212 1787 4308; x_wconf 83' lang='lat' dir='ltr'>intelligit</span> <span class='ocrx_word' id='word_1_171' title='bbox 1855 4213 2024 4303; x_wconf 87' lang='lat' dir='ltr'>hoc,</span> <span class='ocrx_word' id='word_1_172' title='bbox 2117 4222 2192 4288; x_wconf 86' lang='lat' dir='ltr'>et</span> 
     </span>
     <span class='ocr_line' id='line_1_34' title="bbox 649 4329 2187 4423; baseline -0.005 -12"><span class='ocrx_word' id='word_1_173' title='bbox 649 4347 834 4411; x_wconf 87' lang='lat' dir='ltr'>tunc</span> <span class='ocrx_word' id='word_1_174' title='bbox 869 4341 1170 4408; x_wconf 86' lang='lat' dir='ltr'>tenetur</span> <span class='ocrx_word' id='word_1_175' title='bbox 1198 4330 1439 4403; x_wconf 81' lang='lat' dir='ltr'>vitare</span> <span class='ocrx_word' id='word_1_176' title='bbox 1474 4351 1849 4423; x_wconf 85' lang='lat' dir='ltr'>errorem3</span> <span class='ocrx_word' id='word_1_177' title='bbox 1887 4329 2007 4404; x_wconf 84' lang='lat' dir='ltr'>vel</span> <span class='ocrx_word' id='word_1_178' title='bbox 2034 4353 2187 4404; x_wconf 91' lang='lat' dir='ltr'>non</span> 
     </span>
     <span class='ocr_line' id='line_1_35' title="bbox 646 4446 2189 4546; baseline -0.005 -20"><span class='ocrx_word' id='word_1_179' title='bbox 646 4448 1030 4546; x_wconf 83' lang='lat' dir='ltr'>intelligit,</span> <span class='ocrx_word' id='word_1_180' title='bbox 1128 4455 1201 4521; x_wconf 90' lang='lat' dir='ltr'>et</span> <span class='ocrx_word' id='word_1_181' title='bbox 1286 4455 1469 4519; x_wconf 90' lang='lat' dir='ltr'>tunc</span> <span class='ocrx_word' id='word_1_182' title='bbox 1567 4454 1868 4519; x_wconf 88' lang='lat' dir='ltr'>tenetur</span> <span class='ocrx_word' id='word_1_183' title='bbox 1934 4446 2189 4521; x_wconf 89' lang='lat' dir='ltr'>neutri</span> 
     </span>
     <span class='ocr_line' id='line_1_36' title="bbox 644 4562 2186 4668; baseline -0.005 -26"><span class='ocrx_word' id='word_1_184' title='bbox 644 4567 840 4668; x_wconf 89' lang='lat' dir='ltr'>parti</span> <span class='ocrx_word' id='word_1_185' title='bbox 957 4562 1360 4655; x_wconf 88' lang='lat' dir='ltr'>assentire,</span> <span class='ocrx_word' id='word_1_186' title='bbox 1469 4583 1876 4659; x_wconf 87' lang='lat' dir='ltr'>quousque</span> <span class='ocrx_word' id='word_1_187' title='bbox 1998 4562 2186 4637; x_wconf 90' lang='lat' dir='ltr'>illud</span> 
     </span>
     <span class='ocr_line' id='line_1_37' title="bbox 645 4678 2191 4779; baseline -0.005 -18"><span class='ocrx_word' id='word_1_188' title='bbox 645 4682 987 4761; x_wconf 85' lang='lat' dir='ltr'>Ecclesia</span> <span class='ocrx_word' id='word_1_189' title='bbox 1018 4679 1578 4779; x_wconf 59' lang='lat' dir='ltr'>praedicaverit.</span> <span class='ocrx_word' id='word_1_190' title='bbox 1638 4678 2006 4753; x_wconf 84' lang='lat' dir='ltr'>Similiter</span> <span class='ocrx_word' id='word_1_191' title='bbox 2075 4691 2191 4755; x_wconf 88' lang='lat' dir='ltr'>est</span> 
     </span>
     <span class='ocr_line' id='line_1_38' title="bbox 642 4796 2187 4890; baseline -0.003 -14"><span class='ocrx_word' id='word_1_192' title='bbox 642 4805 718 4876; x_wconf 93' lang='lat' dir='ltr'>in</span> <span class='ocrx_word' id='word_1_193' title='bbox 756 4797 1201 4890; x_wconf 81' lang='lat' dir='ltr'>moralibuS,</span> <span class='ocrx_word' id='word_1_194' title='bbox 1252 4818 1402 4868; x_wconf 89' lang='lat' dir='ltr'>non</span> <span class='ocrx_word' id='word_1_195' title='bbox 1453 4804 1757 4869; x_wconf 87' lang='lat' dir='ltr'>tenetur</span> <span class='ocrx_word' id='word_1_196' title='bbox 1814 4796 2187 4871; x_wconf 87' lang='lat' dir='ltr'>assentire</span> 
     </span>
     <span class='ocr_line' id='line_1_39' title="bbox 643 4915 2189 5013; baseline -0.007 -16"><span class='ocrx_word' id='word_1_197' title='bbox 643 4925 788 4997; x_wconf 93' lang='lat' dir='ltr'>hoc</span> <span class='ocrx_word' id='word_1_198' title='bbox 856 4939 1023 4993; x_wconf 87' lang='lat' dir='ltr'>esse</span> <span class='ocrx_word' id='word_1_199' title='bbox 1091 4923 1523 5013; x_wconf 90' lang='lat' dir='ltr'>peccatum,</span> <span class='ocrx_word' id='word_1_200' title='bbox 1593 4938 1732 4989; x_wconf 91' lang='lat' dir='ltr'>nec</span> <span class='ocrx_word' id='word_1_201' title='bbox 1789 4938 1957 4990; x_wconf 90' lang='lat' dir='ltr'>esse</span> <span class='ocrx_word' id='word_1_202' title='bbox 2017 4915 2189 4990; x_wconf 90' lang='lat' dir='ltr'>lici-</span> 
     </span>
     <span class='ocr_line' id='line_1_40' title="bbox 638 5032 2184 5132; baseline -0.006 -18"><span class='ocrx_word' id='word_1_203' title='bbox 638 5051 835 5131; x_wconf 86' lang='lat' dir='ltr'>tum,</span> <span class='ocrx_word' id='word_1_204' title='bbox 918 5054 1327 5132; x_wconf 89' lang='lat' dir='ltr'>quousque</span> <span class='ocrx_word' id='word_1_205' title='bbox 1375 5033 1717 5106; x_wconf 89' lang='lat' dir='ltr'>Ecclesia</span> <span class='ocrx_word' id='word_1_206' title='bbox 1765 5032 2065 5120; x_wconf 83' lang='lat' dir='ltr'>dixerit,</span> <span class='ocrx_word' id='word_1_207' title='bbox 2121 5033 2184 5107; x_wconf 93' lang='lat' dir='ltr'>si</span> 
     </span>
     <span class='ocr_line' id='line_1_41' title="bbox 639 5149 2183 5247; baseline -0.005 -15"><span class='ocrx_word' id='word_1_208' title='bbox 639 5157 741 5232; x_wconf 88' lang='lat' dir='ltr'>ibi</span> <span class='ocrx_word' id='word_1_209' title='bbox 812 5153 964 5229; x_wconf 88' lang='lat' dir='ltr'>sint</span> <span class='ocrx_word' id='word_1_210' title='bbox 1047 5149 1482 5247; x_wconf 81' lang='lat' dir='ltr'>opinioneS,</span> <span class='ocrx_word' id='word_1_211' title='bbox 1564 5151 1696 5224; x_wconf 90' lang='lat' dir='ltr'>sed</span> <span class='ocrx_word' id='word_1_212' title='bbox 1793 5150 2018 5224; x_wconf 89' lang='lat' dir='ltr'>debet</span> <span class='ocrx_word' id='word_1_213' title='bbox 2103 5174 2183 5226; x_wconf 92' lang='lat' dir='ltr'>se</span> 
     </span>
     <span class='ocr_line' id='line_1_42' title="bbox 640 5266 2186 5349; baseline -0.005 0"><span class='ocrx_word' id='word_1_214' title='bbox 640 5286 900 5349; x_wconf 89' lang='lat' dir='ltr'>tenere</span> <span class='ocrx_word' id='word_1_215' title='bbox 972 5268 1048 5341; x_wconf 90' lang='lat' dir='ltr'>in</span> <span class='ocrx_word' id='word_1_216' title='bbox 1110 5266 1530 5341; x_wconf 91' lang='lat' dir='ltr'>communi.</span> <span class='ocrx_word' id='word_1_217' title='bbox 1598 5266 1746 5340; x_wconf 85' lang='lat' dir='ltr'>Sed</span> <span class='ocrx_word' id='word_1_218' title='bbox 1830 5267 1957 5340; x_wconf 90' lang='lat' dir='ltr'>ubi</span> <span class='ocrx_word' id='word_1_219' title='bbox 2032 5290 2186 5341; x_wconf 87' lang='lat' dir='ltr'>una</span> 
     </span>
     <span class='ocr_line' id='line_1_43' title="bbox 637 5381 2181 5488; baseline -0.006 -23"><span class='ocrx_word' id='word_1_220' title='bbox 637 5387 898 5488; x_wconf 89' lang='lat' dir='ltr'>opinio</span> <span class='ocrx_word' id='word_1_221' title='bbox 968 5383 1152 5457; x_wconf 81' lang='lat' dir='ltr'>dicit</span> <span class='ocrx_word' id='word_1_222' title='bbox 1220 5381 1508 5479; x_wconf 91' lang='lat' dir='ltr'>aliquid</span> <span class='ocrx_word' id='word_1_223' title='bbox 1579 5407 1746 5458; x_wconf 88' lang='grc'>8888</span> <span class='ocrx_word' id='word_1_224' title='bbox 1782 5394 2181 5481; x_wconf 84' lang='lat' dir='ltr'>peccatum</span> 
     </span>
     <span class='ocr_line' id='line_1_44' title="bbox 639 5497 2182 5598; baseline -0.006 -16"><span class='ocrx_word' id='word_1_225' title='bbox 639 5502 985 5593; x_wconf 90' lang='lat' dir='ltr'>mortale,</span> <span class='ocrx_word' id='word_1_226' title='bbox 1049 5508 1124 5572; x_wconf 87' lang='lat' dir='ltr'>et</span> <span class='ocrx_word' id='word_1_227' title='bbox 1189 5497 1337 5571; x_wconf 88' lang='lat' dir='ltr'>alia</span> <span class='ocrx_word' id='word_1_228' title='bbox 1402 5498 1662 5596; x_wconf 90' lang='lat' dir='ltr'>opinio</span> <span class='ocrx_word' id='word_1_229' title='bbox 1732 5499 1916 5572; x_wconf 89' lang='lat' dir='ltr'>dicit</span> <span class='ocrx_word' id='word_1_230' title='bbox 1975 5501 2182 5598; x_wconf 91' lang='lat' dir='ltr'>quod</span> 
     </span>
     <span class='ocr_line' id='line_1_45' title="bbox 635 5613 1949 5714; baseline -0.008 -17"><span class='ocrx_word' id='word_1_231' title='bbox 635 5646 792 5696; x_wconf 91' lang='lat' dir='ltr'>non</span> <span class='ocrx_word' id='word_1_232' title='bbox 825 5627 939 5695; x_wconf 88' lang='lat' dir='ltr'>est</span> <span class='ocrx_word' id='word_1_233' title='bbox 971 5620 1397 5714; x_wconf 89' lang='lat' dir='ltr'>peccatum,</span> <span class='ocrx_word' id='word_1_234' title='bbox 1453 5623 1566 5688; x_wconf 89' lang='lat' dir='ltr'>est</span> <span class='ocrx_word' id='word_1_235' title='bbox 1614 5613 1949 5690; x_wconf 78' lang='lat' dir='ltr'>difficile.</span> 
     </span>
    </p>
   </div>
   <div class='ocr_carea' id='block_1_4' title="bbox 337 584 551 638">
    <p class='ocr_par' dir='ltr' id='par_1_9' title="bbox 337 584 551 638">
     <span class='ocr_line' id='line_1_46' title="bbox 337 584 551 638; baseline 0.009 -2"><span class='ocrx_word' id='word_1_236' title='bbox 337 622 342 625; x_wconf 91' lang='lat'>-</span> <span class='ocrx_word' id='word_1_237' title='bbox 354 584 551 638; x_wconf 75' lang='lat' dir='ltr'>Tertia.</span> 
     </span>
    </p>
   </div>
   <div class='ocr_carea' id='block_1_5' title="bbox 323 1265 582 1394">
    <p class='ocr_par' dir='ltr' id='par_1_10' title="bbox 323 1265 582 1394">
     <span class='ocr_line' id='line_1_47' title="bbox 323 1265 582 1330; baseline -0.004 -13"><span class='ocrx_word' id='word_1_238' title='bbox 323 1268 479 1330; x_wconf 80' lang='lat' dir='ltr'>Resp.</span> <span class='ocrx_word' id='word_1_239' title='bbox 516 1265 582 1317; x_wconf 78' lang='lat' dir='ltr'>ad</span> 
     </span>
     <span class='ocr_line' id='line_1_48' title="bbox 359 1329 548 1394; baseline 0.005 -14"><span class='ocrx_word' id='word_1_240' title='bbox 359 1343 468 1394; x_wconf 79' lang='lat' dir='ltr'>arg.</span> <span class='ocrx_word' id='word_1_241' title='bbox 503 1329 548 1381; x_wconf 84' lang='lat'>1.</span> 
     </span>
    </p>
   </div>
   <div class='ocr_carea' id='block_1_6' title="bbox 2014 392 2426 466">
    <p class='ocr_par' dir='ltr' id='par_1_11' title="bbox 2014 392 2426 466">
     <span class='ocr_line' id='line_1_49' title="bbox 2014 392 2426 466; baseline 0.01 -5"><span class='ocrx_word' id='word_1_242' title='bbox 2014 392 2257 463; x_wconf 86' lang='lat' dir='ltr'>LIBRI</span> <span class='ocrx_word' id='word_1_243' title='bbox 2303 395 2426 466; x_wconf 87' lang='grc' dir='ltr'><strong>ΙΙΙ.</strong></span> 
     </span>
    </p>
   </div>
   <div class='ocr_carea' id='block_1_7' title="bbox 2305 568 4170 1000">
    <p class='ocr_par' dir='ltr' id='par_1_12' title="bbox 2305 568 4170 1000">
     <span class='ocr_line' id='line_1_50' title="bbox 2401 568 4170 672; baseline -0.004 -26"><span class='ocrx_word' id='word_1_244' title='bbox 2401 572 2514 646; x_wconf 90' lang='lat' dir='ltr'>Ad</span> <span class='ocrx_word' id='word_1_245' title='bbox 2582 572 2819 667; x_wconf 89' lang='lat' dir='ltr'>aliud,</span> <span class='ocrx_word' id='word_1_246' title='bbox 2921 574 3251 672; x_wconf 88' lang='lat' dir='ltr'>majores</span> <span class='ocrx_word' id='word_1_247' title='bbox 3331 571 3409 646; x_wconf 91' lang='lat' dir='ltr'>in</span> <span class='ocrx_word' id='word_1_248' title='bbox 3505 568 3846 647; x_wconf 89' lang='lat' dir='ltr'>Ecclesia</span> <span class='ocrx_word' id='word_1_249' title='bbox 3925 590 4170 641; x_wconf 64' lang='lat' dir='ltr'>Admetu-</span> 
     </span>
     <span class='ocr_line' id='line_1_51' title="bbox 2306 668 4085 790; baseline 0 -28"><span class='ocrx_word' id='word_1_250' title='bbox 2306 689 2649 785; x_wconf 81' lang='lat' dir='ltr'>obligant</span> <span class='ocrx_word' id='word_1_251' title='bbox 2705 713 2785 765; x_wconf 91' lang='lat' dir='ltr'>se</span> <span class='ocrx_word' id='word_1_252' title='bbox 2826 691 2921 765; x_wconf 88' lang='lat' dir='ltr'>ad</span> <span class='ocrx_word' id='word_1_253' title='bbox 2979 692 3206 790; x_wconf 91' lang='lat' dir='ltr'>plura</span> <span class='ocrx_word' id='word_1_254' title='bbox 3262 714 3353 765; x_wconf 86' lang='lat' dir='ltr'>ex</span> <span class='ocrx_word' id='word_1_255' title='bbox 3413 691 3583 776; x_wconf 93' lang='lat' dir='ltr'>hoc,</span> <span class='ocrx_word' id='word_1_256' title='bbox 3639 689 3843 787; x_wconf 92' lang='lat' dir='ltr'>quod</span> <span class='ocrx_word' id='word_1_257' title='bbox 3979 668 4085 705; x_wconf 64' lang='lat' dir='ltr'>‘m&#39;</span> 
     </span>
     <span class='ocr_line' id='line_1_52' title="bbox 2306 805 3848 903; baseline -0.001 -24"><span class='ocrx_word' id='word_1_258' title='bbox 2306 805 2692 903; x_wconf 86' lang='lat' dir='ltr'>accipiunt</span> <span class='ocrx_word' id='word_1_259' title='bbox 2742 806 2886 881; x_wconf 89' lang='lat' dir='ltr'>sibi</span> <span class='ocrx_word' id='word_1_260' title='bbox 2957 817 3237 883; x_wconf 88' lang='lat' dir='ltr'>statum</span> <span class='ocrx_word' id='word_1_261' title='bbox 3306 805 3498 881; x_wconf 89' lang='lat' dir='ltr'>alios</span> <span class='ocrx_word' id='word_1_262' title='bbox 3557 806 3848 880; x_wconf 91' lang='lat' dir='ltr'>illumi-</span> 
     </span>
     <span class='ocr_line' id='line_1_53' title="bbox 2305 925 2926 1000; baseline 0.002 -3"><span class='ocrx_word' id='word_1_263' title='bbox 2305 948 2490 999; x_wconf 84' lang='lat' dir='ltr'>nare</span> <span class='ocrx_word' id='word_1_264' title='bbox 2522 935 2595 999; x_wconf 92' lang='lat' dir='ltr'>et</span> <span class='ocrx_word' id='word_1_265' title='bbox 2626 925 2926 1000; x_wconf 88' lang='lat' dir='ltr'>docere.</span> 
     </span>
    </p>
   </div>
   <div class='ocr_carea' id='block_1_8' title="bbox 2829 1238 3291 1296">
    <p class='ocr_par' dir='ltr' id='par_1_13' title="bbox 2829 1238 3291 1296">
     <span class='ocr_line' id='line_1_54' title="bbox 2829 1238 3291 1296; baseline -0.004 -2"><span class='ocrx_word' id='word_1_266' title='bbox 2829 1238 3186 1296; x_wconf 79' lang='lat' dir='ltr'>SCHOLIUM</span> <span class='ocrx_word' id='word_1_267' title='bbox 3222 1239 3291 1294; x_wconf 89' lang='lat'>11.</span> 
     </span>
    </p>
   </div>
   <div class='ocr_carea' id='block_1_9' title="bbox 2293 1374 3854 2817">
    <p class='ocr_par' dir='ltr' id='par_1_14' title="bbox 2293 1374 3854 2817">
     <span class='ocr_line' id='line_1_55' title="bbox 2375 1374 3852 1461; baseline -0.004 -14"><span class='ocrx_word' id='word_1_268' title='bbox 2375 1391 2544 1447; x_wconf 83' lang='lat' dir='ltr'>Fides</span> <span class='ocrx_word' id='word_1_269' title='bbox 2579 1389 2859 1461; x_wconf 81' lang='lat' dir='ltr'>implicita</span> <span class='ocrx_word' id='word_1_270' title='bbox 2891 1389 3104 1445; x_wconf 78' lang='lat' dir='ltr'>Christi</span> <span class='ocrx_word' id='word_1_271' title='bbox 3156 1387 3263 1444; x_wconf 80' lang='lat' dir='ltr'>fuit</span> <span class='ocrx_word' id='word_1_272' title='bbox 3315 1383 3643 1440; x_wconf 78' lang='lat' dir='ltr'>necessaria</span> <span class='ocrx_word' id='word_1_273' title='bbox 3691 1374 3852 1441; x_wconf 80' lang='lat' dir='ltr'>omni</span> 
     </span>
     <span class='ocr_line' id='line_1_56' title="bbox 2302 1477 3853 1554; baseline -0.003 -19"><span class='ocrx_word' id='word_1_274' title='bbox 2302 1485 2584 1554; x_wconf 80' lang='lat' dir='ltr'>ternpore,</span> <span class='ocrx_word' id='word_1_275' title='bbox 2622 1485 2745 1536; x_wconf 80' lang='lat' dir='ltr'>Act.</span> <span class='ocrx_word' id='word_1_276' title='bbox 2784 1482 2835 1535; x_wconf 77' lang='lat'>4.</span> <span class='ocrx_word' id='word_1_277' title='bbox 2870 1484 2978 1537; x_wconf 85' lang='lat' dir='ltr'>Nec</span> <span class='ocrx_word' id='word_1_278' title='bbox 3007 1478 3160 1535; x_wconf 79' lang='lat' dir='ltr'>enim</span> <span class='ocrx_word' id='word_1_279' title='bbox 3196 1477 3349 1532; x_wconf 74' lang='lat' dir='ltr'>aliud</span> <span class='ocrx_word' id='word_1_280' title='bbox 3386 1491 3581 1531; x_wconf 81' lang='lat' dir='ltr'>nomen</span> <span class='ocrx_word' id='word_1_281' title='bbox 3623 1482 3706 1531; x_wconf 76' lang='lat' dir='ltr'>est</span> <span class='ocrx_word' id='word_1_282' title='bbox 3754 1477 3853 1531; x_wconf 77' lang='lat' dir='ltr'>sub</span> 
     </span>
     <span class='ocr_line' id='line_1_57' title="bbox 2299 1566 3854 1651; baseline -0.005 -23"><span class='ocrx_word' id='word_1_283' title='bbox 2299 1571 2431 1651; x_wconf 57' lang='lat' dir='ltr'>coelo</span> <span class='ocrx_word' id='word_1_284' title='bbox 2459 1571 2650 1626; x_wconf 78' lang='lat' dir='ltr'>datum</span> <span class='ocrx_word' id='word_1_285' title='bbox 2684 1570 3022 1635; x_wconf 71' lang='lat' dir='ltr'>hominibus,</span> <span class='ocrx_word' id='word_1_286' title='bbox 3045 1571 3105 1624; x_wconf 80' lang='lat' dir='ltr'>in</span> <span class='ocrx_word' id='word_1_287' title='bbox 3136 1583 3238 1640; x_wconf 83' lang='lat' dir='ltr'>quo</span> <span class='ocrx_word' id='word_1_288' title='bbox 3268 1570 3517 1638; x_wconf 79' lang='lat' dir='ltr'>oporteat</span> <span class='ocrx_word' id='word_1_289' title='bbox 3548 1581 3647 1621; x_wconf 76' lang='lat' dir='ltr'>nos</span> <span class='ocrx_word' id='word_1_290' title='bbox 3675 1566 3854 1621; x_wconf 72' lang='lat' dir='ltr'>salvos</span> 
     </span>
     <span class='ocr_line' id='line_1_58' title="bbox 2301 1656 3853 1731; baseline -0.003 -14"><span class='ocrx_word' id='word_1_291' title='bbox 2301 1662 2446 1731; x_wconf 77' lang='lat' dir='ltr'>fieri.</span> <span class='ocrx_word' id='word_1_292' title='bbox 2481 1661 2581 1717; x_wconf 80' lang='lat' dir='ltr'>Est</span> <span class='ocrx_word' id='word_1_293' title='bbox 2609 1659 2959 1726; x_wconf 77' lang='lat' dir='ltr'>communie,</span> <span class='ocrx_word' id='word_1_294' title='bbox 2992 1666 3051 1714; x_wconf 84' lang='lat' dir='ltr'>et</span> <span class='ocrx_word' id='word_1_295' title='bbox 3080 1657 3324 1712; x_wconf 75' lang='lat' dir='ltr'>babetur</span> <span class='ocrx_word' id='word_1_296' title='bbox 3348 1671 3416 1710; x_wconf 82' lang='lat' dir='ltr'>ex</span> <span class='ocrx_word' id='word_1_297' title='bbox 3447 1671 3571 1726; x_wconf 81' lang='lat' dir='ltr'>cap.</span> <span class='ocrx_word' id='word_1_298' title='bbox 3622 1656 3676 1710; x_wconf 89' lang='grc'>3.</span> <span class='ocrx_word' id='word_1_299' title='bbox 3711 1658 3765 1710; x_wconf 82' lang='grc'>4.</span> <span class='ocrx_word' id='word_1_300' title='bbox 3798 1662 3853 1712; x_wconf 82' lang='lat' dir='ltr'>et</span> 
     </span>
     <span class='ocr_line' id='line_1_59' title="bbox 2299 1743 3854 1806; baseline -0.003 -1"><span class='ocrx_word' id='word_1_301' title='bbox 2299 1751 2353 1805; x_wconf 88' lang='grc'>5.</span> <span class='ocrx_word' id='word_1_302' title='bbox 2389 1750 2459 1805; x_wconf 78' lang='lat' dir='ltr'>ad</span> <span class='ocrx_word' id='word_1_303' title='bbox 2494 1754 2738 1806; x_wconf 78' lang='lat' dir='ltr'>Roman.</span> <span class='ocrx_word' id='word_1_304' title='bbox 2773 1750 2841 1805; x_wconf 79' lang='lat' dir='ltr'>ad</span> <span class='ocrx_word' id='word_1_305' title='bbox 2876 1747 3057 1804; x_wconf 73' lang='lat' dir='ltr'>Galat.</span> <span class='ocrx_word' id='word_1_306' title='bbox 3086 1747 3140 1801; x_wconf 83' lang='lat'>2.</span> <span class='ocrx_word' id='word_1_307' title='bbox 3174 1752 3230 1802; x_wconf 89' lang='lat' dir='ltr'>et</span> <span class='ocrx_word' id='word_1_308' title='bbox 3261 1763 3300 1800; x_wconf 92' lang='lat'>1.</span> <span class='ocrx_word' id='word_1_309' title='bbox 3333 1743 3601 1800; x_wconf 80' lang='lat' dir='ltr'>Corinth.</span> <span class='ocrx_word' id='word_1_310' title='bbox 3657 1746 3743 1801; x_wconf 87' lang='grc'>10.</span> <span class='ocrx_word' id='word_1_311' title='bbox 3784 1746 3854 1800; x_wconf 81' lang='lat' dir='ltr'>At</span> 
     </span>
     <span class='ocr_line' id='line_1_60' title="bbox 2300 1834 3853 1912; baseline -0.003 -16"><span class='ocrx_word' id='word_1_312' title='bbox 2300 1840 2444 1896; x_wconf 84' lang='lat' dir='ltr'>fides</span> <span class='ocrx_word' id='word_1_313' title='bbox 2474 1841 2745 1912; x_wconf 79' lang='lat' dir='ltr'>explicita</span> <span class='ocrx_word' id='word_1_314' title='bbox 2767 1839 2979 1895; x_wconf 82' lang='lat' dir='ltr'>Christi</span> <span class='ocrx_word' id='word_1_315' title='bbox 3014 1834 3149 1894; x_wconf 84' lang='lat' dir='ltr'>an&#39;te</span> <span class='ocrx_word' id='word_1_316' title='bbox 3181 1835 3555 1908; x_wconf 81' lang='lat' dir='ltr'>Evangelium</span> <span class='ocrx_word' id='word_1_317' title='bbox 3592 1852 3706 1891; x_wconf 92' lang='lat' dir='ltr'>non</span> <span class='ocrx_word' id='word_1_318' title='bbox 3743 1835 3853 1892; x_wconf 81' lang='lat' dir='ltr'>t&#39;uit</span> 
     </span>
     <span class='ocr_line' id='line_1_61' title="bbox 2299 1926 3847 2001; baseline -0.002 -16"><span class='ocrx_word' id='word_1_319' title='bbox 2299 1930 2670 1998; x_wconf 78' lang='lat' dir='ltr'>necessaria;</span> <span class='ocrx_word' id='word_1_320' title='bbox 2708 1932 2957 2001; x_wconf 78' lang='lat' dir='ltr'>August.</span> <span class='ocrx_word' id='word_1_321' title='bbox 2993 1930 3074 1983; x_wconf 88' lang='lat'>19.</span> <span class='ocrx_word' id='word_1_322' title='bbox 3113 1935 3313 1983; x_wconf 78' lang='lat' dir='ltr'>contra</span> <span class='ocrx_word' id='word_1_323' title='bbox 3359 1926 3551 1981; x_wconf 79' lang='lat' dir='ltr'>Faust.</span> <span class='ocrx_word' id='word_1_324' title='bbox 3596 1942 3724 1996; x_wconf 83' lang='lat' dir='ltr'>cap.</span> <span class='ocrx_word' id='word_1_325' title='bbox 3761 1927 3847 1982; x_wconf 73' lang='lat'>1⁴.</span> 
     </span>
     <span class='ocr_line' id='line_1_62' title="bbox 2298 2014 3846 2091; baseline -0.003 -17"><span class='ocrx_word' id='word_1_326' title='bbox 2298 2019 2411 2074; x_wconf 82' lang='lat' dir='ltr'>suit</span> <span class='ocrx_word' id='word_1_327' title='bbox 2471 2023 2667 2074; x_wconf 78' lang='lat' dir='ltr'>tamen</span> <span class='ocrx_word' id='word_1_328' title='bbox 2730 2026 2856 2091; x_wconf 86' lang='lat' dir='ltr'>post</span> <span class='ocrx_word' id='word_1_329' title='bbox 2914 2016 3210 2091; x_wconf 76' lang='lat' dir='ltr'>Evangelii</span> <span class='ocrx_word' id='word_1_330' title='bbox 3264 2014 3790 2087; x_wconf 83' lang='lat' dir='ltr'>promulgationem</span> <span class='ocrx_word' id='word_1_331' title='bbox 3834 2044 3846 2057; x_wconf 90' lang='lat'><strong>·</strong></span> 
     </span>
     <span class='ocr_line' id='line_1_63' title="bbox 2298 2105 3826 2180; baseline -0.003 -15"><span class='ocrx_word' id='word_1_332' title='bbox 2298 2118 2383 2166; x_wconf 85' lang='lat' dir='ltr'>est</span> <span class='ocrx_word' id='word_1_333' title='bbox 2417 2118 2613 2165; x_wconf 76' lang='lat' dir='ltr'>eontra</span> <span class='ocrx_word' id='word_1_334' title='bbox 2643 2109 2776 2164; x_wconf 84' lang='lat' dir='ltr'>Soto</span> <span class='ocrx_word' id='word_1_335' title='bbox 2806 2116 2859 2164; x_wconf 80' lang='lat' dir='ltr'>et</span> <span class='ocrx_word' id='word_1_336' title='bbox 2916 2106 3063 2180; x_wconf 85' lang='lat' dir='ltr'>Veg.</span> <span class='ocrx_word' id='word_1_337' title='bbox 3129 2105 3357 2173; x_wconf 71' lang='lat' dir='ltr'>eitat08,</span> <span class='ocrx_word' id='word_1_338' title='bbox 3416 2105 3516 2161; x_wconf 87' lang='lat' dir='ltr'>sed</span> <span class='ocrx_word' id='word_1_339' title='bbox 3581 2109 3739 2161; x_wconf 85' lang='lat' dir='ltr'>tenet</span> <span class='ocrx_word' id='word_1_340' title='bbox 3779 2110 3826 2161; x_wconf 89' lang='lat' dir='ltr'>D</span> 
     </span>
     <span class='ocr_line' id='line_1_64' title="bbox 2295 2198 3850 2273; baseline -0.001 -19"><span class='ocrx_word' id='word_1_341' title='bbox 2295 2202 2493 2259; x_wconf 88' lang='lat' dir='ltr'>Thom.</span> <span class='ocrx_word' id='word_1_342' title='bbox 2526 2202 2640 2267; x_wconf 80' lang='lat' dir='ltr'>hic,</span> <span class='ocrx_word' id='word_1_343' title='bbox 2670 2208 2861 2273; x_wconf 82' lang='lat' dir='ltr'>quaest</span> <span class='ocrx_word' id='word_1_344' title='bbox 2884 2204 2939 2255; x_wconf 83' lang='lat'>2.</span> <span class='ocrx_word' id='word_1_345' title='bbox 2978 2205 3097 2257; x_wconf 82' lang='lat' dir='ltr'>art.</span> <span class='ocrx_word' id='word_1_346' title='bbox 3133 2200 3193 2255; x_wconf 85' lang='lat'>2.</span> <span class='ocrx_word' id='word_1_347' title='bbox 3220 2198 3392 2255; x_wconf 77' lang='lat' dir='ltr'>Gabr.</span> <span class='ocrx_word' id='word_1_348' title='bbox 3426 2202 3636 2271; x_wconf 81' lang='lat' dir='ltr'>quaest.</span> <span class='ocrx_word' id='word_1_349' title='bbox 3673 2198 3850 2254; x_wconf 83' lang='lat' dir='ltr'>unica</span> 
     </span>
     <span class='ocr_line' id='line_1_65' title="bbox 2297 2287 3849 2362; baseline -0.003 -15"><span class='ocrx_word' id='word_1_350' title='bbox 2297 2297 2407 2347; x_wconf 84' lang='lat' dir='ltr'>art.</span> <span class='ocrx_word' id='word_1_351' title='bbox 2442 2295 2496 2347; x_wconf 85' lang='lat'>2.</span> <span class='ocrx_word' id='word_1_352' title='bbox 2550 2291 2662 2347; x_wconf 90' lang='lat' dir='ltr'>Sed</span> <span class='ocrx_word' id='word_1_353' title='bbox 2698 2289 2863 2346; x_wconf 90' lang='lat' dir='ltr'>multi</span> <span class='ocrx_word' id='word_1_354' title='bbox 2899 2294 3105 2361; x_wconf 81' lang='lat' dir='ltr'>putant</span> <span class='ocrx_word' id='word_1_355' title='bbox 3164 2289 3287 2362; x_wconf 90' lang='lat' dir='ltr'>(ubi</span> <span class='ocrx_word' id='word_1_356' title='bbox 3350 2294 3441 2345; x_wconf 78' lang='lat' dir='ltr'>est</span> <span class='ocrx_word' id='word_1_357' title='bbox 3496 2287 3849 2344; x_wconf 77' lang='lat' dir='ltr'>invincibilis</span> 
     </span>
     <span class='ocr_line' id='line_1_66' title="bbox 2295 2378 3845 2454; baseline -0.003 -16"><span class='ocrx_word' id='word_1_358' title='bbox 2295 2382 2644 2454; x_wconf 84' lang='lat' dir='ltr'>ignorantia)</span> <span class='ocrx_word' id='word_1_359' title='bbox 2677 2381 2944 2437; x_wconf 75' lang='lat' dir='ltr'>sufficere</span> <span class='ocrx_word' id='word_1_360' title='bbox 2991 2380 3164 2436; x_wconf 81' lang='lat' dir='ltr'>fldem</span> <span class='ocrx_word' id='word_1_361' title='bbox 3220 2379 3432 2435; x_wconf 86' lang='lat' dir='ltr'>Christi</span> <span class='ocrx_word' id='word_1_362' title='bbox 3482 2378 3845 2453; x_wconf 83' lang='lat' dir='ltr'>implicitam,</span> 
     </span>
     <span class='ocr_line' id='line_1_67' title="bbox 2297 2468 3846 2545; baseline -0.002 -18"><span class='ocrx_word' id='word_1_363' title='bbox 2297 2490 2397 2545; x_wconf 93' lang='lat' dir='ltr'>pro</span> <span class='ocrx_word' id='word_1_364' title='bbox 2428 2488 2543 2543; x_wconf 89' lang='lat' dir='ltr'>quo</span> <span class='ocrx_word' id='word_1_365' title='bbox 2576 2470 2770 2542; x_wconf 80' lang='lat' dir='ltr'>plures</span> <span class='ocrx_word' id='word_1_366' title='bbox 2801 2470 2970 2526; x_wconf 78' lang='lat' dir='ltr'>citavi</span> <span class='ocrx_word' id='word_1_367' title='bbox 3017 2469 3075 2523; x_wconf 89' lang='lat' dir='ltr'>in</span> <span class='ocrx_word' id='word_1_368' title='bbox 3128 2468 3310 2526; x_wconf 81' lang='lat' dir='ltr'>Oxou.</span> <span class='ocrx_word' id='word_1_369' title='bbox 3357 2469 3414 2524; x_wconf 88' lang='lat' dir='ltr'>in</span> <span class='ocrx_word' id='word_1_370' title='bbox 3469 2468 3704 2525; x_wconf 84' lang='lat' dir='ltr'>Scholio</span> <span class='ocrx_word' id='word_1_371' title='bbox 3753 2469 3846 2524; x_wconf 72' lang='lat' dir='ltr'>bic</span> 
     </span>
     <span class='ocr_line' id='line_1_68' title="bbox 2296 2559 3844 2632; baseline -0.003 -12"><span class='ocrx_word' id='word_1_372' title='bbox 2296 2581 2453 2620; x_wconf 89' lang='lat' dir='ltr'>num.</span> <span class='ocrx_word' id='word_1_373' title='bbox 2484 2564 2537 2619; x_wconf 91' lang='lat'>9.</span> <span class='ocrx_word' id='word_1_374' title='bbox 2585 2564 2788 2620; x_wconf 84' lang='lat' dir='ltr'>Doctor</span> <span class='ocrx_word' id='word_1_375' title='bbox 2815 2559 3066 2632; x_wconf 81' lang='lat' dir='ltr'>explicat</span> <span class='ocrx_word' id='word_1_376' title='bbox 3108 2578 3221 2617; x_wconf 92' lang='lat' dir='ltr'>non</span> <span class='ocrx_word' id='word_1_377' title='bbox 3274 2576 3405 2616; x_wconf 82' lang='lat' dir='ltr'>esse</span> <span class='ocrx_word' id='word_1_378' title='bbox 3448 2561 3602 2616; x_wconf 85' lang='lat' dir='ltr'>idem</span> <span class='ocrx_word' id='word_1_379' title='bbox 3653 2559 3844 2616; x_wconf 86' lang='lat' dir='ltr'>credi·</span> 
     </span>
     <span class='ocr_line' id='line_1_69' title="bbox 2293 2651 3842 2718; baseline -0.003 -7"><span class='ocrx_word' id='word_1_380' title='bbox 2293 2655 2411 2711; x_wconf 86' lang='lat' dir='ltr'>bile</span> <span class='ocrx_word' id='word_1_381' title='bbox 2442 2672 2455 2710; x_wconf 92' lang='lat'><strong>:</strong></span> <span class='ocrx_word' id='word_1_382' title='bbox 2492 2655 2735 2711; x_wconf 79' lang='lat' dir='ltr'>Christus</span> <span class='ocrx_word' id='word_1_383' title='bbox 2761 2658 3037 2718; x_wconf 80' lang='lat' dir='ltr'>nascetur,</span> <span class='ocrx_word' id='word_1_384' title='bbox 3071 2656 3128 2707; x_wconf 86' lang='lat' dir='ltr'>et</span> <span class='ocrx_word' id='word_1_385' title='bbox 3171 2651 3424 2707; x_wconf 75' lang='lat' dir='ltr'>Christus</span> <span class='ocrx_word' id='word_1_386' title='bbox 3454 2658 3623 2708; x_wconf 75' lang='lat' dir='ltr'>notus</span> <span class='ocrx_word' id='word_1_387' title='bbox 3653 2657 3749 2718; x_wconf 68' lang='lat' dir='ltr'>est,</span> <span class='ocrx_word' id='word_1_388' title='bbox 3782 2656 3842 2707; x_wconf 81' lang='lat' dir='ltr'>et</span> 
     </span>
     <span class='ocr_line' id='line_1_70' title="bbox 2293 2741 3513 2817; baseline 0.001 -19"><span class='ocrx_word' id='word_1_389' title='bbox 2293 2744 2586 2817; x_wconf 90' lang='lat' dir='ltr'>quomodo</span> <span class='ocrx_word' id='word_1_390' title='bbox 2618 2744 2725 2798; x_wconf 84' lang='lat' dir='ltr'>ista</span> <span class='ocrx_word' id='word_1_391' title='bbox 2756 2741 3137 2799; x_wconf 79' lang='lat' dir='ltr'>materialiler</span> <span class='ocrx_word' id='word_1_392' title='bbox 3167 2746 3305 2797; x_wconf 82' lang='lat' dir='ltr'>sunt</span> <span class='ocrx_word' id='word_1_393' title='bbox 3339 2741 3513 2799; x_wconf 88' lang='lat' dir='ltr'>idem.</span> 
     </span>
    </p>
   </div>
   <div class='ocr_carea' id='block_1_10' title="bbox 2291 2903 4158 3605">
    <p class='ocr_par' dir='ltr' id='par_1_15' title="bbox 2291 2903 4158 3605">
     <span class='ocr_line' id='line_1_71' title="bbox 2389 2903 4052 3014; baseline -0.003 -20"><span class='ocrx_word' id='word_1_394' title='bbox 2389 2920 2539 2994; x_wconf 86' lang='lat' dir='ltr'>Sed</span> <span class='ocrx_word' id='word_1_395' title='bbox 2592 2919 3154 2993; x_wconf 85' lang='lat' dir='ltr'>tenebanturne</span> <span class='ocrx_word' id='word_1_396' title='bbox 3219 2916 3516 3014; x_wconf 89' lang='lat' dir='ltr'>antiqui</span> <span class='ocrx_word' id='word_1_397' title='bbox 3545 2917 3828 2991; x_wconf 89' lang='lat' dir='ltr'>habere</span> <span class='ocrx_word' id='word_1_398' title='bbox 3980 2903 4052 2972; x_wconf 79' lang='lat'>7·</span> 
     </span>
     <span class='ocr_line' id='line_1_72' title="bbox 2292 3032 3831 3130; baseline -0.003 -19"><span class='ocrx_word' id='word_1_399' title='bbox 2292 3036 2521 3112; x_wconf 87' lang='lat' dir='ltr'>fidem</span> <span class='ocrx_word' id='word_1_400' title='bbox 2600 3036 2802 3111; x_wconf 89' lang='lat' dir='ltr'>circa</span> <span class='ocrx_word' id='word_1_401' title='bbox 2883 3035 3025 3110; x_wconf 89' lang='lat' dir='ltr'>ista</span> <span class='ocrx_word' id='word_1_402' title='bbox 3070 3035 3110 3107; x_wconf 72' lang='lat'>‘2</span> <span class='ocrx_word' id='word_1_403' title='bbox 3184 3033 3385 3107; x_wconf 86' lang='lat' dir='ltr'>Dicit</span> <span class='ocrx_word' id='word_1_404' title='bbox 3461 3032 3831 3130; x_wconf 84' lang='lat' dir='ltr'>Magister</span> 
     </span>
     <span class='ocr_line' id='line_1_73' title="bbox 2293 3152 3832 3255; baseline -0.002 -24"><span class='ocrx_word' id='word_1_405' title='bbox 2293 3157 2682 3255; x_wconf 89' lang='lat' dir='ltr'>quodnon</span> <span class='ocrx_word' id='word_1_406' title='bbox 2724 3155 2862 3231; x_wconf 85' lang='lat' dir='ltr'>fuit</span> <span class='ocrx_word' id='word_1_407' title='bbox 2930 3178 3271 3253; x_wconf 91' lang='lat' dir='ltr'>unquam</span> <span class='ocrx_word' id='word_1_408' title='bbox 3332 3152 3611 3250; x_wconf 89' lang='lat' dir='ltr'>aliquis</span> <span class='ocrx_word' id='word_1_409' title='bbox 3676 3154 3832 3228; x_wconf 90' lang='lat' dir='ltr'>sal-</span> 
     </span>
     <span class='ocr_line' id='line_1_74' title="bbox 2291 3271 3834 3369; baseline -0.003 -20"><span class='ocrx_word' id='word_1_410' title='bbox 2291 3299 2463 3368; x_wconf 90' lang='lat' dir='ltr'>vus,</span> <span class='ocrx_word' id='word_1_411' title='bbox 2510 3273 2657 3348; x_wconf 92' lang='lat' dir='ltr'>nisi</span> <span class='ocrx_word' id='word_1_412' title='bbox 2691 3274 2765 3347; x_wconf 91' lang='lat' dir='ltr'>in</span> <span class='ocrx_word' id='word_1_413' title='bbox 2814 3273 2963 3348; x_wconf 84' lang='lat' dir='ltr'>fide</span> <span class='ocrx_word' id='word_1_414' title='bbox 3025 3271 3493 3364; x_wconf 89' lang='lat' dir='ltr'>mediatoris,</span> <span class='ocrx_word' id='word_1_415' title='bbox 3556 3272 3686 3369; x_wconf 93' lang='lat' dir='ltr'>qui</span> <span class='ocrx_word' id='word_1_416' title='bbox 3721 3282 3834 3347; x_wconf 91' lang='lat' dir='ltr'>est</span> 
     </span>
     <span class='ocr_line' id='line_1_75' title="bbox 2293 3389 3835 3489; baseline -0.001 -24"><span class='ocrx_word' id='word_1_417' title='bbox 2293 3399 2521 3489; x_wconf 90' lang='lat' dir='ltr'>caput</span> <span class='ocrx_word' id='word_1_418' title='bbox 2576 3389 2963 3479; x_wconf 65' lang='lat' dir='ltr'>Ecclesiae,</span> <span class='ocrx_word' id='word_1_419' title='bbox 3027 3397 3100 3463; x_wconf 90' lang='lat' dir='ltr'>et</span> <span class='ocrx_word' id='word_1_420' title='bbox 3177 3389 3439 3462; x_wconf 89' lang='lat' dir='ltr'>nullus</span> <span class='ocrx_word' id='word_1_421' title='bbox 3492 3390 3835 3464; x_wconf 87' lang='lat' dir='ltr'>salvatur</span> 
     </span>
     <span class='ocr_line' id='line_1_76' title="bbox 2294 3504 4158 3605; baseline 0 -23"><span class='ocrx_word' id='word_1_422' title='bbox 2294 3507 2460 3583; x_wconf 89' lang='lat' dir='ltr'>sine</span> <span class='ocrx_word' id='word_1_423' title='bbox 2493 3507 2763 3605; x_wconf 86' lang='lat' dir='ltr'>capite.</span> <span class='ocrx_word' id='word_1_424' title='bbox 2838 3506 2985 3580; x_wconf 90' lang='lat' dir='ltr'>Sed</span> <span class='ocrx_word' id='word_1_425' title='bbox 3051 3505 3193 3579; x_wconf 87' lang='lat' dir='ltr'>ista</span> <span class='ocrx_word' id='word_1_426' title='bbox 3268 3504 3681 3581; x_wconf 90' lang='lat' dir='ltr'>credulitas</span> <span class='ocrx_word' id='word_1_427' title='bbox 3739 3507 3830 3582; x_wconf 93' lang='lat' dir='ltr'>de</span> <span class='ocrx_word' id='word_1_428' title='bbox 3863 3530 4020 3581; x_wconf 70' lang='lat' dir='ltr'>Fides</span> <span class='ocrx_word' id='word_1_429' title='bbox 4049 3546 4158 3582; x_wconf 74' lang='lat' dir='ltr'>me-</span> 
     </span>
    </p>
   </div>
   <div class='ocr_carea' id='block_1_11' title="bbox 2296 3595 4161 3722">
    <p class='ocr_par' dir='ltr' id='par_1_16' title="bbox 2296 3595 4161 3722">
     <span class='ocr_line' id='line_1_77' title="bbox 2296 3595 4161 3722; baseline 0.004 -23"><span class='ocrx_word' id='word_1_430' title='bbox 2296 3625 2710 3700; x_wconf 88' lang='lat' dir='ltr'>mediatore</span> <span class='ocrx_word' id='word_1_431' title='bbox 2746 3632 2993 3722; x_wconf 87' lang='lat' dir='ltr'>potest</span> <span class='ocrx_word' id='word_1_432' title='bbox 3045 3645 3212 3698; x_wconf 90' lang='lat' dir='ltr'>esse</span> <span class='ocrx_word' id='word_1_433' title='bbox 3264 3623 3618 3721; x_wconf 89' lang='lat' dir='ltr'>explicita</span> <span class='ocrx_word' id='word_1_434' title='bbox 3692 3624 3827 3719; x_wconf 91' lang='lat' dir='ltr'>sic,</span> <span class='ocrx_word' id='word_1_435' title='bbox 3893 3595 4161 3720; x_wconf 52' lang='lat' dir='ltr'>1332&amp;ss</span> 
     </span>
    </p>
   </div>
   <div class='ocr_carea' id='block_1_12' title="bbox 2290 3719 4195 5711">
    <p class='ocr_par' dir='ltr' id='par_1_17' title="bbox 2290 3719 4195 5711">
     <span class='ocr_line' id='line_1_78' title="bbox 2294 3719 4195 3843; baseline 0.001 -24"><span class='ocrx_word' id='word_1_436' title='bbox 2294 3745 2498 3843; x_wconf 88' lang='lat' dir='ltr'>quod</span> <span class='ocrx_word' id='word_1_437' title='bbox 2542 3745 2704 3842; x_wconf 91' lang='lat' dir='ltr'>ipse</span> <span class='ocrx_word' id='word_1_438' title='bbox 2746 3753 2860 3819; x_wconf 89' lang='lat' dir='ltr'>cst</span> <span class='ocrx_word' id='word_1_439' title='bbox 2898 3744 3109 3817; x_wconf 90' lang='lat' dir='ltr'>Deus</span> <span class='ocrx_word' id='word_1_440' title='bbox 3139 3751 3213 3817; x_wconf 88' lang='lat' dir='ltr'>et</span> <span class='ocrx_word' id='word_1_441' title='bbox 3245 3745 3501 3833; x_wconf 88' lang='lat' dir='ltr'>home,</span> <span class='ocrx_word' id='word_1_442' title='bbox 3549 3752 3622 3818; x_wconf 90' lang='lat' dir='ltr'>et</span> <span class='ocrx_word' id='word_1_443' title='bbox 3662 3745 3833 3820; x_wconf 86' lang='lat' dir='ltr'>talis</span> <span class='ocrx_word' id='word_1_444' title='bbox 3862 3719 4195 3834; x_wconf 52' lang='lat' dir='ltr'>ffiffifssffiss‘</span> 
     </span>
     <span class='ocr_line' id='line_1_79' title="bbox 2298 3845 4164 3962; baseline -0.001 -24"><span class='ocrx_word' id='word_1_445' title='bbox 2298 3886 2651 3962; x_wconf 87' lang='lat' dir='ltr'>persona,</span> <span class='ocrx_word' id='word_1_446' title='bbox 2698 3872 2771 3937; x_wconf 88' lang='lat' dir='ltr'>et</span> <span class='ocrx_word' id='word_1_447' title='bbox 2810 3862 2917 3936; x_wconf 89' lang='lat' dir='ltr'>sic</span> <span class='ocrx_word' id='word_1_448' title='bbox 2947 3871 3173 3935; x_wconf 88' lang='lat' dir='ltr'>natus</span> <span class='ocrx_word' id='word_1_449' title='bbox 3221 3869 3294 3935; x_wconf 87' lang='lat' dir='ltr'>et</span> <span class='ocrx_word' id='word_1_450' title='bbox 3337 3885 3636 3958; x_wconf 83' lang='lat' dir='ltr'>passuS,</span> <span class='ocrx_word' id='word_1_451' title='bbox 3684 3872 3827 3937; x_wconf 91' lang='lat' dir='ltr'>etc.</span> <span class='ocrx_word' id='word_1_452' title='bbox 3912 3845 4164 3960; x_wconf 52' lang='lat' dir='ltr'>Elim-&#39;‘f&#39;‘</span> 
     </span>
     <span class='ocr_line' id='line_1_80' title="bbox 2297 3978 3834 4077; baseline 0 -21"><span class='ocrx_word' id='word_1_453' title='bbox 2297 3991 2370 4056; x_wconf 90' lang='lat' dir='ltr'>et</span> <span class='ocrx_word' id='word_1_454' title='bbox 2409 3980 2517 4054; x_wconf 90' lang='lat' dir='ltr'>sic</span> <span class='ocrx_word' id='word_1_455' title='bbox 2550 3979 2858 4055; x_wconf 89' lang='lat' dir='ltr'>credere</span> <span class='ocrx_word' id='word_1_456' title='bbox 2891 3978 3243 4077; x_wconf 89' lang='lat' dir='ltr'>explicite</span> <span class='ocrx_word' id='word_1_457' title='bbox 3284 4002 3439 4052; x_wconf 89' lang='lat' dir='ltr'>non</span> <span class='ocrx_word' id='word_1_458' title='bbox 3497 3978 3637 4054; x_wconf 87' lang='lat' dir='ltr'>fuit</span> <span class='ocrx_word' id='word_1_459' title='bbox 3694 4004 3834 4056; x_wconf 90' lang='lat' dir='ltr'>ne-</span> 
     </span>
     <span class='ocr_line' id='line_1_81' title="bbox 2297 4098 3831 4195; baseline 0.001 -20"><span class='ocrx_word' id='word_1_460' title='bbox 2297 4099 2744 4188; x_wconf 90' lang='lat' dir='ltr'>cessarium,</span> <span class='ocrx_word' id='word_1_461' title='bbox 2837 4099 2968 4173; x_wconf 89' lang='lat' dir='ltr'>sed</span> <span class='ocrx_word' id='word_1_462' title='bbox 3074 4098 3438 4195; x_wconf 88' lang='lat' dir='ltr'>implicite</span> <span class='ocrx_word' id='word_1_463' title='bbox 3525 4100 3831 4176; x_wconf 89' lang='lat' dir='ltr'>credere</span> 
     </span>
     <span class='ocr_line' id='line_1_82' title="bbox 2297 4215 3836 4317; baseline 0.001 -25"><span class='ocrx_word' id='word_1_464' title='bbox 2297 4219 2501 4317; x_wconf 89' lang='lat' dir='ltr'>quod</span> <span class='ocrx_word' id='word_1_465' title='bbox 2571 4217 2850 4315; x_wconf 88' lang='lat' dir='ltr'>aliquis</span> <span class='ocrx_word' id='word_1_466' title='bbox 2936 4226 3049 4291; x_wconf 88' lang='lat' dir='ltr'>est</span> <span class='ocrx_word' id='word_1_467' title='bbox 3139 4215 3513 4290; x_wconf 86' lang='lat' dir='ltr'>mediator</span> <span class='ocrx_word' id='word_1_468' title='bbox 3597 4217 3836 4294; x_wconf 91' lang='lat' dir='ltr'>indis-</span> 
     </span>
     <span class='ocr_line' id='line_1_83' title="bbox 2295 4332 3834 4428; baseline 0 -19"><span class='ocrx_word' id='word_1_469' title='bbox 2295 4337 2558 4427; x_wconf 87' lang='lat' dir='ltr'>tincte,</span> <span class='ocrx_word' id='word_1_470' title='bbox 2604 4334 2764 4408; x_wconf 84' lang='lat' dir='ltr'>sive</span> <span class='ocrx_word' id='word_1_471' title='bbox 2794 4333 2890 4407; x_wconf 87' lang='lat' dir='ltr'>sit</span> <span class='ocrx_word' id='word_1_472' title='bbox 2924 4333 3182 4425; x_wconf 86' lang='lat' dir='ltr'>home,</span> <span class='ocrx_word' id='word_1_473' title='bbox 3229 4332 3391 4406; x_wconf 86' lang='lat' dir='ltr'>sive</span> <span class='ocrx_word' id='word_1_474' title='bbox 3432 4332 3668 4428; x_wconf 87' lang='lat' dir='ltr'>Deus,</span> <span class='ocrx_word' id='word_1_475' title='bbox 3713 4337 3834 4411; x_wconf 90' lang='lat' dir='ltr'>vel</span> 
     </span>
     <span class='ocr_line' id='line_1_84' title="bbox 2296 4449 3836 4548; baseline 0.001 -21"><span class='ocrx_word' id='word_1_476' title='bbox 2296 4453 2493 4528; x_wconf 86' lang='lat' dir='ltr'>alius</span> <span class='ocrx_word' id='word_1_477' title='bbox 2535 4451 2971 4548; x_wconf 89' lang='lat' dir='ltr'>quisquam.</span> <span class='ocrx_word' id='word_1_478' title='bbox 3011 4449 3453 4525; x_wconf 90' lang='lat' dir='ltr'>Secundum</span> <span class='ocrx_word' id='word_1_479' title='bbox 3498 4453 3641 4527; x_wconf 90' lang='lat' dir='ltr'>hoc</span> <span class='ocrx_word' id='word_1_480' title='bbox 3699 4477 3836 4528; x_wconf 90' lang='lat' dir='ltr'>ne-</span> 
     </span>
     <span class='ocr_line' id='line_1_85' title="bbox 2296 4566 3838 4663; baseline 0.002 -21"><span class='ocrx_word' id='word_1_481' title='bbox 2296 4567 2714 4643; x_wconf 88' lang='lat' dir='ltr'>cessarium</span> <span class='ocrx_word' id='word_1_482' title='bbox 2748 4566 2889 4640; x_wconf 85' lang='lat' dir='ltr'>fuit</span> <span class='ocrx_word' id='word_1_483' title='bbox 2946 4589 3251 4663; x_wconf 88' lang='lat' dir='ltr'>semper</span> <span class='ocrx_word' id='word_1_484' title='bbox 3299 4567 3610 4643; x_wconf 90' lang='lat' dir='ltr'>credere</span> <span class='ocrx_word' id='word_1_485' title='bbox 3670 4593 3838 4646; x_wconf 91' lang='lat' dir='ltr'>me-</span> 
     </span>
     <span class='ocr_line' id='line_1_86' title="bbox 2295 4682 3832 4777; baseline 0.003 -19"><span class='ocrx_word' id='word_1_486' title='bbox 2295 4685 2666 4759; x_wconf 90' lang='lat' dir='ltr'>diatorem</span> <span class='ocrx_word' id='word_1_487' title='bbox 2738 4682 3290 4777; x_wconf 84' lang='lat' dir='ltr'>necessarium,</span> <span class='ocrx_word' id='word_1_488' title='bbox 3354 4709 3507 4758; x_wconf 91' lang='lat' dir='ltr'>non</span> <span class='ocrx_word' id='word_1_489' title='bbox 3579 4695 3832 4762; x_wconf 89' lang='lat' dir='ltr'>autem</span> 
     </span>
     <span class='ocr_line' id='line_1_87' title="bbox 2294 4803 3835 4901; baseline 0.002 -24"><span class='ocrx_word' id='word_1_490' title='bbox 2294 4825 2470 4900; x_wconf 81' lang='lat' dir='ltr'>quae</span> <span class='ocrx_word' id='word_1_491' title='bbox 2503 4825 2833 4901; x_wconf 86' lang='lat' dir='ltr'>persona</span> <span class='ocrx_word' id='word_1_492' title='bbox 2860 4811 3085 4889; x_wconf 87' lang='lat' dir='ltr'>esset,</span> <span class='ocrx_word' id='word_1_493' title='bbox 3133 4825 3275 4876; x_wconf 90' lang='lat' dir='ltr'>nec</span> <span class='ocrx_word' id='word_1_494' title='bbox 3328 4803 3501 4900; x_wconf 83' lang='lat' dir='ltr'>quis</span> <span class='ocrx_word' id='word_1_495' title='bbox 3563 4806 3835 4881; x_wconf 92' lang='lat' dir='ltr'>modus</span> 
     </span>
     <span class='ocr_line' id='line_1_88' title="bbox 2294 4919 3833 5019; baseline 0.003 -25"><span class='ocrx_word' id='word_1_496' title='bbox 2294 4919 2862 5006; x_wconf 82' lang='lat' dir='ltr'>satisfaciendi3</span> <span class='ocrx_word' id='word_1_497' title='bbox 2927 4928 3000 4993; x_wconf 89' lang='lat' dir='ltr'>et</span> <span class='ocrx_word' id='word_1_498' title='bbox 3066 4920 3199 5016; x_wconf 91' lang='lat' dir='ltr'>qui</span> <span class='ocrx_word' id='word_1_499' title='bbox 3268 4930 3487 4994; x_wconf 88' lang='lat' dir='ltr'>erant</span> <span class='ocrx_word' id='word_1_500' title='bbox 3543 4922 3623 4995; x_wconf 90' lang='lat' dir='ltr'>in</span> <span class='ocrx_word' id='word_1_501' title='bbox 3665 4924 3833 5019; x_wconf 86' lang='lat' dir='ltr'>lege</span> 
     </span>
     <span class='ocr_line' id='line_1_89' title="bbox 2291 5035 3830 5132; baseline 0.002 -20"><span class='ocrx_word' id='word_1_502' title='bbox 2291 5038 2659 5131; x_wconf 87' lang='lat' dir='ltr'>Mosaica,</span> <span class='ocrx_word' id='word_1_503' title='bbox 2710 5035 2951 5132; x_wconf 82' lang='lat' dir='ltr'>magis</span> <span class='ocrx_word' id='word_1_504' title='bbox 3001 5036 3465 5111; x_wconf 86' lang='lat' dir='ltr'>tenebantur</span> <span class='ocrx_word' id='word_1_505' title='bbox 3521 5039 3830 5115; x_wconf 85' lang='lat' dir='ltr'>credere</span> 
     </span>
     <span class='ocr_line' id='line_1_90' title="bbox 2292 5154 3835 5255; baseline 0.002 -25"><span class='ocrx_word' id='word_1_506' title='bbox 2292 5179 2524 5254; x_wconf 91' lang='lat' dir='ltr'>quam</span> <span class='ocrx_word' id='word_1_507' title='bbox 2592 5154 3138 5255; x_wconf 84' lang='lat' dir='ltr'>praecedentes.</span> <span class='ocrx_word' id='word_1_508' title='bbox 3205 5156 3297 5228; x_wconf 86' lang='lat' dir='ltr'>Et</span> <span class='ocrx_word' id='word_1_509' title='bbox 3375 5157 3668 5255; x_wconf 91' lang='lat' dir='ltr'>antiqui</span> <span class='ocrx_word' id='word_1_510' title='bbox 3737 5168 3835 5234; x_wconf 87' lang='lat' dir='ltr'>te-</span> 
     </span>
     <span class='ocr_line' id='line_1_91' title="bbox 2293 5271 3831 5369; baseline 0.003 -25"><span class='ocrx_word' id='word_1_511' title='bbox 2293 5282 2574 5347; x_wconf 89' lang='lat' dir='ltr'>nentur</span> <span class='ocrx_word' id='word_1_512' title='bbox 2605 5272 2885 5346; x_wconf 85' lang='lat' dir='ltr'>habere</span> <span class='ocrx_word' id='word_1_513' title='bbox 2919 5278 3171 5344; x_wconf 88' lang='lat' dir='ltr'>actum</span> <span class='ocrx_word' id='word_1_514' title='bbox 3207 5271 3301 5344; x_wconf 90' lang='lat' dir='ltr'>ad</span> <span class='ocrx_word' id='word_1_515' title='bbox 3343 5294 3571 5369; x_wconf 90' lang='lat' dir='ltr'>quem</span> <span class='ocrx_word' id='word_1_516' title='bbox 3605 5274 3831 5348; x_wconf 79' lang='lat' dir='ltr'>incli-</span> 
     </span>
     <span class='ocr_line' id='line_1_92' title="bbox 2292 5385 3827 5484; baseline 0.001 -22"><span class='ocrx_word' id='word_1_517' title='bbox 2292 5399 2424 5462; x_wconf 90' lang='lat' dir='ltr'>nat</span> <span class='ocrx_word' id='word_1_518' title='bbox 2465 5387 2799 5480; x_wconf 84' lang='lat' dir='ltr'>habitus,</span> <span class='ocrx_word' id='word_1_519' title='bbox 2865 5395 2939 5460; x_wconf 87' lang='lat' dir='ltr'>et</span> <span class='ocrx_word' id='word_1_520' title='bbox 2991 5385 3121 5482; x_wconf 91' lang='lat' dir='ltr'>qui</span> <span class='ocrx_word' id='word_1_521' title='bbox 3192 5410 3327 5484; x_wconf 91' lang='lat' dir='ltr'>per</span> <span class='ocrx_word' id='word_1_522' title='bbox 3402 5388 3827 5464; x_wconf 90' lang='lat' dir='ltr'>doctrinam</span> 
     </span>
     <span class='ocr_line' id='line_1_93' title="bbox 2290 5502 3829 5602; baseline 0.002 -23"><span class='ocrx_word' id='word_1_523' title='bbox 2290 5505 2744 5602; x_wconf 89' lang='lat' dir='ltr'>exprimitur</span> <span class='ocrx_word' id='word_1_524' title='bbox 2783 5527 2827 5577; x_wconf 94' lang='lat' dir='ltr'>a</span> <span class='ocrx_word' id='word_1_525' title='bbox 2868 5502 3315 5597; x_wconf 86' lang='lat' dir='ltr'>majoribus,</span> <span class='ocrx_word' id='word_1_526' title='bbox 3371 5506 3500 5601; x_wconf 91' lang='lat' dir='ltr'>qui</span> <span class='ocrx_word' id='word_1_527' title='bbox 3546 5508 3829 5582; x_wconf 89' lang='lat' dir='ltr'>habent</span> 
     </span>
     <span class='ocr_line' id='line_1_94' title="bbox 2291 5614 3828 5711; baseline 0.004 -21"><span class='ocrx_word' id='word_1_528' title='bbox 2291 5617 2714 5691; x_wconf 88' lang='lat' dir='ltr'>doctrinam</span> <span class='ocrx_word' id='word_1_529' title='bbox 2749 5638 2793 5689; x_wconf 91' lang='lat' dir='ltr'>a</span> <span class='ocrx_word' id='word_1_530' title='bbox 2823 5614 2983 5688; x_wconf 89' lang='lat' dir='ltr'>Deo</span> <span class='ocrx_word' id='word_1_531' title='bbox 3017 5614 3453 5692; x_wconf 88' lang='lat' dir='ltr'>immediate</span> <span class='ocrx_word' id='word_1_532' title='bbox 3499 5618 3653 5694; x_wconf 87' lang='lat' dir='ltr'>fere</span> <span class='ocrx_word' id='word_1_533' title='bbox 3689 5647 3707 5711; x_wconf 74' lang='grc' dir='ltr'><strong>ς</strong></span> <span class='ocrx_word' id='word_1_534' title='bbox 3753 5630 3828 5696; x_wconf 89' lang='lat' dir='ltr'>et</span> 
     </span>
    </p>
   </div>
  </div>
 </body>
</html>
