4295 6326
1527 449 1754 521 ms‘r.
1803 416 2444 530 xv1.QuAEsT10
2496 452 2732 524 umc.
3600 455 3680 520 69

194 636 417 687 Potentia

190 698 383 761 <1091st
582 626 691 700 Ad
765 626 1121 725 primam,
1171 627 1340 701 dics)
1433 628 1636 724 quod
1684 625 2036 724 potentia

485 742 897 840 dupliciter
999 743 1395 841 accipitur.
1506 743 1675 817 Uno
1808 742 2033 816 modo

484 885 625 958 pro
666 862 1046 960 principio
1103 862 1328 954 entis,
1366 871 1439 933 et
1497 859 1605 933 sic
1670 860 2036 934 dividitur

488 978 565 1050 in
611 978 1072 1076 principium
1109 979 1444 1053 activum
1477 987 1549 1052 et
1608 977 2030 1075 passivum,

492 1102 573 1166 ut
615 1101 818 1190 patet
883 1094 953 1165 ὃ.
1008 1094 1445 1192 Metaplzys.
1514 1099 1697 1166 teoec.
1776 1092 1890 1162 17.
1964 1099 2038 1166 et

265 1221 331 1287 4.
487 1208 559 1280 9.
651 1215 834 1282 text.
909 1210 976 1280 2.
1051 1215 1123 1284 6ί
1197 1208 1266 1282 3.
1340 1208 1508 1283 Alio
1614 1207 1869 1300 mode,
1952 1214 2036 1281 ut

166 1328 827 1423 Potentia·etpolentia
902 1337 976 1402 et
1050 1332 1259 1402 actus
1335 1336 1516 1401 sunt
1581 1324 2032 1400 differentiae

207 1405 412 1526 qi1⁶a⁸1¹1²30
486 1443 712 1517 entis.
787 1444 1144 1518 Secundo
1243 1443 1465 1516 modo
1559 1442 1898 1540 potentia
1959 1451 2034 1517 et

164 1526 427 1640 'd‘ssorssi’
485 1570 704 1634 actus
731 1570 915 1634 sunt
955 1560 1300 1657 ejusdem
1343 1559 1624 1657 speciei
1692 1567 1766 1632 et
1827 1558 2032 1631 indi-

480 1676 722 1762 vidui,
763 1686 838 1752 et
900 1676 1100 1752 idern
1162 1699 1516 1770 numerO,
1574 1674 1757 1773 quia
1822 1675 2028 1772 quod

478 1795 695 1893 prius
728 1803 844 1869 est
882 1794 1248 1893 potentia,
1284 1803 1360 1868 et
1399 1817 1557 1868 esse
1616 1791 2023 1887 diminutO,

475 1922 748 2011 postea
830 1922 945 1987 est
1002 1912 1080 1985 in
1141 1920 1344 2005 actu,
1416 1921 1490 1985 et
1547 1910 1776 1985 habet
1869 1932 2028 1984 6336

474 2029 931 2128 simpliciter
973 2057 992 2123 ;
1043 2038 1118 2102 et
1171 2028 1280 2102 sic
1348 2026 1823 2124 accipiendo,
1880 2026 2027 2099 mi-

476 2171 620 2222 nor
647 2156 764 2222 est
795 2147 1008 2236 falsa,
1054 2145 1235 2243 quia
1277 2144 1619 2242 potentia
1660 2168 1808 2218 non
1884 2143 2026 2217 erit

473 2273 743 2362 postea
828 2272 1043 2337 36133
1105 2285 1347 2355 3333;
1394 2261 1527 2336 sed
1596 2269 1810 2335 actus
1895 2261 2024 2334 ille

473 2388 865 2472 63333133,
902 2401 1081 2477 quae
1113 2401 1323 2453 nunc
1378 2377 1608 2452 habet
1635 2401 1793 2451 6336
1836 2377 2025 2451 sim-

471 2496 804 2596 pliciter,
891 2495 1106 2593 prius
1174 2494 1315 2569 fuit
1372 2493 1446 2567 in
1508 2493 1868 2592 potentia,
1951 2501 2027 2568 et

472 2613 746 2688 habuit
772 2634 932 2686 6336
964 2611 1457 2685 diminutum.
1496 2610 1576 2684 Si
1606 2610 2024 2708 accipiatur

471 2730 547 2802 in
629 2729 928 2804 minore
1013 2735 1224 2804 actus
1325 2737 1399 2802 et
1459 2729 1810 2826 potentia
1885 2750 2021 2825 pro

471 2846 855 2945 principio
888 2846 1138 2921 activo
1171 2854 1245 2920 et
1302 2845 1636 2944 passive,
1672 2845 2023 2943 aequivo-

469 2964 667 3038 catio
745 2973 885 3038 est.
943 2963 1022 3038 Si
1084 2961 1502 3061 accipiatur
1560 2962 1638 3036 in
1700 2962 2015 3060 majore,

470 3080 678 3178 quod
725 3080 1070 3179 potentia
1098 3089 1172 3153 et
1209 3089 1425 3154 actus
1465 3089 1643 3154 sunt
1675 3079 2018 3177 ejusdem

474 3197 814 3294 generis,
858 3220 995 3295 pro
1045 3195 1423 3300 principio
1482 3196 1902 3294 operatiVO,
1948 3206 2024 3273 et

472 3338 610 3412 pro
647 3312 953 3407 effectu,
991 3313 1178 3387 falsa
1210 3323 1324 3386 est
1365 3313 1631 3409 major.
1678 3312 1758 3388 Si
1822 3313 2023 3388 acci-

473 3431 728 3528 piatur
788 3428 1255 3528 principium
1333 3430 1812 3527 operativum
1883 3454 2018 3527 pro

470 3546 853 3644 principio
924 3546 1259 3643 passive,
1332 3545 1561 3620 etiam
1641 3547 1829 3620 falsa
1876 3555 2014 3636 est,

470 3663 655 3760 quia
722 3684 1122 3758 nunquam
1181 3670 1296 3735 est
1354 3684 1667 3736 necesse
1735 3661 2023 3759 princi-

473 3781 685 3879 pium
720 3779 1200 3876 operativum
1245 3801 1413 3853 esse
1475 3777 1818 3875 ejusdem
1888 3802 2022 3876 ge-

476 3896 683 3972 neris
715 3919 887 3970 cum
914 3904 1255 3993 operam,
1303 3894 1483 3994 quia
1515 3919 1668 3969 non
1731 3904 1846 3971 est
1877 3898 2021 3970 hoc

473 4035 791 4087 necesse
925 4010 1307 4111 principio
1400 4010 1736 4109 passivo,
1842 4011 2025 4110 quia

474 4127 833 4203 accidens
927 4126 1364 4203 immediate
1480 4126 1843 4225 recipitur
1944 4128 2020 4202 in

477 4242 933 4334 substantia,
998 4245 1119 4317 vel
1215 4242 1359 4318 erit
1437 4265 1845 4341 processus
1943 4245 2017 4318 in

162 4385 449 4451 Principium
481 4359 898 4434 infinitum.
942 4360 1102 4435 Nec
1143 4360 1372 4458 etiam
1415 4369 1530 4435 est
1559 4362 1704 4435 hoc
1751 4385 2023 4436 verum

161 4456 434 4583 ῃέᾆᾌῖξο
480 4477 571 4551 (16
604 4475 983 4576 principio
1011 4476 1288 4568 actim,
1334 4475 1516 4574 quia
1581 4475 2026 4552 Aristoteles

208 4577 419 4699 ἓξὲξ
481 4595 661 4669 (11611
692 4595 761 4666 ’7.
822 4593 1165 4691 Μ6ίαρΙι.
1209 4599 1392 4669 teoet.
1439 4618 1604 4692 cap.
1650 4593 1770 4667 31.
1818 4595 2023 4693 quod

162 4703 437 4826 (Ἒρίξζᾞ
482 4711 584 4786 ad
615 4712 756 4786 leoc
824 4710 1028 4803 quod
1062 4708 1487 4784 substancia
1518 4708 1683 4807 siat,
1727 4735 2024 4786 necesse

482 4834 591 4901 est
616 4826 1123 4902 substantiam
1151 4827 1682 4923 praeeoeislere.
1711 4827 1845 4901 Ad
1883 4828 2023 4904 lzoc

477 4955 758 5038 tamen,
781 4943 988 5043 quod
1017 4940 1156 5039 fiat
1186 4944 1441 5039 quale,
1468 4942 2014 5040 velquantum,

477 5086 628 5136 non
658 5067 769 5136 est
842 5081 1146 5134 necesse.
1213 5057 1415 5155 quod
1484 5058 1709 5156 quale
1771 5083 2020 5156 praee-

475 5182 698 5255 xistat
733 5176 1175 5269 formaliter,
1211 5176 1341 5251 sed
1386 5184 1680 5249 tantum
1726 5177 2020 5252 virtua-

478 5299 667 5372 liter.
721 5293 1194 5391 Principium
1241 5291 1473 5389 igitur
1513 5292 1842 5367 activum
1889 5319 2016 5393 po-

475 5424 615 5489 test
653 5436 829 5489 esse
875 5410 1191 5485 alterius
1248 5409 1581 5507 generiS,
1621 5433 1846 5508 quam
1920 5413 2015 5486 sit

474 5543 897 5632 operatum.

568 5650 940 5725 Similiter
968 5647 1389 5723 secundum
1454 5647 1681 5722 istum
1731 5649 2010 5722 Docto-

2144 648 2334 719 rem,
2373 628 2616 724 major
2646 634 2786 701 sua
2826 639 2939 702 est
3000 629 3212 721 falsa,
3258 627 3679 702 secundum

2143 742 2372 816 istum
2444 743 2939 829 intellectum,
2973 744 3154 842 quia
3245 745 3404 841 ipse
3473 742 3688 840 ponit

2142 860 2346 955 quod
2451 859 2875 933 accidentia
2963 871 3144 934 sunt
3234 861 3308 934 in
3398 860 3680 952 anima,

2141 975 2340 1048 sicut
2374 975 2445 1046 in
2509 976 2887 1073 principio
2946 977 3359 1074 receptivO,
3397 986 3469 1050 et
3526 1001 3682 1050 non

2142 1099 2323 1163 sunt
2373 1090 2716 1185 ejusdem
2786 1092 3116 1187 generis.
3178 1091 3404 1164 Ponit
3457 1093 3683 1166 etiam

2142 1205 2345 1302 quod
2390 1203 2715 1278 effluunt
2746 1206 2838 1280 ab
2872 1207 3257 1298 essentia3
3304 1206 3535 1302 igitur
3575 1215 3688 1280 est

2141 1322 2602 1419 principium
2675 1323 3007 1397 activum
3120 1334 3466 1421 respectu
3545 1349 3686 1422 po-

2141 1440 2550 1514 tentiarum
2591 1468 2608 1533 3
2655 1439 2889 1537 igitur
2927 1441 3018 1515 de
3067 1452 3338 1516 neutro
3408 1442 3682 1539 princi-

2137 1555 2264 1654 pio
2307 1556 2699 1655 operativo
2758 1567 2872 1631 est
2950 1557 3191 1654 major
3255 1582 3395 1633 sua
3462 1582 3669 1652 vera,

2136 1672 2563 1746 secundum
2598 1672 3035 1771 ipsummet.

2231 1789 2343 1862 Ad
2404 1790 2638 1877 aliud,
2727 1813 2904 1864 cum
2979 1791 3324 1866 dicitur:
3396 1792 3674 1868 Anima

2132 1905 2563 1979 secundum
2668 1907 3079 1982 essentiam
3177 1917 3290 1982 est
3384 1916 3598 1983 actus
3651 1936 3670 2002 ;

2165 2023 2370 2119 gitur
2410 2024 2607 2098 sicut
2655 2032 2769 2098 est
2828 2023 3287 2122 principium
3336 2025 3671 2118 vivendi,

2132 2148 2248 2213 est
2288 2139 2751 2238 principium
2788 2141 3185 2239 operandi.
3224 2141 3508 2215 Verum
3541 2150 3675 2227 est,

2131 2277 2287 2327 uno
2336 2254 2558 2328 modo
2591 2254 2727 2342 sic,
2775 2263 2849 2329 et
2900 2255 3049 2329 alio
3110 2280 3263 2329 non
3314 2256 3449 2349 sic,
3496 2256 3678 2353 quia

2130 2381 2505 2466 quantum
2549 2372 2643 2446 ad
2692 2371 3344 2447 immediationem
3425 2373 3675 2451 simile

2130 2496 2271 2579 est,
2347 2496 2720 2583 quantum
2782 2488 2873 2562 ad
2973 2488 3207 2581 aliud,
3272 2488 3672 2584 dissimile,

2131 2604 2313 2703 quia
2367 2614 2483 2679 est
2540 2604 3008 2704 principium
3078 2606 3475 2704 operandi,
3519 2631 3675 2682 non

2128 2721 2575 2815 formaliter,
2662 2722 2796 2796 sed
2915 2721 3286 2817 effective,
3377 2723 3675 2800 dicente

2126 2837 2559 2928 Aristotele,
2606 2838 2677 2910 5.
2715 2838 3055 2937 Metaph.
3101 2840 3256 2915 Ars
3298 2846 3371 2915 et
3418 2840 3675 2937 aedifi-

2129 2959 2341 3028 cator
2378 2954 2482 3029 ad
2516 2955 2720 3029 idem
2750 2955 3235 3054 principium
3290 2953 3674 3032 reducun-

2128 3077 2279 3165 tur,
2365 3081 2715 3171 respectu
2811 3072 3307 3171 operationis,
3398 3084 3471 3148 et
3559 3083 3674 3149 est

2128 3189 2593 3288 principium
2628 3190 2939 3266 vivendi
2976 3191 3424 3267 formaliter.

2225 3306 2338 3381 Ad
2422 3307 2658 3401 aliud,
2749 3331 2924 3381 cum
3002 3308 3333 3402 additur,
3405 3309 3470 3384 si
3566 3332 3677 3384 se-

2127 3421 2465 3494 cundum
2512 3422 2926 3496 essentiam
2984 3431 3099 3496 est
3157 3433 3400 3516 actuS,
3444 3422 3677 3520 igitur

2132 3547 2214 3610 ut
2255 3537 2363 3612 sic
2432 3562 2586 3612 non
2665 3538 2907 3612 estin
2969 3539 3334 3636 potentia,
3404 3564 3676 3614 verum

2128 3661 2269 3739 est,
2327 3676 2479 3727 non
2543 3661 2658 3728 est
2709 3652 2784 3726 in
2849 3655 3189 3751 potentia
3262 3655 3669 3752 receptiva,

2130 3778 2377 3868 potest
2406 3780 2658 3845 tamen
2704 3761 2912 3845 bene
2961 3794 3128 3846 esse
3189 3771 3264 3844 in
3336 3772 3679 3870 potentia

2131 3886 2225 3959 ad
2268 3887 2599 3982 operari.
2648 3886 2869 3960 Unde
2913 3886 3103 3961 ratio
3155 3886 3299 3961 ista
3365 3889 3679 3985 aequali-

2130 4012 2246 4075 ter
2286 4012 2401 4077 est
2430 4012 2697 4077 contra
2746 4025 2904 4096 603,
2962 4003 3053 4077 (16
3113 4004 3450 4100 potentia
3518 4028 3679 4078 res-

2130 4126 2354 4216 pectu
2435 4128 2652 4193 actus
2702 4119 3013 4217 recepti,
3074 4119 3255 4217 quia
3305 4121 3671 4217 potentia,

2132 4257 2308 4332 quae
2403 4236 2683 4310 dicitur
2756 4236 3190 4311 intellectus
3258 4237 3672 4334 possibiliS,

2132 4361 2248 4428 est
2286 4352 2362 4426 in
2409 4354 2750 4451 potentia
2781 4362 3131 4451 respectu
3168 4363 3384 4427 actus
3409 4377 3676 4453 recep-

2132 4470 2214 4557 ti,
2256 4478 2330 4544 et
2370 4478 2624 4545 tamen
2669 4479 2785 4545 est
2837 4479 3052 4545 actus
3118 4469 3427 4557 animae,
3494 4472 3679 4569 quia

2132 4589 2491 4664 accidens
2532 4597 2646 4662 est
2677 4588 2873 4684 ejuS,
2910 4598 2984 4662 et
3051 4587 3480 4684 subjectum
3518 4592 3679 4664 uni-

2132 4705 2531 4781 versaliter
2600 4729 2736 4803 per
2812 4706 3126 4780 formam
3223 4707 3680 4783 substantia-

2134 4824 2279 4897 lem
2325 4833 2439 4898 est
2505 4823 2900 4921 proprium
2974 4824 3444 4920 receptivum
3499 4850 3677 4923 pas-

2133 4940 2400 5030 sioniS,
2438 4950 2511 5015 et
2556 4949 2803 5014 tamen
2853 4963 2987 5037 per
3029 4940 3348 5013 formam
3419 4945 3531 5015 631
3598 4945 3673 5018 13

2130 5069 2300 5132 3613
2342 5067 2691 5156 respectu
2752 5058 3009 5145 unius,
3057 5065 3130 5130 61
3197 5057 3271 5130 13
3337 5061 3679 5155 potentia

2131 5186 2482 5273 respectu
2523 5175 2841 5248 alterius
2884 5205 2898 5264 ;
2939 5174 3046 5248 sic
3089 5175 3276 5248 nihil
3323 5177 3677 5272 prohibe-

2126 5303 2240 5368 ret
2299 5292 2589 5390 aliquid
2662 5315 2831 5366 esse
2919 5291 2995 5364 in
3051 5300 3222 5364 actu
3320 5303 3665 5388 respectu

2125 5412 2387 5506 uniuS,
2417 5420 2492 5487 et
2531 5411 2607 5484 13
2670 5410 3012 5510 potentia
3063 5419 3415 5506 respectu
3495 5414 3672 5488 alte-

2123 5529 2309 5604 rius.

2221 5645 2447 5720 Dices
2486 5671 2499 5719 :
2549 5644 2988 5719 Intellectus
3020 5641 3223 5716 msslzil
3241 5648 3349 5715 est
3368 5664 3656 5742 eorum,
