4295 6326
673 382 799 446 126

1877 545 2210 620 activum

2047 662 2217 736 sine

320 577 612 641 Nunquam
672 551 876 648 quod
1009 550 1430 651 quodlibeta
1550 558 1750 623 esset

321 645 530 691 naturae
564 642 643 690 est
678 668 692 681 ·

352 702 610 766 ignobili·
674 692 749 741 1n
879 692 988 761 se,
1070 677 1144 742 et
1247 676 1541 740 tanturn
1674 662 1930 738 deficit

322 765 621 878 Ξὲξξῗξζῗξ
673 807 818 881 quo
897 807 1078 873 non,
1146 782 1354 879 quia,
1452 789 1534 854 ut
1603 780 1765 852 vult
1849 777 2215 852 Aristote-

323 890 623 941 necessita-

447 958 515 1004 te.
675 902 813 993 ¹08,
874 900 945 973 2·
1010 900 1101 973 de
1176 899 1453 973 Gener.
1511 896 1819 972 Natura
1916 916 2220 990 semper

672 1018 857 1116 aqit,
929 1015 1135 1115 quod
1187 1014 1462 1089 melius
1502 1020 1662 1106 6353
1713 1012 1912 1086 sicut
1986 1010 2219 1106 igitur

674 1157 1075 1231 nunquam
1155 1130 1707 1229 est‘ponenda
1817 1127 2218 1227 pluralitas

671 1250 836 1325 sine
908 1248 1388 1341 necessitate,
1461 1247 1569 1321 sic
1635 1268 2035 1343 nunquam
2104 1253 2220 1318 est

674 1378 949 1442 natura
1027 1364 1584 1462 ignobilitanda
1655 1362 1820 1437 sine
1881 1350 2220 1436 necessi-

672 1494 848 1559 tate.
906 1483 1051 1557 Sed
1117 1480 1528 1581 perfectius
1594 1489 1709 1554 est
1767 1476 2087 1575 aliquid,
2154 1475 2217 1550 si

667 1601 912 1676 estin
999 1597 1337 1697 potentia
1429 1595 1814 1693 receptiva
1889 1592 2219 1688 alicujus

668 1715 1187 1815 perfectionis,
1269 1713 1331 1788 si
1415 1712 1693 1787 habeat
1797 1709 2215 1808 potentiam

668 1834 996 1909 activam
1039 1840 1387 1929 respectu
1431 1828 1804 1925 ejusdem,
1851 1827 2021 1902 ideo
2075 1849 2218 1899 na-

667 1962 842 2025 tura
912 1947 1302 2048 supplevit
1388 1946 1796 2038 defectum,
1881 1954 1965 2017 ut
2065 1943 2218 2016 fre-

669 2075 1024 2166 quenter,
1108 2063 1237 2139 ubi
1339 2061 1611 2163 potuit.
1686 2060 1875 2133 Cum
1983 2058 2219 2155 igitur

668 2183 1113 2260 existensin
1193 2192 1368 2255 actu
1432 2183 1679 2280 primo
1740 2179 2097 2276 perfecte,
2145 2187 2218 2252 et

556 2386 563 2393 ⁵
666 2310 964 2376 tanturn
1046 2298 1120 2370 in
1190 2296 1534 2396 potentia
1606 2293 2055 2369 accidentali
2117 2292 2210 2367 ad

669 2428 923 2493 actum
965 2413 1423 2505 secundum,
1487 2435 1642 2488 non
1710 2420 1882 2508 eget
1938 2420 2213 2506 agente

669 2534 1126 2620 extrinsece,
1187 2529 1281 2604 ad
1342 2530 1488 2602 hoc
1546 2528 1750 2625 quod
1829 2535 2047 2603 exeat
2122 2525 2214 2600 de

668 2649 1012 2750 potentia
1050 2648 1142 2722 ad
1200 2655 1484 2734 actum,
1526 2652 1606 2718 ut
1670 2652 1879 2741 patet
1953 2648 2213 2719 octavo

668 2768 1212 2867 Phys-iconam,
1250 2769 1322 2837 et
1378 2759 1708 2836 secando
1768 2759 1862 2833 cle
1899 2759 2215 2846 Anima,

672 2885 862 2959 illud
926 2892 1040 2957 est
1081 2879 1442 2954 nobilitas
1484 2876 1880 2951 naturalis.
2203 2958 2207 2961 v

443 3021 548 3089 17,
772 3000 950 3075 Ideo
1057 2996 1227 3070 dico
1327 2993 1900 3084 universaliter,
2010 2989 2217 3087 quod

673 3139 901 3193 omne
956 3114 1292 3190 existens
1356 3110 1429 3184 in
1493 3119 1665 3185 actu
1725 3108 1972 3207 primo
2041 3129 2220 3205 per-

674 3237 889 3327 fecte,
945 3230 1227 3306 sufficit
1270 3229 1361 3302 ad
1408 3230 1549 3301 hoc
1609 3225 1812 3325 quod
1864 3233 2080 3300 exeat
2137 3223 2217 3296 in

672 3362 923 3426 actum
979 3347 1434 3431 secundum,
1494 3343 1640 3418 nisi
1702 3342 1939 3441 possit
1982 3342 2219 3417 mani-

670 3471 855 3543 feste
897 3463 1205 3565 probari
1261 3461 1464 3560 quod
1526 3460 1733 3534 aliud
1775 3460 1868 3533 ad
1920 3461 2064 3533 hoc
2106 3482 2221 3533 re-

672 3584 1047 3682 quiratur,
1094 3579 1293 3653 sicut
1328 3577 1721 3651 manifeste
1767 3584 1973 3673 patet
2012 3575 2216 3671 quod

668 3702 884 3776 visus
942 3722 1095 3772 non
1157 3695 1439 3771 sufficit
1499 3693 1836 3768 existens
1897 3692 1974 3764 in
2045 3703 2217 3767 actu

672 3818 948 3916 prirn0,
1003 3815 1096 3889 ad
1156 3815 1301 3887 hoc
1346 3811 1548 3910 quod
1602 3818 1819 3885 exeat
1858 3832 1949 3883 ex
1999 3831 2079 3882 se
2137 3808 2217 3880 in

672 3946 925 4010 actum
969 3930 1423 4022 secundum,
1483 3927 1666 4024 quia
1716 3936 1798 4001 ut
1847 3934 2074 4023 patet,
2137 3924 2218 3997 in

674 4048 1007 4124 tenebris
1071 4069 1220 4119 non
1287 4043 1661 4116 videmus
1736 4038 2217 4113 Rationabile

671 4167 904 4263 igitur
961 4174 1075 4238 est
1132 4162 1336 4259 quod
1408 4162 1790 4251 voluntaS,
1862 4181 2038 4255 quae
2106 4164 2221 4232 est

669 4283 1151 4359 nobilissima
1213 4279 1602 4378 perfectiO,
1651 4277 1985 4351 existens
2043 4286 2215 4351 actu

668 4401 946 4499 primo,
1002 4396 1244 4496 possit
1283 4394 1487 4469 exire
1529 4392 1605 4466 in
1650 4403 1900 4466 actum
1951 4415 2220 4466 secun-

668 4520 879 4604 dum,
928 4526 1000 4590 et
1051 4515 1263 4586 nulla
1316 4510 1708 4603 habitudo,
1755 4509 1872 4584 vel
1948 4533 2219 4583 conse-

669 4633 983 4733 quentia
1053 4640 1193 4722 est,
1266 4628 1327 4701 si
1397 4629 1752 4700 voluntas
1820 4635 1934 4700 est
2001 4623 2221 4698 suffi-

667 4752 880 4826 ciens
940 4748 1033 4823 ad
1095 4744 1526 4820 faciendum
1592 4767 1672 4818 se
1725 4744 1797 4816 in
1870 4751 2037 4816 actu
2093 4766 2219 4817 se-

666 4867 974 4959 cund03
1039 4862 1273 4958 igitur
1322 4861 1646 4956 lignum,
1710 4859 1914 4956 quod
1975 4869 2089 4933 est
2139 4860 2212 4932 in

667 4983 1008 5086 potentia
1061 4980 1153 5054 ad
1209 4988 1461 5053 actum
1523 4977 1856 5075 primum
1911 4975 2213 5070 caloriS,

670 5111 918 5202 potest
957 5120 1275 5173 causare
1318 5094 1394 5168 in
1445 5118 1524 5169 se
1567 5105 1817 5170 actum
1883 5093 2215 5190 primum

671 5230 744 5296 et
819 5215 1276 5294 secuudum.
1385 5225 1388 5228 ’

322 5361 462 5412 mnu
506 5361 613 5421 ugit
770 5337 1060 5409 Praeter
1125 5332 1319 5421 haec,
1393 5327 1644 5402 omnis
1703 5323 2218 5400 indifferentia

339 5426 617 5538 23:0⁸3&
669 5456 745 5529 in
791 5453 1089 5528 actibus
1131 5456 1377 5547 potest
1409 5444 1669 5519 reduci
1722 5445 1815 5519 ad
1859 5445 2219 5518 volunta-

407 5564 554 5600 V⁰⁰⁸·
671 5582 846 5661 tem,
911 5566 1134 5666 quasi
1185 5563 1279 5637 ad
1346 5584 1656 5635 causam
1726 5560 2211 5650 illiniitatam,

2042 370 2283 443 LIBRI
2332 369 2419 441 11.

2325 571 2481 622 non
2561 547 2671 621 sic
2738 546 2998 645 aliqua
3068 547 3220 624 alia
3281 573 3517 624 causa
3597 558 3876 625 creata.

2327 664 2696 739 Similiter
2749 665 3075 761 lignum,
3137 666 3200 741 si
3241 676 3500 764 posset
3559 667 3884 742 combu-

2324 805 2492 856 rere
2562 805 2672 876 se,
2740 791 3001 878 ageret
3058 781 3134 855 in
3195 806 3275 857 se
3336 782 3635 858 actione
3710 782 3885 856 uni-

2323 922 2569 992 voca3
2628 907 2700 973 et
2741 897 3024 971 dictum
3071 908 3185 972 est
3232 898 3444 996 prius
3487 899 3691 997 quod
3740 900 3882 973 hoc

2326 1024 2439 1087 est
2510 1013 3048 1089 universaliter
3115 1014 3620 1113 impossibile,
3690 1014 3881 1088 nihil

2327 1129 2535 1202 enim
2592 1129 2750 1227 agit
2817 1130 2891 1202 in
2957 1153 3036 1204 se
3101 1131 3400 1205 actione
3445 1131 3591 1205 nisi
3633 1130 3884 1228 asqui-

2324 1267 2543 1338 voca,
2644 1253 2717 1317 et
2803 1242 2977 1318 talis
3058 1244 3255 1318 actio
3351 1243 3593 1341 magis
3689 1244 3884 1318 tacta

2323 1360 2518 1434 nihil
2584 1360 2893 1457 subjicit
2941 1384 2983 1434 a
3035 1360 3489 1435 substantia.
3562 1361 3880 1434 Nullum

2324 1476 2532 1551 enim
2603 1499 2841 1572 agens
2895 1476 3196 1568 actione
3248 1476 3652 1575 aequivoca
3710 1501 3884 1551 cor-

2327 1593 2615 1691 rumpit
2683 1593 3191 1669 substantiam
3262 1618 3482 1669 suam
3560 1618 3697 1692 per
3751 1619 3882 1669 ac-

2329 1712 2608 1787 tionem
2676 1714 2921 1811 magis
2964 1715 3263 1789 factam.
3335 1716 3561 1789 Nunc
3619 1725 3874 1789 autem

2325 1829 2388 1904 si
2469 1830 2763 1926 lignum
2835 1832 3320 1906 combureret
3388 1855 3498 1925 se,
3569 1832 3875 1905 tandem

2324 1956 2558 2023 totam
2617 1948 3119 2024 substantiam
3173 1958 3722 2048 corrumperet.

2423 2064 2676 2158 Dices,
2741 2075 2957 2139 actus
3002 2066 3300 2164 primus
3353 2069 3681 2165 perfecte
3732 2092 3873 2166 po-
4026 2090 4131 2156 18,

2323 2190 2471 2256 test
2537 2205 2704 2257 esse
2773 2180 3168 2257 sufficiens
3236 2184 3330 2257 ad
3394 2184 3867 2260 causandum

2325 2308 2574 2377 actum
2642 2300 3067 2374 secundum
3135 2300 3209 2373 in
3264 2300 3442 2389 alio,
3508 2326 3663 2375 non
3738 2326 3875 2377 au-

2321 2427 2474 2491 tem
2537 2415 2612 2489 in
2670 2438 2778 2489 se.

2420 2532 2729 2619 Contra,
2806 2531 3141 2606 existens
3233 2532 3307 2605 in
3385 2543 3557 2607 actu
3629 2534 3874 2632 primo

2322 2673 2476 2723 non
2539 2656 2711 2744 eget
2767 2647 2917 2721 alio
2976 2657 3249 2744 agente
3305 2648 3398 2721 ad
3455 2650 3599 2723 hoc
3668 2651 3873 2747 quod

2324 2776 2543 2840 exeat
2582 2764 2676 2839 ab
2717 2763 2870 2838 otio
2924 2763 3000 2836 in
3051 2774 3333 2838 actum.
3379 2766 3603 2839 Calor
3643 2765 3880 2862 igitur

2324 2891 2465 2974 est,
2529 2903 2682 2977 quo
2743 2903 2981 2976 agens
3049 2880 3229 2977 agit,
3303 2891 3374 2955 et
3451 2882 3639 2956 illud
3721 2906 3873 2980 quo

2326 2998 2448 3075 vel
2516 2996 2946 3098 secundum
3016 2997 3249 3093 quod,
3325 2999 3717 3073 reducitur
3782 3000 3874 3074 ad

2327 3112 2704 3190 rationem
2766 3112 3127 3210 principii
3191 3114 3446 3208 activi,
3508 3114 3577 3187 5.
3633 3116 3876 3192 Meta-

2326 3231 2551 3327 phys.
2625 3238 2804 3305 text.
2863 3228 2933 3300 2.
3008 3237 3082 3303 et
3152 3229 3221 3302 3.
3294 3231 3429 3305 Ad
3480 3230 3684 3306 idem
3746 3257 3876 3330 qe-

2321 3368 2467 3418 nus
2541 3367 2670 3418 ars
2730 3351 2806 3420 et
2858 3342 3287 3439 aedificator
3348 3346 3819 3422 reducuntur
3856 3392 3881 3447 ‚-

2324 3460 2559 3557 igitur
2590 3483 2745 3533 non
2789 3460 3039 3535 solum
3095 3469 3210 3534 est
3256 3460 3359 3534 ibi
3416 3463 3611 3537 actio
3662 3472 3875 3538 tran-

2325 3577 2559 3670 siens,
2595 3576 2729 3650 sed
2771 3585 3071 3674 oportet
3109 3577 3211 3651 ibi
3266 3601 3432 3653 esse
3492 3579 3870 3655 actionem
3967 3612 3970 3615 ·

2325 3693 2417 3768 de
2477 3715 2759 3789 genere
2811 3692 3154 3767 Actionis
3202 3694 3296 3771 ad
3343 3695 3677 3792 aliquem
3734 3708 3877 3773 ter-

2326 3808 2654 3901 minum,
2756 3806 3188 3903 cujusmodi
3284 3821 3395 3886 est
3500 3814 3869 3911 open-atie,
3975 3893 3981 3901 ,

2326 3949 2502 4023 quae
2535 3925 2678 3998 erit
2719 3924 2914 3999 actio
2947 3924 3409 4022 immanens,
3445 3929 3626 4027 quia
3684 3930 3871 4006 illud

2324 4042 2529 4117 exire
2572 4041 2667 4115 ab
2722 4040 2876 4114 otio
2911 4041 2988 4114 in
3030 4053 3282 4116 actum
3320 4069 3472 4119 non
3516 4058 3875 4122 causatur

2326 4159 2402 4233 in
2455 4160 2660 4245 alio;
2725 4159 2961 4255 igitur
3009 4160 3208 4235 sicut
3269 4173 3532 4238 causat
3584 4166 3873 4264 aliquid

2326 4276 2401 4348 in
2450 4276 2627 4369 alio,
2681 4275 2788 4350 sic
2840 4285 3088 4373 potest
3145 4287 3360 4352 actus
3411 4280 3704 4378 primus
3744 4283 3877 4357 ali-

2288 4412 2556 4487 -quem
2613 4396 2866 4463 actum
2927 4391 3353 4464 secundum
3409 4416 3725 4470 causare
3796 4396 3872 4469 in

2325 4528 2432 4579 Se.

2420 4628 2531 4702 Ad
2610 4629 2847 4723 aliud,
2912 4652 3086 4702 cum
3155 4630 3456 4719 dicitur,
3523 4635 3873 4712 volunlas
3919 4662 4003 4712 Aa
4035 4665 4204 4713 muo-

2325 4753 2515 4820 essec
2567 4746 2902 4821 nobilior
2950 4746 3336 4822 voluntale
3387 4750 3710 4847 volente,
3769 4755 3873 4827 di·
3903 4727 4231 4838 ffiffi'ss'ffff'

2326 4886 2414 4937 co
2469 4862 2671 4959 quod
2727 4865 3082 4938 voluntas
3134 4865 3404 4940 volens
3464 4879 3577 4941 est
3632 4895 3865 4944 unum
3902 4851 4233 4963 'fssgt‘ffissffi‘

2327 4979 2865 5076 compositum,
2910 4980 3116 5077 quod
3171 4991 3284 5055 est
3324 5005 3462 5056 ens
3508 5009 3642 5083 per
3673 4989 3873 5063 acci·
3934 4975 4174 5090 ,fflgffiffi

2327 5094 2543 5188 dens,
2594 5104 2666 5169 et
2711 5095 3171 5194 inquantum
3226 5098 3683 5195 productum
3743 5128 3872 5179 ac-

2327 5209 2606 5307 cipitur
2662 5219 2743 5284 ut
2799 5210 2941 5285 sub
3012 5210 3339 5285 termino
3401 5215 3727 5313 formali,
3799 5230 3871 5295 et

2326 5324 2434 5398 sic
2497 5326 2833 5399 concedo
2904 5325 3109 5425 quod
3178 5327 3517 5404 nobilius
3575 5332 3672 5406 sit
3736 5359 3872 5408 vo-

2327 5442 2612 5536 luntaS,
2693 5465 2923 5541 quam
2982 5443 3344 5519 voluntas
3424 5459 3503 5521 ut
3570 5452 3865 5549 volens,

2329 5559 2472 5632 hoc
2540 5570 2681 5652 est,
2732 5569 2811 5634 ut
2861 5559 3238 5635 terminus
3284 5563 3650 5662 formaliS,
3716 5594 3871 5645 non
