4295 6326
138 827 396 892 objectio.

220 2138 284 2205 3.

96 2252 412 2315 Responsio.

94 2315 271 2373 Aliud,
305 2318 415 2367 scio

88 2379 398 2429 aediticatio·

90 2453 215 2490 nem
248 2442 387 2493 etal-

122 2502 257 2563 liud,
278 2507 386 2555 scio

101 2567 383 2621 aedificare.

1438 422 1668 491 DIST.
1718 422 2049 495 XXVIII.
2101 424 2522 505 QUAESTIO
2574 429 2630 497 1.

460 588 876 688 aliquid‚et
905 591 1063 668 scio
1097 616 1218 668 me
1251 593 1488 689 scire;
1516 616 1699 690 ergo
1732 594 2002 669 eodem

461 705 723 780 habitu
768 707 1032 805 diligo,
1081 720 1154 784 et
1179 709 1414 805 diligo
1474 733 1596 785 me
1647 710 1997 807 diligere.

561 824 869 918 Contra,
938 825 1118 901 licet
1182 827 1479 920 habitu,
1553 851 1705 925 quo
1812 828 1996 918 sci0,

459 938 617 1012 scio
686 963 807 1015 me
868 941 1094 1037 scire,
1158 949 1410 1017 tamen
1471 966 1628 1017 non
1683 966 1999 1040 possum

457 1054 745 1131 reflecti
810 1081 1044 1156 super
1119 1067 1372 1133 actum
1442 1059 1784 1150 alteriuS,
1857 1084 2000 1135 nec

456 1174 614 1250 scio
678 1175 870 1250 illud
937 1176 1173 1250 alium
1236 1176 1493 1270 scire3
1576 1200 1757 1273 ergo
1827 1176 2001 1251 talis

453 1292 763 1367 habitus
808 1292 885 1366 in
940 1292 1334 1368 intellectu
1395 1317 1551 1367 non
1613 1303 1726 1369 est
1786 1293 2001 1369 refle-

449 1408 676 1483 xivus
717 1432 953 1508 super
993 1419 1209 1484 actus
1260 1410 1587 1485 aliorum
1652 1410 2000 1486 intellec-

449 1535 669 1601 tuum
732 1556 751 1623 3
816 1552 999 1625 ergo
1078 1552 1219 1604 nec
1280 1538 1496 1603 actus
1546 1528 1991 1617 voluntatis,

448 1644 794 1743 alioquin
865 1670 1037 1721 cum
1097 1646 1255 1721 scio
1316 1669 1437 1721 me
1499 1670 1991 1743 cognoscere,

446 1765 568 1838 vel
628 1763 946 1861 diligere
1027 1764 1305 1858 Deum,
1397 1788 1703 1862 possem
1799 1765 1992 1839 scire

448 1880 872 1978 quemlihet
965 1880 1203 1955 alium
1300 1904 1764 1978 cognoscere
1862 1885 1996 1956 aut

446 1996 796 2093 diligere.

542 2113 974 2189 Dicendum
1053 2117 1261 2214 quod
1366 2115 1597 2190 refert
1679 2117 1991 2212 quando

448 2232 768 2306 verbum
861 2234 1161 2308 sciendi
1238 2233 1728 2309 constituitur
1813 2257 1987 2308 cum

448 2355 618 2419 actu
679 2348 1096 2424 verbaliter
1148 2349 1479 2446 signam,
1543 2358 1618 2424 et
1677 2348 1987 2445 quando

447 2464 920 2540 construitur
998 2490 1169 2541 cum
1242 2475 1414 2541 actu
1492 2464 1988 2540 nominaliter

444 2580 770 2678 signato.
837 2581 1056 2657 Unde
1102 2583 1310 2658 aliud
1371 2592 1510 2676 est,
1563 2582 1719 2656 scio
1788 2581 1986 2656 aedt-

439 2696 907 2794 ficationem,
953 2700 1291 2793 etaliud‚
1344 2699 1501 2774 scio
1554 2697 1976 2795 aedificare,

438 2817 622 2912 quia
676 2840 852 2890 cum
939 2816 1218 2891 dicitur
1297 2816 1715 2914 aedificare,
1794 2826 1978 2892 tunc

437 2931 757 3007 scientia
824 2933 1134 3031 respicit
1189 2943 1443 3008 actum
1509 2932 1972 3027 aedificandi,

439 3059 519 3123 ut
556 3050 797 3148 possit
828 3052 1086 3148 egredi
1120 3062 1333 3127 extra
1381 3076 1426 3126 a
1493 3076 1642 3146 me,
1704 3061 1784 3126 ut
1859 3076 1977 3127 ac-

431 3167 742 3241 tualiter
779 3167 1076 3242 existat.
1123 3169 1446 3255 Quando
1524 3168 1730 3243 enim
1783 3192 1973 3243 con-

3525 425 3656 494 489

2109 606 2411 695 tract03
2483 624 2665 698 ergo
2717 602 2875 677 scio
2936 626 3114 678 eum
3192 600 3650 698 intelligere,

2108 714 2271 792 sive
2341 718 2499 793 scio
2578 720 2656 793 in
2726 721 3169 806 abstracto;
3251 743 3432 817 ergo
3496 718 3652 793 scio

2108 857 2285 909 eum
2347 837 2803 936 intelligere,
2876 841 3037 915 sive
3095 840 3355 933 scire3
3429 846 3502 912 et
3576 837 3654 910 in

2109 955 2452 1029 secunda
2499 958 3022 1056 propositione
3086 966 3396 1032 notatur
3448 955 3653 1053 quod

2108 1070 2266 1143 scio
2308 1081 2561 1147 actum
2626 1073 3107 1172 intelligendi
3172 1074 3314 1149 sibi
3367 1073 3647 1148 inesse.

2108 1185 2326 1264 Unde
2371 1190 2449 1264 in
2516 1192 2818 1269 actibus
2868 1193 3303 1267 intellectus
3356 1200 3648 1265 tantum

2106 1314 2357 1402 potest
2422 1308 2590 1384 fieri
2659 1308 2971 1384 reflexio
3062 1332 3297 1407 super
3396 1317 3649 1383 actum

2105 1422 2493 1518 signatum
2526 1426 3053 1517 nominaliter,
3118 1434 3255 1500 aut
3317 1424 3655 1500 verbali-

2103 1550 2221 1614 ter
2268 1541 2345 1613 in
2415 1544 2993 1641 comparatione
3071 1543 3163 1617 ad
3234 1542 3472 1635 alios3
3517 1542 3650 1616 sed

2104 1680 2198 1732 ex
2257 1659 2410 1733 alia
2470 1669 2683 1758 parte
2740 1661 2814 1733 in
2889 1661 3188 1735 actibus
3233 1660 3654 1734 voluntatis

2104 1782 2549 1870 potestesse
2627 1774 2939 1851 reflexio
3002 1786 3328 1874 utroque
3392 1776 3646 1850 modo.

2101 1890 2389 1965 Eodem
2469 1893 2675 1966 enim
2737 1893 3005 1967 habitu
3073 1917 3390 1991 possum
3448 1894 3649 1967 velle

2101 2005 2382 2102 Deum,
2419 2019 2529 2083 ⁸et
2584 2010 2780 2085 velle
2818 2009 3284 2084 .volitionem
3337 2012 3536 2084 hanc
3571 2009 3645 2082 in

2100 2144 2594 2222 quocumque
2618 2134 2771 2199 tam
2805 2125 2881 2199 in
2919 2150 3041 2200 me
3073 2148 3306 2223 quam
3340 2125 3417 2198 in
3460 2125 3639 2220 alio,

2099 2247 2175 2313 et
2215 2242 2387 2314 volo
2450 2266 2571 2317 me
2622 2243 2818 2318 velle
2876 2243 3152 2333 Deum,
3234 2253 3306 2317 et
3373 2265 3649 2340 quem-

2099 2378 2434 2454 cumque
2478 2358 2738 2453 alium,
2793 2360 2976 2456 quia
3031 2362 3174 2434 hoc
3221 2383 3371 2433 non
3443 2359 3647 2434 desi-

2094 2482 2281 2568 gnat
2339 2473 2783 2549 volitionem
2853 2476 3106 2550 inesse
3177 2475 3422 2565 alteri,
3507 2475 3638 2550 sed

2093 2598 2397 2666 tantum
2472 2592 2825 2690 designat
2877 2617 2998 2668 me
3077 2596 3276 2669 velle
3343 2593 3640 2668 voli‘tio·
3693 2690 3700 2695 ·

2092 2730 2268 2782 nem
2303 2707 2753 2806 ejusinesse
2796 2710 3041 2803 alteri,
3109 2712 3232 2784 vel
3301 2712 3629 2784 alterum

2088 2825 2284 2899 velle
2345 2849 2551 2920 eum,
2627 2836 2700 2901 et
2764 2826 2934 2901 ideo
2998 2836 3325 2924 utroque
3402 2827 3631 2901 modo

2087 2948 2531 3035 potestesse
2576 2939 2651 3013 in
2708 2941 3104 3014 voluntate
3152 2940 3490 3035 reflexio,
3557 2951 3631 3016 et

2084 3055 2163 3129 in
2208 3056 2597 3133 intellectu
2633 3068 2928 3134 tantum
2964 3083 3122 3134 uno
3170 3059 3422 3134 modo.

2182 3174 2330 3249 Sed
2374 3175 2576 3251 unde
2632 3184 2747 3251 est
2797 3175 3102 3251 bonitas
3162 3176 3383 3251 istius
3417 3177 3626 3252 habi-

3770 3186 3838 3251 4.

428 3283 749 3357 struitur
797 3307 971 3358 cum
1012 3285 1248 3361 verbo
1304 3285 1663 3359 infinitivi
1733 3285 1967 3380 modi,
2078 3291 2273 3366 tus?
2347 3292 2536 3367 Dico
2597 3294 2799 3391 quod
2879 3295 2973 3369 ab
3043 3293 3365 3392 objecto,
3429 3294 3622 3369 Volo
3699 3300 3920 3352 Bonitas

3671 3363 3952 3415 charitatis

428 3399 973 3476 denominatur
1035 3401 1321 3478 reflecti
1388 3426 1623 3502 super
1678 3402 1963 3501 ipsum,
2078 3408 2284 3482 enim
2355 3410 2515 3484 Deo
2579 3411 2777 3486 hene
2837 3434 3033 3505 esse,
3097 3420 3170 3487 et
3259 3413 3433 3485 volo
3500 3411 3621 3485 isti
3651 3426 3717 3476 ab
3742 3427 3968 3491 objecto-

424 3529 508 3594 ut
574 3520 878 3595 elicitur
938 3521 1366 3614 actualiter,
1458 3530 1532 3596 et
1612 3520 1721 3594 sic
1806 3544 1964 3595 non

421 3663 738 3737 possum
781 3639 975 3714 scire
1024 3648 1374 3735 respectu
1418 3635 1745 3734 alicujus
1816 3637 1965 3711 sci-

418 3756 700 3850 biliter,
763 3779 905 3831 nec
972 3779 1287 3854 possum
1377 3777 1515 3854 per
1611 3753 1957 3829 habitum

417 3897 673 3948 meum
745 3873 940 3948 scire
1027 3872 1334 3970 quando
1415 3871 1613 3945 alius
1689 3879 1803 3945 est
1879 3870 1957 3944 in

416 3998 588 4063 actu
621 3989 874 4064 elicito
917 3998 1266 4086 respectu
1311 3987 1503 4085 ejus.
1564 3986 1643 4061 Si
1698 3996 1951 4061 autem

415 4105 548 4181 fiat
604 4105 917 4181 reflexio
986 4129 1220 4203 super
1312 4111 1567 4178 actum
1661 4112 1955 4177 rectum

415 4224 928 4314 nominaliter,
963 4224 1122 4298 sive
1167 4231 1250 4297 ut
1279 4221 1759 4321 significatur
1785 4245 1953 4297 esse

410 4345 487 4417 in
530 4353 701 4419 actu
737 4344 1018 4436 elicit0,
1065 4342 1226 4418 sive
1260 4343 1442 4439 quia
1480 4343 1954 4418 abstrahitur
1990 4435 1993 4440 ⁴

411 4487 455 4537 a
483 4460 1057 4536 conditionibus
1089 4459 1504 4558 requisitiS‚
1556 4470 1636 4534 ut
1673 4462 1952 4537 verba-

415 4581 586 4655 liter
617 4577 1127 4677 significatur,
1173 4578 1281 4652 sic
1314 4602 1627 4675 possum
1661 4578 1949 4654 reflecti

410 4721 643 4796 super
708 4706 961 4772 actum
1024 4704 1108 4769 ut
1172 4695 1439 4769 eodem
1521 4705 1722 4787 actu,
1795 4720 1947 4794 quo

408 4813 754 4910 intelligo
833 4810 1436 4885 intellectionem
1519 4835 1788 4898 meam,
1876 4824 1949 4888 et

407 4931 819 5030 cujuslibet
916 4928 1259 5019 alteriuS,
1377 4929 1558 5026 quia
1635 4930 1945 5006 reflexio

405 5059 704 5125 tantum
739 5048 864 5121 hic
892 5047 1092 5122 cadit
1134 5070 1368 5145 super
1425 5056 1678 5121 actum
1713 5048 1950 5125 direc-

402 5176 566 5241 tum
655 5164 950 5239 ratione
1046 5163 1518 5261 quidditatis‚
1609 5163 1770 5241 sive
1865 5166 1944 5240 in

402 5284 784 5358 abstracto
849 5288 1176 5372 tantum,
1239 5303 1393 5353 non
1483 5280 1942 5379 inquantum

401 5400 825 5489 actuinest,
900 5396 1105 5493 quod
1174 5396 1368 5471 scire
1438 5421 1593 5471 nou
1664 5410 1937 5496 potest.

402 5517 619 5593 Unde
653 5539 809 5590 non
851 5514 1223 5611 sequitur,
1265 5512 1422 5586 scio
1464 5513 1631 5610 ejus
1664 5516 1945 5592 intelli-

395 5658 600 5734 qere,
672 5633 835 5707 sive
906 5628 1504 5706 intellectionem
1591 5632 1673 5706 in
1762 5634 1942 5710 ahs-

2075 3547 2415 3600 amorem
2484 3526 2650 3623 ejus
2695 3527 2977 3620 inesse,
3060 3536 3133 3602 et
3199 3551 3290 3602 ex
3357 3551 3625 3603 conse-

2073 3644 2339 3738 quenti
2371 3645 2547 3718 volo
2580 3644 2725 3719 sibi
2768 3644 2970 3718 bona
2999 3643 3344 3742 justitiae,
3387 3646 3623 3720 attin-

2070 3760 2322 3857 gendo
2364 3783 2753 3835 summum
2796 3760 3085 3836 honum
3122 3761 3199 3835 in
3234 3785 3342 3856 se,
3390 3771 3465 3836 et
3522 3764 3617 3838 ab

2069 3874 2240 3949 aliis
2282 3875 2769 3973 obsequium.

2163 3994 2275 4066 Ad
2403 4003 2945 4090 argumentum
3057 3995 3134 4068 in
3231 3994 3611 4094 principio

2064 4112 2545 4208 quaestionis,
2617 4114 2787 4187 dico
2857 4113 3061 4210 quod
3164 4114 3609 4211 hujusmodi

2064 4238 2178 4303 est
2257 4253 2497 4304 unum
2569 4229 2984 4326 objectum,
3068 4254 3320 4328 neque
3399 4231 3605 4305 enim

2063 4346 2945 4444 proximusinquantum
3015 4347 3439 4446 proximu8‚
3496 4356 3609 4422 est

2061 4463 2255 4537 ratio
2297 4463 2790 4557 terminandi,
2828 4464 2960 4538 sed
3002 4464 3304 4538 bonitas
3347 4465 3611 4538 divina

2062 4589 2135 4656 et
2165 4581 2495 4655 charitas
2536 4590 2650 4655 est
2681 4581 3144 4679 principium
3189 4582 3606 4655 elicitivum

2061 4697 2433 4794 diligendi
2464 4697 2709 4772 Deum
2746 4699 2819 4770 in
2856 4722 2937 4773 se
2977 4723 2992 4788 ;
3031 4698 3106 4772 in
3143 4709 3313 4773 actu
3347 4710 3605 4774 tamen

2060 4816 2344 4891 reflexo
2379 4840 2515 4914 pro
2575 4816 2872 4914 objecto
2935 4817 3282 4916 proximo
3359 4829 3608 4917 potest

2058 4932 2344 5007 habere
2384 4932 2852 5030 proximum,
2884 4956 3036 5006 non
3082 4933 3422 5009 sistendo
3465 4935 3600 5030 ibi,

2057 5051 2192 5123 sed
2237 5050 2557 5125 ulterius
2593 5051 2973 5125 tendendo
3008 5051 3085 5123 in
3119 5051 3364 5125 Deum
3404 5080 3422 5144 3
3463 5076 3604 5126 nec

2055 5174 2171 5240 est
2228 5167 2477 5241 simile
2555 5168 2647 5242 de
2716 5167 3093 5265 principio
3154 5177 3227 5241 et
3282 5170 3603 5242 conclu-

2056 5283 2298 5358 sione.

3643 4024 3720 4075 Ad
3753 4043 3956 4092 argum.

3642 4091 3954 4158 principale.
