4295 6326
1518 463 1745 531 DIST.
1796 463 1951 530 XlI.
2006 462 2424 543 QUAESTIO
2474 464 2528 533 1.
3548 463 3619 530 11

416 630 558 724 tio,
646 633 708 706 si
774 633 1066 732 aliquid
1122 635 1388 711 formae
1447 634 1978 710 includeretur

423 747 502 822 in
539 751 885 846 materia,
922 753 1166 828 forma
1217 763 1594 852 quantum
1630 753 1724 828 ad
1783 753 1973 829 illud

420 890 579 940 non
611 877 812 943 esset
852 880 1033 945 nata
1066 871 1331 970 recipi,
1377 871 1508 946 sed
1560 870 1809 968 magis
1852 894 1976 945 re·-

420 982 732 1081 cipere3
779 1010 963 1084 ergo
1015 1012 1167 1062 non
1213 1000 1416 1063 esset
1459 987 1796 1085 primum
1868 1012 1977 1063 re-

422 1102 841 1198 ceptivum,
899 1105 1029 1181 sed
1060 1106 1350 1202 aliquid
1384 1105 1552 1202 ejus
1584 1115 1786 1181 esset
1817 1129 1971 1180 non

420 1230 849 1319 receptum,
896 1222 1083 1320 quia
1114 1221 1619 1323 receptivum.
1686 1224 1973 1298 Eodem

425 1338 680 1432 modo,
776 1340 839 1413 si
933 1341 1228 1439 aliquid
1329 1341 1671 1418 materiae
1776 1352 1976 1417 esset

424 1452 816 1530 inclusum
865 1457 941 1530 in
1006 1459 1274 1551 forma,
1339 1458 1507 1556 ipsa
1560 1480 1714 1532 non
1775 1467 1975 1533 esset

425 1568 677 1669 primo
719 1572 1134 1672 receptiva,
1171 1573 1305 1649 sed
1359 1582 1667 1673 recepta
1721 1597 1974 1672 quan·-

430 1697 592 1761 tum
627 1688 721 1762 ad
751 1689 1044 1787 aliquid
1084 1692 1230 1765 sui.

530 1804 609 1879 Si
637 1831 819 1881 vero
849 1820 1270 1905 quaeratur,
1317 1810 1379 1884 si
1413 1809 1568 1884 sint
1596 1809 1844 1908 primo
1871 1809 1975 1882 di-

424 1944 655 1996 versa
682 1923 1005 1998 materia
1038 1925 1120 1998 et‘
1145 1925 1411 2013 forma,
1445 1923 1832 2021 quomodo
1878 1924 1975 1998 l'a-

423 2039 634 2114 cient
676 2063 813 2138 per
843 2064 923 2115 se
959 2064 1198 2116 unum
1237 2041 1277 2113 ⁴?
1317 2039 1505 2116 Dico
1545 2040 1750 2138 quod
1785 2064 1974 2116 con-

423 2165 871 2253 sequenter,
921 2167 1210 2253 quanto
1267 2156 1420 2232 duo
1480 2165 1661 2231 sunt
1727 2158 1973 2252 magis

420 2272 761 2365 diversa,
798 2281 1008 2347 tanto
1054 2283 1234 2347 sunt
1295 2272 1538 2370 magis
1605 2272 1975 2370 disposita

416 2389 523 2464 ad
560 2389 1003 2464 faciendum¹
1039 2414 1280 2464 unum
1317 2413 1455 2489 per
1485 2413 1590 2476 se,
1633 2390 1816 2490 quia
1894 2390 1969 2464 in

417 2504 556 2578 illa
601 2504 1145 2578 constitutione
1179 2528 1333 2578 non
1382 2504 1800 2603 requiritur
1865 2506 1973 2578 si-

417 2622 783 2695 militudo
853 2621 930 2695 iu
1010 2633 1314 2716 natura,
1379 2622 1513 2697 sed
1581 2622 1970 2721 proportio

415 2738 930 2827 convenienS‚
991 2762 1166 2837 quae
1228 2747 1478 2838 potest
1539 2762 1706 2814 esse
1773 2738 1972 2813 inter

415 2855 676 2954 primo
710 2855 1036 2929 diversa.

173 2993 276 3061 20,
524 2973 812 3047 Contra
850 2972 1460 3065 conclusionem,
1498 2972 1569 3045 8·.
1618 2971 1964 3070 Metaplt.

104 3110 345 3175 omento.
415 3094 613 3165 tea-t.
660 3112 855 3163 com.
927 3088 1043 3160 15.
1120 3111 1213 3163 ex
1266 3097 1436 3163 actu
1491 3098 1564 3165 et
1631 3088 1972 3187 potentia

414 3231 582 3282 non
631 3205 716 3280 fit
758 3231 1026 3292 unum,
1060 3206 1209 3281 nisi
1254 3230 1393 3305 per
1437 3231 1677 3303 agens
1717 3215 1972 3282 extra-

418 3327 622 3398 hens
652 3334 939 3417 actum,
976 3323 1179 3422 quod
1208 3347 1361 3397 non
1408 3323 1728 3420 largitur
1769 3325 1972 3399 rnul-

414 3440 861 3527 titudinem,
917 3440 1049 3515 sed
1084 3441 1631 3538 perfectionem
1679 3468 1695 3528 ;
1741 3441 1868 3516 sed
1906 3441 1968 3515 si

417 3557 747 3633 materia
789 3557 1236 3654 importaret
1292 3558 1630 3654 aliquam
1691 3557 1971 3632 entita-

418 3684 578 3749 tem
664 3673 1103 3772 positivam,
1186 3673 1416 3748 aliam
1493 3675 1588 3749 ab
1656 3675 1967 3749 entitate

421 3793 719 3885 formoe,
767 3791 1005 3886 hujus
1045 3791 1410 3866 extractio
1464 3790 1556 3865 de
1627 3792 1971 3889 potentia

420 3909 500 3980 in
532 3890 788 3981 actum
826 3907 1236 4004 largiretur
1265 3906 1864 4003 multitudinem,
1896 3919 1970 3983 et

424 4048 584 4097 non
630 4033 921 4097 tantum
960 4024 1533 4122 perfectionem.

64 4145 383 4270 gmgimss
526 4141 1011 4240 RespondeO,
1049 4143 1250 4241 quod
1313 4143 1390 4215 in
1425 4142 1847 4238 generabili
1894 4152 1964 4217 et

104 4222 350 4344 unu-{³0
418 4257 905 4357 corruptibili
958 4269 1432 4334 concurrunt
1465 4258 1638 4333 duae
1707 4269 1966 4356 poten-

68 4342 359 4447 ⁸³⁰52⁸³⁰‘
418 4374 574 4467 tiae,
614 4399 771 4449 una
800 4385 915 4450 est
958 4375 1299 4473 potentia
1338 4375 1741 4471 objectiva,
1787 4399 1963 4473 quai

414 4501 533 4567 est
576 4491 953 4566 terminus
995 4492 1541 4588 generationis,
1615 4516 1790 4590 quae
1850 4505 1964 4567 est

412 4611 652 4685 totius
685 4610 760 4683 in
807 4611 1147 4709 potentia
1194 4610 1287 4684 ad
1348 4620 1630 4704 actum,
1668 4613 1788 4686 vel
1866 4612 1960 4685 ad

412 4728 833 4803 essendum
879 4756 898 4822 3
943 4737 1019 4803 et
1076 4727 1263 4802 illud
1297 4727 1501 4825 quod
1557 4727 1667 4802 sic
1726 4736 1840 4802 est
1878 4728 1956 4801 in

410 4847 783 4944 potentia,
865 4846 1290 4921 extrahitur
1364 4846 1458 4921 ab
1527 4855 1801 4943 agente
1879 4845 1956 4919 in

411 4973 665 5038 actum
716 4989 736 5056 ;
785 4962 955 5036 talis
994 4961 1404 5037 abstractio
1465 4986 1621 5036 non
1691 4971 1960 5038 causat

416 5078 1018 5172 multitudinem,
1121 5079 1255 5154 sed
1377 5079 1951 5179 perfectionem,

413 5196 596 5295 quia
626 5196 902 5271 albedo
943 5196 1022 5269 in
1063 5205 1235 5271 actu
1288 5220 1440 5270 non
1493 5205 1608 5272 est
1657 5201 1959 5294 compo·

412 5311 655 5406 sitior,
701 5334 937 5409 quam
970 5311 1135 5409 ipsa
1176 5311 1253 5384 in
1289 5311 1656 5410 potentia,
1702 5320 1776 5385 et
1806 5311 1957 5387 alia

408 5439 523 5504 est
553 5427 902 5528 potentia
941 5427 1019 5500 in
1062 5428 1583 5525 generatione,
1634 5450 1811 5525 quae
1842 5437 1956 5503 est

406 5546 741 5643 alicujus
773 5545 870 5620 ad
923 5545 1157 5640 aliud,
1204 5546 1495 5622 scilicet
1534 5546 1630 5621 ad
1687 5547 1954 5621 termi-

404 5690 592 5741 num
670 5664 1072 5742 sormalem
1150 5664 1697 5762 generationiS,
1769 5665 1955 5761 quia

63 1796 173 1845 Vide
220 1798 392 1845 tract..

77 1860 131 1907 de
161 1871 360 1907 rerum

91 1922 262 1979 βῆσε.
294 1935 353 1985 q.

86 1989 123 2035 9.
156 1988 267 2034 art.
309 1988 358 2034 1.

2081 657 2397 709 necesse
2439 644 2554 711 est
2575 635 2867 733 aliquid
2896 636 3369 734 praeexigere
3402 657 3629 731 gene-

2082 750 2388 845 rationi,
2434 751 2640 848 quod
2674 750 2772 825 sit
2817 776 2994 850 pars
3039 751 3305 850 geniti,
3356 760 3435 825 ut
3502 775 3628 848 pa-

2081 876 2186 941 tet
2225 865 2295 938 7.
2350 866 2695 965 Metaplz.
2760 874 2943 941 text.
3005 866 3074 940 5.
3148 866 3276 941 ubi
3345 866 3627 940 dicitur

2081 982 2287 1079 quod
2330 983 2654 1058 materia
2680 989 2813 1076 est,
2841 1006 2939 1056 ex
2965 1007 3114 1081 qua
3141 980 3235 1078 fit
3257 1004 3403 1074 reS,
3446 1003 3620 1053 cum

2082 1098 2291 1191 insit,
2326 1108 2400 1173 et
2450 1098 2669 1173 istam
2740 1098 3374 1197 potentialitatem
3434 1120 3626 1172 con-

2081 1216 2489 1291 comitatur
2528 1217 2892 1292 extractio
2936 1219 3200 1292 formae
3241 1216 3335 1291 de
3376 1225 3623 1291 mate-

2082 1333 2219 1407 ria.
2266 1333 2471 1407 Etde
2514 1335 2659 1409 ista
2690 1334 3157 1409 extractione
3200 1333 3451 1408 adhuc
3482 1316 3624 1429 po-

2081 1457 2232 1524 test
2261 1450 2410 1524 dici
2440 1451 2643 1547 quod
2677 1475 2832 1525 non
2911 1451 3235 1548 largitur
3287 1449 3620 1524 multitu·

2081 1565 2369 1660 dinem,
2416 1567 2547 1642 sed
2603 1568 3179 1665 perfectionem,
3247 1565 3430 1663 quia
3488 1588 3622 1640 ea-

2080 1682 2254 1757 dem
2297 1682 2567 1775 forma,
2614 1707 2790 1782 quae
2835 1683 3109 1758 educta
3140 1692 3255 1757 est
3300 1682 3377 1755 in
3412 1691 3614 1774 actu,

2078 1799 2387 1898 praefuit
2417 1799 2492 1873 in
2527 1799 2868 1900 potentia
2897 1800 3237 1875 materiae
3282 1828 3301 1893 ;
3355 1799 3413 1874 si
3477 1822 3621 1872 au·-

2077 1925 2229 1991 tem
2272 1922 2391 1991 vis
2422 1917 2628 2013 quod
2665 1941 2818 1991 non
2861 1918 2970 1992 sic
3007 1916 3374 2013 largiatur
3430 1917 3623 1990 mul-

2076 2032 2512 2126 titudinem,
2553 2042 2636 2106 ut
2665 2034 2871 2131 quod
2913 2033 3106 2108 nihil
3147 2033 3245 2107 sit
3297 2057 3615 2127 novum,

2077 2150 2283 2247 quod
2317 2150 2531 2249 prius
2564 2174 2719 2224 non
2776 2150 2942 2244 fuit,
2989 2150 3273 2249 quaeris
3327 2150 3622 2248 impos-

2077 2267 2327 2362 sihile,
2362 2292 2539 2343 nam
2594 2268 2702 2343 sic
2743 2291 3060 2343 necesse
3093 2278 3206 2343 est
3247 2267 3449 2366 quod
3483 2291 3621 2364 ge-

2077 2408 2360 2460 nerans
2510 2385 2883 2482 largiatur
3011 2385 3613 2478 multitudinem,

2077 2502 2261 2601 quia
2289 2501 2578 2600 aliquid
2612 2511 2728 2577 est
2767 2502 2846 2575 in
2887 2510 3092 2595 actu,
3134 2503 3341 2599 quod
3395 2501 3618 2599 prius

2076 2643 2229 2694 non
2277 2621 2441 2715 fuit,
2489 2621 2710 2696 aliter
2740 2646 2891 2695 non
2930 2630 3133 2715 esset
3186 2620 3608 2717 generatio,

2173 2737 2284 2811 Ad
2347 2736 2677 2836 primum
2731 2746 3274 2834 argumentum
3343 2735 3640 2834 princi<
3737 2766 3842 2831 21,

2076 2857 2276 2953 pale,
2392 2856 2699 2953 quando
2787 2855 3084 2931 dicatur
3188 2855 3613 2931 secundum
3690 2884 3767 2935 Λα
3807 2882 3910 2947 pri.

2075 2973 2591 3066 Aristotelem,
2663 2973 2871 3071 quod
2920 2974 3250 3048 materia
3313 2996 3452 3047 nec
3511 2978 3623 3046 est
3650 2947 3966 3075 ωἶῆζξῖξῗω

2076 3088 2289 3187 quid,
2324 3095 2461 3165 etc.
2500 3089 2907 3165 dicendum
2979 3088 3184 3188 quod
3246 3090 3388 3163 hoc
3439 3088 3620 3163 dicit

2075 3207 2540 3305 opponendo
2609 3217 2877 3283 contra
2951 3208 3220 3283 falsam
3292 3216 3614 3305 partem,

2075 3322 2282 3421 quod
2368 3331 2574 3422 patet
2639 3347 2732 3398 ex
2811 3323 3119 3421 epilogo
3215 3331 3616 3419 sequente,

2072 3441 2232 3514 sive
2272 3440 2582 3538 quidam
2618 3464 2717 3514 ecc
2763 3441 2882 3514 lzis
2924 3441 3160 3538 iqitur
3195 3438 3617 3538 speciebzw,

2075 3562 2212 3631 etc.
2260 3556 2479 3631 Patet
2517 3557 2746 3632 etiam
2790 3581 2884 3632 ex
2922 3557 3405 3651 adversione,
3468 3579 3623 3654 qua

2075 3674 2331 3770 arguit
2369 3674 2462 3748 ad
2495 3685 2786 3773 partem
2823 3674 3278 3773 oppositam,
3308 3673 3447 3748 sed
3482 3675 3624 3748 im-

2062 3788 2466 3887 possibile,
2495 3796 2632 3864 ele.
2669 3790 2838 3864 Non
2875 3799 2986 3865 est
3011 3802 3267 3865 autem
3301 3812 3623 3864 consue-

2073 3906 2258 3979 tudo
2319 3906 2748 3982 Aristotelis
2812 3908 3010 3982 inter
3069 3915 3615 4005 argumentum

2062 4046 2209 4120 pro
2252 4032 2325 4096 et
2355 4030 2620 4098 contra
2671 4048 2956 4122 ponere
3033 4023 3618 4102 determinatio-

2073 4159 2250 4211 nem
2292 4138 2771 4235 quaestionis.

2170 4265 2251 4339 Si
2283 4266 2492 4341 dicas
2514 4268 2719 4366 quod
2741 4268 3189 4344 Aristoteles
3230 4270 3375 4341 hoc
3412 4268 3617 4341 dicat
3671 4278 3928 4392 obbatis>-

2071 4383 2525 4480 exponendo
2576 4394 2930 4460 naturam
2984 4386 3350 4478 materiae,
3423 4383 3608 4481 quid
3643 4344 3960 4478 ἓῗέιεεῖἒῗιῖ

2069 4522 2207 4597 per
2282 4501 2525 4599 ipsam
2622 4501 2993 4578 debemus
3107 4503 3535 4599 intelligere
3581 4529 3598 4593 ;
3639 4469 3958 4601 ἔξιξῗῑξῗιῗεῗῖ

2070 4616 2274 4690 unde
2343 4618 2701 4716 exprimit
2761 4627 3022 4693 notam
3072 4618 3601 4718 expositioniS,
3727 4599 3892 4645 ‘⁶⁰⁸⁸'

2069 4733 2178 4807 sic
2211 4733 2573 4830 inquiens
2603 4760 2617 4810 :
2651 4736 2851 4812 Dico
2885 4744 3136 4812 aulem
3169 4737 3599 4822 materiam,

2067 4872 2240 4946 quae
2269 4849 2689 4925 secundum
2718 4875 2823 4942 se,
2870 4876 3008 4928 nec
3040 4853 3251 4951 quid,
3290 4859 3428 4929 etc.

2166 4966 2653 5065 RespondeO,
2690 4968 2893 5066 quod
2930 4969 3062 5044 illa
3090 4969 3464 5068 expositio
3493 4982 3608 5045 est
3694 4983 3922 5058 solutio.

2066 5084 2493 5159 secundum
2539 5085 2983 5183 opinionem
3058 5087 3600 5186 Antiquorum,

2065 5200 2514 5274 secundum*
2569 5224 2802 5298 quam
2883 5202 3319 5279 immediate
3389 5205 3605 5302 prius

2066 5318 2459 5413 arguebat,
2488 5318 2694 5417 quod
2735 5320 2899 5396 sola
2942 5321 3257 5398 materia
3296 5323 3393 5398 sit
3422 5325 3606 5399 sub-

2063 5435 2371 5528 stantia,
2456 5435 2638 5533 quia
2705 5437 2903 5511 sicut
2978 5440 3374 5536 arguebat,
3438 5442 3606 5538 ipsa

2059 5549 2227 5626 sola
2265 5551 2568 5627 videtur
2621 5578 3018 5632 remanere
3060 5557 3238 5634 aliis
3285 5581 3604 5656 sepa-ra-

2059 5669 2182 5744 tis.
2232 5671 2634 5748 Ponebant
2693 5683 2951 5750 autem
2997 5675 3311 5776 Antiqui
3359 5687 3602 5753 mate-
