4295 6326
1462 391 1691 464 DIST.
1741 387 2102 459 XXXVII.
2154 389 2571 470 QUAESTIO
2617 394 2705 463 ΙΙ.

3558 396 3683 464 199

464 560 719 658 culpa.
758 563 850 636 Et
917 587 1095 638 cum
1154 564 1435 640 dicitur
1502 564 1708 662 quod
1767 561 2012 659 magis
2119 563 2281 639 Nec
2315 574 2563 663 potest
2601 569 2832 666 culpa
2864 568 3166 667 privare
3190 569 3483 643 bonum
3542 593 3676 643 na-

466 681 754 755 malum
788 692 903 758 est
933 709 1163 782 poena
1208 708 1441 783 quam
1504 686 1758 782 culpa,
1831 681 2013 757 dicit
2122 691 2346 775 turae,
2421 684 2564 757 hoc
2640 694 2779 771 est,
2867 683 3401 772 intrinsecum,
3488 685 3671 782 quia

458 1145 758 1242 pliciter
797 1149 1146 1225 consistit
1192 1151 1271 1228 in
1315 1160 1516 1246 actu,
1583 1163 1652 1225 et
1712 1174 1864 1224 non
1923 1151 2002 1223 in

456 1263 823 1359 potentia.
869 1266 1065 1341 Illud
1098 1290 1254 1340 non
1296 1268 1525 1342 valet.
1584 1267 1755 1340 Non
1791 1266 1998 1341 enim

452 1379 731 1455 dicitur
762 1383 1034 1459 albedo
1067 1384 1314 1481 magis
1357 1386 1568 1459 color
1598 1407 1835 1482 quam
1877 1384 2000 1458 ni-

448 1497 715 1593 gredo,
760 1499 944 1596 quia
999 1500 1243 1598 magis
1312 1503 1601 1577 colorat
1662 1500 1995 1599 superfi-

448 1615 671 1708 ciem,
717 1617 851 1692 sed
884 1640 925 1692 e
957 1627 1250 1714 contra,
1287 1619 1469 1716 quia
1499 1620 1676 1718 plus
1714 1627 1830 1694 est
1895 1618 1988 1694 de

447 1742 725 1807 natura
768 1734 1048 1809 coloris
1092 1734 1171 1809 in
1225 1735 1605 1830 albedine,
1685 1744 1759 1810 et
1815 1734 1986 1810 ideo

448 1850 799 1949 sequitur
838 1854 1044 1950 quod
1086 1854 1328 1950 magis
1360 1862 1625 1929 causat
1663 1853 1744 1927 in
1816 1854 1989 1928 sub-

94 1957 416 2086 ffifffigfflg„
437 1970 669 2068 Jecto.
715 1971 917 2047 Dicit
945 1972 1173 2049 etiam
1214 1973 1417 2049 idem
1463 1972 1742 2049 noctor
1781 1974 1986 2071 quod

91 2085 411 2210 qutffiflsssiffi·
447 2088 699 2164 bonus
745 2113 934 2164 usus
983 2100 1098 2165 est
1138 2091 1415 2164 melius
1465 2113 1695 2188 quam
1766 2090 1983 2182 illud,

444 2228 598 2304 quo
630 2215 856 2282 utens
911 2216 1161 2306 potest
1205 2207 1345 2303 uti,
1389 2218 1463 2282 et
1501 2207 1672 2282 ideo
1725 2207 1989 2305 priva-

441 2321 548 2397 tio
609 2331 726 2398 est
790 2323 1007 2420 pejor
1080 2323 1416 2419 ibidem3
1475 2323 1827 2399 similiter
1872 2334 1986 2399 est

444 2438 752 2534 falsum,
810 2441 994 2537 quia
1042 2441 1496 2539 simpliciter
1537 2442 1812 2516 melius
1870 2451 1984 2516 est

441 2553 660 2651 illud,
697 2579 852 2655 quo
884 2566 1133 2656 potest
1163 2558 1273 2633 uti
1315 2581 1544 2656 quam
1582 2583 1795 2652 uSUS‚
1841 2559 1980 2634 etsi

439 2694 594 2747 non
641 2673 739 2746 sit
795 2674 1288 2749 laudabilius.
1343 2677 1433 2749 Et
1508 2684 1788 2773 praeter
1835 2677 1982 2750 hoc

436 2799 901 2887 sequeretur
981 2791 1185 2888 quod
1264 2801 1479 2867 actus
1562 2791 1980 2866 voluntatis

435 2916 639 2982 esset
663 2907 1001 2982 nobilior
1031 2932 1264 3007 quam
1296 2909 1759 3003 intellectus,
1804 2932 1979 2984 cum

439 3032 658 3099 actus
748 3025 1167 3100 voluntatis
1228 3025 1324 3101 sit
1383 3024 1700 3101 ultimus
1759 3049 1974 3121 usuS,

434 3139 641 3238 quod
701 3149 958 3216 tamen
1019 3140 1182 3240 ipse
1259 3151 1516 3239 negat.
1613 3141 1982 3218 Similiter

436 3257 647 3333 aliud
689 3257 899 3353 dicit,
959 3259 1175 3356 quod,
1218 3260 1581 3359 perfectio
1641 3260 1980 3336 secunda

434 3383 551 3450 est
578 3373 986 3472 perfectior
1016 3398 1248 3473 quam
1281 3375 1643 3474 perfectio
1699 3375 1972 3473 prima,

435 3490 642 3589 quod
686 3490 1163 3590 impossibile
1212 3501 1353 3588 est,
1400 3492 1583 3590 quia
1622 3492 1977 3568 accidens

432 3630 836 3707 nunquam
894 3618 1010 3684 est
1061 3609 1473 3706 perfectius
1548 3610 1979 3684 substantia

434 3721 854 3821 recipiente
889 3723 1277 3799 accidens.

530 3838 721 3914 Dico
760 3838 999 3936 igitur
1027 3840 1232 3937 quod
1266 3841 1553 3915 malum
1591 3843 1841 3939 culpae
1865 3851 1981 3916 est

438 3954 659 4054 pejus
690 3977 924 4052 quam
967 3956 1256 4030 malum
1283 3981 1564 4055 poenae,
1611 3958 1796 4055 quia
1834 3957 1982 4055 pri-

434 4081 566 4146 vat
629 4072 920 4146 bonum
960 4072 1371 4170 perfectius
1425 4097 1657 4171 quam
1716 4099 1972 4173 poena,

435 4212 615 4263 nam
681 4189 909 4285 culpa
975 4188 1224 4286 privat
1272 4189 1560 4263 bonum
1623 4190 1973 4287 justitiae,

438 4308 568 4384 sed
610 4332 841 4406 poena
871 4307 1125 4407 privat
1197 4310 1488 4384 bonum
1560 4312 1971 4387 commodi.

436 4426 813 4503 Neutrum
861 4436 1118 4504 tamen
1180 4430 1457 4504 horum
1524 4429 1775 4527 privat
1829 4432 1981 4506 ·bo-

439 4566 625 4617 num
722 4542 802 4616 in
855 4553 1029 4618 actu
1091 4543 1370 4643 primo,
1451 4546 1583 4620 sed
1663 4546 1980 4629 bonum,

437 4660 645 4759 quod
690 4660 874 4738 dicit
935 4661 1480 4760 perfectionem
1530 4664 1976 4739 secundam.

95 802 669 934 ]‚St,·‚'{¹‚²‘4’¹3”·u¹¹¹¹ss
760 799 1042 874 Doctor
1097 804 1147 895 ⁰,
1220 811 1335 876 est
1391 800 1633 896 magis
1719 801 2006 875 malum
2120 798 2435 894 gradus,
2518 800 2683 874 sine
2763 823 2916 897 quo
2986 809 3237 898 potest
3304 800 3665 897 perfectio

132 936 235 981 art.
299 910 403 983 uit?
464 913 714 1010 culpa,
796 915 976 1012 quia
1055 918 1232 991 facit
1296 916 1690 991 hominem
1762 916 2008 1012 magis
2118 917 2369 1015 prima
2420 941 2761 1011 manere,
2809 942 2963 992 non
3015 928 3130 993 est
3196 918 3290 991 de
3332 917 3666 991 essentia

464 1031 778 1113 malum,
816 1034 1000 1130 quia
1036 1034 1328 1108 bonum
1360 1036 1482 1109 vel
1528 1036 1812 1108 malum
1834 1034 2007 1106 sim-

2116 1055 2315 1125 ejus,

2214 1152 2525 1224 Etcum
2586 1150 2865 1226 dicitur
2921 1160 3215 1250 postea,
3266 1149 3471 1248 quod
3532 1148 3663 1223 ali-

2112 1266 2318 1363 quod
2361 1276 2762 1364 peccatum
2794 1276 2909 1342 est
2937 1266 3364 1354 formaliter,
3392 1290 3650 1365 poena‚

2110 1382 2280 1457 dico
2315 1383 2714 1480 quodlibet
2765 1392 3164 1482 peccatum
3222 1384 3654 1458 secundum

2108 1509 2368 1596 posset
2399 1499 2545 1574 dici
2583 1499 3003 1574 formaliter
3034 1499 3306 1597 culpa3
3345 1501 3489 1572 hoc
3550 1508 3656 1573 ta-

2108 1642 2285 1693 men
2319 1619 2462 1693 erit
2517 1618 2977 1717 inquantum
3021 1627 3136 1693 est
3185 1641 3229 1692 a
3257 1618 3650 1692 voluntate

2106 1745 2389 1827 creata,
2428 1745 2499 1812 et
2531 1760 2936 1835 nunquam
2972 1736 3436 1835 inquantum
3470 1745 3586 1810 est
3608 1759 3651 1810 a

2104 1853 2265 1929 Deo
2317 1852 2465 1928 nisi
2530 1853 2981 1947 deserendo,
3043 1861 3118 1928 et
3187 1851 3648 1950 inquantum

2104 1979 2219 2046 est
2250 1994 2294 2045 a
2318 1971 2508 2063 Deo,
2546 1980 2659 2046 est
2688 1994 2941 2068 poena.

2198 2087 2313 2161 Ad
2346 2087 2579 2178 aliud,
2618 2087 2955 2162 concedo
3003 2085 3207 2185 quod
3249 2109 3294 2160 a
3327 2085 3488 2159 Deo
3519 2109 3647 2182 po·
3680 2094 3998 2209 Addzegun-

2100 2214 2248 2280 test
2289 2228 2455 2280 esse
2507 2203 2925 2280 subtractio
2968 2203 3045 2277 in
3080 2202 3420 2278 secundo
3481 2225 3645 2299 pec·
3905 2197 3918 2211 ‘

2102 2335 2301 2418 cato,
2336 2349 2494 2399 non
2548 2334 2806 2399 autem
2858 2323 2936 2397 in
3017 2323 3266 2422 primo
3327 2322 3642 2397 instanti

2102 2452 2403 2517 naturae
2446 2443 2539 2517 de
2582 2440 2925 2539 potentia
2969 2440 3346 2533 ordinata,
3416 2447 3489 2513 et
3535 2437 3644 2513 sic

2099 2567 2350 2656 potest
2386 2556 2699 2632 Deusin
2732 2556 3074 2632 secundo
3107 2553 3424 2629 instanti
3472 2577 3641 2629 esse

2097 2699 2331 2750 causa
2361 2676 2610 2773 culpae
2642 2697 2797 2748 non
2840 2673 3162 2770 agend0‚
3194 2671 3522 2769 etjuste‚
3560 2680 3644 2744 ut

2095 2789 2384 2864 dictum
2425 2799 2565 2864 est.

2191 2907 2300 2980 Ad
2397 2904 2633 3001 aliud,
2719 2903 2887 2978 dico
2996 2902 3202 3001 quod
3277 2903 3638 2977 voluntas

2093 3031 2350 3099 creata
2371 3045 2526 3096 non
2553 3030 2843 3119 peccat,
2880 3019 3061 3118 quia
3093 3026 3389 3094 tantum
3420 3028 3637 3093 actus

2092 3139 2265 3215 talis
2298 3148 2413 3214 est
2443 3139 2537 3215 ab
2579 3147 2696 3234 ea,
2733 3146 3111 3236 quantum
3159 3134 3251 3210 ad
3288 3136 3641 3212 substan-

2093 3257 2276 3334 tiam
2338 3266 2575 3344 actuS‚
2618 3256 2801 3354 quia
2863 3257 3217 3330 voluntas
3249 3254 3389 3330 Dei
3449 3276 3634 3353 pec-

2093 3385 2301 3452 caret
2358 3374 2433 3448 in
2493 3378 2668 3470 hoc,
2705 3374 2890 3473 quia
2937 3373 3168 3448 etiam
3208 3372 3383 3448 talis
3423 3383 3641 3450 actus

2093 3501 2209 3568 est
2293 3492 2387 3567 ab
2464 3515 2556 3566 ea
2624 3520 2644 3587 ;
2726 3492 2858 3565 sed
2946 3499 3209 3588 peccat
3281 3491 3641 3565 voluntas

2093 3618 2377 3703 creata,
2423 3608 2608 3707 quia
2674 3608 2879 3684 elicit
2927 3608 3160 3682 talem
3221 3615 3505 3702 actum,
3570 3617 3647 3683 et

2093 3725 2549 3800 difformiter
2617 3727 2915 3820 regulae
2983 3747 3146 3798 suae
3183 3751 3202 3818 3
3268 3723 3473 3797 unde
3530 3733 3645 3799 est

2093 3852 2522 3942 peccatum,
2599 3841 3059 3940 inquantum
3153 3839 3455 3915 elicitur
3547 3840 3642 3914 ab

2094 3959 2353 4056 aliquo
2432 3959 2760 4033 debente
2831 3956 3315 4032 concorditer
3408 3979 3636 4052 agere

2096 4075 2412 4171 regulae.
2452 4075 2598 4149 Sed
2663 4097 2815 4147 non
2873 4072 2983 4148 sic
3025 4081 3331 4147 tenetur
3368 4073 3638 4146 volun·

3712 2889 3789 2941 Ad
3826 2892 3927 2939 ter-

3761 2952 3913 3003 tium.

2097 4202 2212 4266 tas
2243 4190 2505 4265 divina
2557 4212 2875 4264 causare
2918 4191 3144 4262 talem
3215 4196 3468 4262 actum
3521 4211 3639 4261 so·

2097 4309 2253 4382 lum
2291 4315 2372 4381 ut
2419 4305 2897 4380 concorditer
2964 4305 3283 4400 regulae,
3341 4302 3474 4378 sed
3544 4326 3637 4377 ex

2096 4421 2438 4521 potentia
2522 4421 2874 4495 ordinata
2937 4427 3244 4494 tenetur
3312 4441 3635 4514 coagere

2096 4538 2413 4615 cuilibet
2451 4536 2653 4613 actui
2684 4534 3104 4612 voluntatis
3141 4543 3446 4610 creatae.
