<?xml version="1.0" encoding="UTF-8"?>
<!DOCTYPE html PUBLIC "-//W3C//DTD XHTML 1.0 Transitional//EN"
    "http://www.w3.org/TR/xhtml1/DTD/xhtml1-transitional.dtd">
<html xmlns="http://www.w3.org/1999/xhtml" xml:lang="en" lang="en">
 <head>
  <title>
</title>
<meta http-equiv="Content-Type" content="text/html;charset=utf-8" />
  <meta name='ocr-system' content='tesseract 3.04.00' />
  <meta name='ocr-capabilities' content='ocr_page ocr_carea ocr_par ocr_line ocrx_word'/>
</head>
<body>
  <div class='ocr_page' id='page_1' title='image "./joannisdunsscot00waddgoog_0300.png"; bbox 0 0 4295 6326; ppageno 0'>
   <div class='ocr_carea' id='block_1_1' title="bbox 648 435 778 505">
    <p class='ocr_par' dir='ltr' id='par_1_1' title="bbox 648 435 778 505">
     <span class='ocr_line' id='line_1_1' title="bbox 648 435 778 505; baseline 0.008 -1"><span class='ocrx_word' id='word_1_1' title='bbox 648 435 778 505; x_wconf 86' lang='lat'><em>280</em></span> 
     </span>
    </p>
   </div>
   <div class='ocr_carea' id='block_1_2' title="bbox 2044 431 2456 503">
    <p class='ocr_par' dir='ltr' id='par_1_2' title="bbox 2044 431 2456 503">
     <span class='ocr_line' id='line_1_2' title="bbox 2044 431 2456 503; baseline 0.002 -2"><span class='ocrx_word' id='word_1_2' title='bbox 2044 431 2288 501; x_wconf 85' lang='lat' dir='ltr'>LIBRI</span> <span class='ocrx_word' id='word_1_3' title='bbox 2333 431 2456 503; x_wconf 89' lang='lat'><strong>111.</strong></span> 
     </span>
    </p>
   </div>
   <div class='ocr_carea' id='block_1_3' title="bbox 1533 966 2976 1122">
    <p class='ocr_par' dir='ltr' id='par_1_3' title="bbox 1533 966 2976 1122">
     <span class='ocr_line' id='line_1_3' title="bbox 1533 966 2976 1122; baseline -0.003 -2"><span class='ocrx_word' id='word_1_4' title='bbox 1533 966 2681 1122; x_wconf 84' lang='lat' dir='ltr'><strong>DISTINCTIO</strong></span> <span class='ocrx_word' id='word_1_5' title='bbox 2786 966 2976 1117; x_wconf 90' lang='lat' dir='ltr'><em>V.</em></span> 
     </span>
    </p>
   </div>
   <div class='ocr_carea' id='block_1_4' title="bbox 1043 1628 1804 1706">
    <p class='ocr_par' dir='ltr' id='par_1_4' title="bbox 1043 1628 1804 1706">
     <span class='ocr_line' id='line_1_4' title="bbox 1043 1628 1804 1706; baseline -0.001 -10"><span class='ocrx_word' id='word_1_6' title='bbox 1043 1628 1452 1706; x_wconf 78' lang='lat' dir='ltr'>QUAESTIO</span> <span class='ocrx_word' id='word_1_7' title='bbox 1506 1628 1804 1696; x_wconf 82' lang='lat' dir='ltr'><strong>UNICA.</strong></span> 
     </span>
    </p>
   </div>
   <div class='ocr_carea' id='block_1_5' title="bbox 664 1800 2203 1995">
    <p class='ocr_par' dir='ltr' id='par_1_5' title="bbox 664 1800 2203 1995">
     <span class='ocr_line' id='line_1_5' title="bbox 664 1800 2203 1887; baseline 0 -16"><span class='ocrx_word' id='word_1_8' title='bbox 664 1806 907 1871; x_wconf 81' lang='lat' dir='ltr'><em>Utrum</em></span> <span class='ocrx_word' id='word_1_9' title='bbox 941 1808 1202 1868; x_wconf 77' lang='lat' dir='ltr'><em>natura</em></span> <span class='ocrx_word' id='word_1_10' title='bbox 1262 1800 1505 1868; x_wconf 68' lang='lat' dir='ltr'><em>divina</em></span> <span class='ocrx_word' id='word_1_11' title='bbox 1553 1802 1786 1887; x_wconf 80' lang='lat' dir='ltr'><em>potuit</em></span> <span class='ocrx_word' id='word_1_12' title='bbox 1851 1821 2203 1871; x_wconf 79' lang='lat' dir='ltr'><em>assumere</em></span> 
     </span>
     <span class='ocr_line' id='line_1_6' title="bbox 1017 1908 1823 1995; baseline -0.002 -20"><span class='ocrx_word' id='word_1_13' title='bbox 1017 1927 1390 1995; x_wconf 78' lang='lat' dir='ltr'><em>personam</em></span> <span class='ocrx_word' id='word_1_14' title='bbox 1448 1917 1749 1976; x_wconf 81' lang='lat' dir='ltr'><em>creatam</em></span> <span class='ocrx_word' id='word_1_15' title='bbox 1788 1908 1823 1973; x_wconf 78' lang='lat'><em>¹?</em></span> 
     </span>
    </p>
   </div>
   <div class='ocr_carea' id='block_1_6' title="bbox 660 2104 2201 2397">
    <p class='ocr_par' dir='ltr' id='par_1_6' title="bbox 660 2104 2201 2397">
     <span class='ocr_line' id='line_1_7' title="bbox 660 2104 2201 2179; baseline 0.003 -17"><span class='ocrx_word' id='word_1_16' title='bbox 660 2104 863 2162; x_wconf 84' lang='lat' dir='ltr'><em>Alens.</em></span> <span class='ocrx_word' id='word_1_17' title='bbox 914 2105 969 2162; x_wconf 82' lang='lat'><strong>2.</strong></span> <span class='ocrx_word' id='word_1_18' title='bbox 1021 2123 1075 2175; x_wconf 83' lang='lat' dir='ltr'><em>p.</em></span> <span class='ocrx_word' id='word_1_19' title='bbox 1129 2124 1181 2178; x_wconf 83' lang='lat' dir='ltr'><em>q.</em></span> <span class='ocrx_word' id='word_1_20' title='bbox 1222 2107 1276 2160; x_wconf 84' lang='lat'><strong>2.</strong></span> <span class='ocrx_word' id='word_1_21' title='bbox 1325 2124 1399 2162; x_wconf 87' lang='lat' dir='ltr'><em>m.</em></span> <span class='ocrx_word' id='word_1_22' title='bbox 1453 2108 1503 2163; x_wconf 87' lang='lat'><em>3.</em></span> <span class='ocrx_word' id='word_1_23' title='bbox 1532 2112 1581 2164; x_wconf 80' lang='lat' dir='ltr'><em>et</em></span> <span class='ocrx_word' id='word_1_24' title='bbox 1610 2126 1662 2179; x_wconf 88' lang='lat' dir='ltr'><em>q.</em></span> <span class='ocrx_word' id='word_1_25' title='bbox 1694 2109 1747 2164; x_wconf 93' lang='lat'><strong>7.</strong></span> <span class='ocrx_word' id='word_1_26' title='bbox 1779 2126 1854 2164; x_wconf 87' lang='lat' dir='ltr'><em>m.</em></span> <span class='ocrx_word' id='word_1_27' title='bbox 1889 2127 1926 2164; x_wconf 83' lang='lat'><strong>1.</strong></span> <span class='ocrx_word' id='word_1_28' title='bbox 1960 2127 2011 2165; x_wconf 84' lang='lat' dir='ltr'><em>a.</em></span> <span class='ocrx_word' id='word_1_29' title='bbox 2044 2111 2098 2166; x_wconf 93' lang='lat'><strong>3.</strong></span> <span class='ocrx_word' id='word_1_30' title='bbox 2132 2111 2201 2166; x_wconf 90' lang='lat' dir='ltr'><em>D.</em></span> 
     </span>
     <span class='ocr_line' id='line_1_8' title="bbox 729 2177 2198 2252; baseline 0.004 -20"><span class='ocrx_word' id='word_1_31' title='bbox 729 2177 935 2233; x_wconf 87' lang='lat' dir='ltr'><em>Thom.</em></span> <span class='ocrx_word' id='word_1_32' title='bbox 993 2178 1046 2235; x_wconf 88' lang='lat'><em>3.</em></span> <span class='ocrx_word' id='word_1_33' title='bbox 1088 2195 1142 2249; x_wconf 87' lang='lat' dir='ltr'><em>p.</em></span> <span class='ocrx_word' id='word_1_34' title='bbox 1197 2195 1246 2249; x_wconf 84' lang='lat' dir='ltr'><em>q.</em></span> <span class='ocrx_word' id='word_1_35' title='bbox 1303 2179 1355 2235; x_wconf 90' lang='grc'><em>3.</em></span> <span class='ocrx_word' id='word_1_36' title='bbox 1406 2196 1458 2233; x_wconf 82' lang='lat' dir='ltr'><em>a.</em></span> <span class='ocrx_word' id='word_1_37' title='bbox 1507 2180 1559 2236; x_wconf 90' lang='lat'><em>3.</em></span> <span class='ocrx_word' id='word_1_38' title='bbox 1594 2186 1646 2236; x_wconf 80' lang='lat' dir='ltr'><em>et</em></span> <span class='ocrx_word' id='word_1_39' title='bbox 1677 2180 1834 2252; x_wconf 76' lang='lat' dir='ltr'><em>hicq.</em></span> <span class='ocrx_word' id='word_1_40' title='bbox 1868 2184 1921 2236; x_wconf 88' lang='lat'><strong>2.</strong></span> <span class='ocrx_word' id='word_1_41' title='bbox 1948 2199 2001 2238; x_wconf 82' lang='lat' dir='ltr'><em>a.</em></span> <span class='ocrx_word' id='word_1_42' title='bbox 2034 2183 2085 2235; x_wconf 83' lang='lat'><strong>2.</strong></span> <span class='ocrx_word' id='word_1_43' title='bbox 2131 2183 2198 2238; x_wconf 89' lang='lat' dir='ltr'><em>D.</em></span> 
     </span>
     <span class='ocr_line' id='line_1_9' title="bbox 730 2248 2199 2325; baseline 0.005 -23"><span class='ocrx_word' id='word_1_44' title='bbox 730 2248 940 2306; x_wconf 80' lang='lat' dir='ltr'><em>Bonav.</em></span> <span class='ocrx_word' id='word_1_45' title='bbox 978 2265 1030 2305; x_wconf 83' lang='lat' dir='ltr'><em>a.</em></span> <span class='ocrx_word' id='word_1_46' title='bbox 1068 2265 1105 2303; x_wconf 93' lang='lat'><strong>1.</strong></span> <span class='ocrx_word' id='word_1_47' title='bbox 1139 2266 1192 2321; x_wconf 82' lang='lat' dir='ltr'><em>q.</em></span> <span class='ocrx_word' id='word_1_48' title='bbox 1227 2251 1311 2304; x_wconf 88' lang='grc'><em>14.</em></span> <span class='ocrx_word' id='word_1_49' title='bbox 1348 2249 1616 2307; x_wconf 83' lang='lat' dir='ltr'><em>Richard.</em></span> <span class='ocrx_word' id='word_1_50' title='bbox 1649 2258 1761 2307; x_wconf 77' lang='lat' dir='ltr'><em>art.</em></span> <span class='ocrx_word' id='word_1_51' title='bbox 1794 2269 1833 2308; x_wconf 88' lang='lat'><strong>1.</strong></span> <span class='ocrx_word' id='word_1_52' title='bbox 1866 2271 1917 2325; x_wconf 90' lang='lat' dir='ltr'><strong>q.</strong></span> <span class='ocrx_word' id='word_1_53' title='bbox 1951 2257 2004 2309; x_wconf 84' lang='grc'><em>2.</em></span> <span class='ocrx_word' id='word_1_54' title='bbox 2029 2254 2199 2309; x_wconf 82' lang='lat' dir='ltr'><em>Suar.</em></span> 
     </span>
     <span class='ocr_line' id='line_1_10' title="bbox 727 2321 2199 2397; baseline 0.005 -23"><span class='ocrx_word' id='word_1_55' title='bbox 727 2321 780 2374; x_wconf 88' lang='lat'><strong>3.</strong></span> <span class='ocrx_word' id='word_1_56' title='bbox 812 2337 869 2390; x_wconf 88' lang='lat' dir='ltr'><strong>p.</strong></span> <span class='ocrx_word' id='word_1_57' title='bbox 899 2324 1027 2375; x_wconf 80' lang='lat' dir='ltr'><em>tom.</em></span> <span class='ocrx_word' id='word_1_58' title='bbox 1054 2336 1092 2375; x_wconf 87' lang='grc' dir='ltr'><em>ι.</em></span> <span class='ocrx_word' id='word_1_59' title='bbox 1125 2323 1265 2392; x_wconf 76' lang='lat' dir='ltr'><em>disp.</em></span> <span class='ocrx_word' id='word_1_60' title='bbox 1301 2323 1384 2378; x_wconf 78' lang='lat'><em>14.</em></span> <span class='ocrx_word' id='word_1_61' title='bbox 1419 2332 1545 2380; x_wconf 78' lang='lat' dir='ltr'><em>sect.</em></span> <span class='ocrx_word' id='word_1_62' title='bbox 1582 2324 1667 2380; x_wconf 89' lang='lat'><strong>17.</strong></span> <span class='ocrx_word' id='word_1_63' title='bbox 1706 2326 1874 2395; x_wconf 80' lang='lat' dir='ltr'><em>Vasq.</em></span> <span class='ocrx_word' id='word_1_64' title='bbox 1923 2324 2068 2397; x_wconf 76' lang='lat' dir='ltr'><em>disp.</em></span> <span class='ocrx_word' id='word_1_65' title='bbox 2109 2326 2199 2381; x_wconf 88' lang='lat'><strong>33.</strong></span> 
     </span>
    </p>
   </div>
   <div class='ocr_carea' id='block_1_7' title="bbox 727 2392 1345 2463">
    <p class='ocr_par' dir='ltr' id='par_1_7' title="bbox 727 2392 1345 2463">
     <span class='ocr_line' id='line_1_11' title="bbox 727 2392 1345 2463; baseline 0.003 -17"><span class='ocrx_word' id='word_1_66' title='bbox 727 2392 880 2448; x_wconf 88' lang='lat' dir='ltr'><em>Scot.</em></span> <span class='ocrx_word' id='word_1_67' title='bbox 916 2393 973 2448; x_wconf 81' lang='lat' dir='ltr'><em>in</em></span> <span class='ocrx_word' id='word_1_68' title='bbox 1002 2392 1175 2449; x_wconf 71' lang='lat' dir='ltr'><em>Oxou.</em></span> <span class='ocrx_word' id='word_1_69' title='bbox 1208 2410 1259 2463; x_wconf 85' lang='lat' dir='ltr'><em>q.</em></span> <span class='ocrx_word' id='word_1_70' title='bbox 1293 2393 1345 2448; x_wconf 82' lang='lat'><strong>2.</strong></span> 
     </span>
    </p>
   </div>
   <div class='ocr_carea' id='block_1_8' title="bbox 313 2566 2215 5591">
    <p class='ocr_par' dir='ltr' id='par_1_8' title="bbox 313 2566 2204 2905">
     <span class='ocr_line' id='line_1_12' title="bbox 447 2566 2204 2673; baseline 0.005 -35"><span class='ocrx_word' id='word_1_71' title='bbox 447 2607 514 2673; x_wconf 44' lang='lat'><em>1.</em></span> <span class='ocrx_word' id='word_1_72' title='bbox 760 2566 978 2654; x_wconf 88' lang='lat' dir='ltr'><em>Quod</em></span> <span class='ocrx_word' id='word_1_73' title='bbox 1013 2568 1144 2659; x_wconf 87' lang='lat' dir='ltr'><em>sic,</em></span> <span class='ocrx_word' id='word_1_74' title='bbox 1184 2569 1367 2666; x_wconf 88' lang='lat' dir='ltr'><em>quia</em></span> <span class='ocrx_word' id='word_1_75' title='bbox 1406 2594 1735 2667; x_wconf 81' lang='lat' dir='ltr'><em>persona</em></span> <span class='ocrx_word' id='word_1_76' title='bbox 1760 2571 2019 2647; x_wconf 86' lang='lat' dir='ltr'><em>divina</em></span> <span class='ocrx_word' id='word_1_77' title='bbox 2060 2599 2204 2671; x_wconf 90' lang='lat' dir='ltr'><em>po-</em></span> 
     </span>
     <span class='ocr_line' id='line_1_13' title="bbox 313 2683 2204 2797; baseline 0.005 -41"><span class='ocrx_word' id='word_1_78' title='bbox 313 2725 629 2797; x_wconf 64' lang='lat' dir='ltr'><em>Argamum.</em></span> <span class='ocrx_word' id='word_1_79' title='bbox 666 2683 803 2758; x_wconf 89' lang='lat' dir='ltr'><em>tuit</em></span> <span class='ocrx_word' id='word_1_80' title='bbox 835 2707 1227 2761; x_wconf 89' lang='lat' dir='ltr'><em>assumere</em></span> <span class='ocrx_word' id='word_1_81' title='bbox 1296 2709 1704 2784; x_wconf 81' lang='lat' dir='ltr'><em>personam</em></span> <span class='ocrx_word' id='word_1_82' title='bbox 1750 2716 1769 2783; x_wconf 92' lang='lat'>;</span> <span class='ocrx_word' id='word_1_83' title='bbox 1841 2689 2075 2786; x_wconf 85' lang='lat' dir='ltr'><em>igitur</em></span> <span class='ocrx_word' id='word_1_84' title='bbox 2130 2702 2204 2766; x_wconf 88' lang='lat' dir='ltr'><em>et</em></span> 
     </span>
     <span class='ocr_line' id='line_1_14' title="bbox 345 2799 2199 2905; baseline 0.005 -33"><span class='ocrx_word' id='word_1_85' title='bbox 345 2799 596 2850; x_wconf 64' lang='lat' dir='ltr'><em>primum.</em></span> <span class='ocrx_word' id='word_1_86' title='bbox 657 2812 936 2876; x_wconf 87' lang='lat' dir='ltr'><em>natura</em></span> <span class='ocrx_word' id='word_1_87' title='bbox 1030 2801 1315 2877; x_wconf 82' lang='lat' dir='ltr'><em>divina.</em></span> <span class='ocrx_word' id='word_1_88' title='bbox 1405 2804 1883 2881; x_wconf 84' lang='lat' dir='ltr'><em>Antecedens</em></span> <span class='ocrx_word' id='word_1_89' title='bbox 1968 2803 2199 2905; x_wconf 80' lang='lat' dir='ltr'><em>patet,</em></span> 
     </span>
    </p>

    <p class='ocr_par' dir='ltr' id='par_1_9' title="bbox 380 2918 2215 5591">
     <span class='ocr_line' id='line_1_15' title="bbox 663 2918 2206 3020; baseline 0.006 -29"><span class='ocrx_word' id='word_1_90' title='bbox 663 2918 843 3017; x_wconf 89' lang='lat' dir='ltr'><em>quia</em></span> <span class='ocrx_word' id='word_1_91' title='bbox 884 2920 1022 2994; x_wconf 83' lang='lat' dir='ltr'><em>etsi</em></span> <span class='ocrx_word' id='word_1_92' title='bbox 1057 2919 1271 3017; x_wconf 89' lang='lat' dir='ltr'><em>prius</em></span> <span class='ocrx_word' id='word_1_93' title='bbox 1303 2920 1570 2996; x_wconf 89' lang='lat' dir='ltr'><em>suisset</em></span> <span class='ocrx_word' id='word_1_94' title='bbox 1600 2921 1726 2998; x_wconf 92' lang='lat' dir='ltr'><em>ille</em></span> <span class='ocrx_word' id='word_1_95' title='bbox 1768 2925 2026 3020; x_wconf 91' lang='lat' dir='ltr'><em>homo,</em></span> <span class='ocrx_word' id='word_1_96' title='bbox 2062 2949 2206 3000; x_wconf 89' lang='lat' dir='ltr'><em>an-</em></span> 
     </span>
     <span class='ocr_line' id='line_1_16' title="bbox 661 3040 2206 3140; baseline 0.006 -33"><span class='ocrx_word' id='word_1_97' title='bbox 661 3044 969 3132; x_wconf 79' lang='lat' dir='ltr'><em>tequam</em></span> <span class='ocrx_word' id='word_1_98' title='bbox 1009 3045 1207 3111; x_wconf 87' lang='lat' dir='ltr'><em>esset</em></span> <span class='ocrx_word' id='word_1_99' title='bbox 1239 3047 1709 3136; x_wconf 89' lang='lat' dir='ltr'><em>assumptus,</em></span> <span class='ocrx_word' id='word_1_100' title='bbox 1763 3040 2014 3116; x_wconf 89' lang='lat' dir='ltr'><em>adhuc</em></span> <span class='ocrx_word' id='word_1_101' title='bbox 2065 3067 2206 3140; x_wconf 93' lang='lat' dir='ltr'><em>po-</em></span> 
     </span>
     <span class='ocr_line' id='line_1_17' title="bbox 663 3151 2205 3251; baseline 0.005 -26"><span class='ocrx_word' id='word_1_102' title='bbox 663 3151 936 3227; x_wconf 89' lang='lat' dir='ltr'><em>tuisset</em></span> <span class='ocrx_word' id='word_1_103' title='bbox 963 3176 1291 3251; x_wconf 89' lang='lat' dir='ltr'><em>persona</em></span> <span class='ocrx_word' id='word_1_104' title='bbox 1321 3154 1811 3232; x_wconf 89' lang='lat' dir='ltr'><em>divinaillam</em></span> <span class='ocrx_word' id='word_1_105' title='bbox 1851 3170 2205 3235; x_wconf 88' lang='lat' dir='ltr'><em>naturam</em></span> 
     </span>
     <span class='ocr_line' id='line_1_18' title="bbox 667 3269 2211 3374; baseline 0.006 -33"><span class='ocrx_word' id='word_1_106' title='bbox 667 3269 1204 3366; x_wconf 78' lang='lat' dir='ltr'><em>assumpsisse,</em></span> <span class='ocrx_word' id='word_1_107' title='bbox 1259 3271 1549 3369; x_wconf 85' lang='lat' dir='ltr'><em>absque</em></span> <span class='ocrx_word' id='word_1_108' title='bbox 1608 3276 1820 3348; x_wconf 92' lang='lat' dir='ltr'><em>omni</em></span> <span class='ocrx_word' id='word_1_109' title='bbox 1887 3300 2211 3374; x_wconf 90' lang='lat' dir='ltr'><em>eorrup-</em></span> 
     </span>
     <span class='ocr_line' id='line_1_19' title="bbox 666 3384 2211 3487; baseline 0.008 -31"><span class='ocrx_word' id='word_1_110' title='bbox 666 3384 873 3459; x_wconf 86' lang='lat' dir='ltr'><em>tione</em></span> <span class='ocrx_word' id='word_1_111' title='bbox 907 3385 1212 3482; x_wconf 82' lang='lat' dir='ltr'><em>positivi</em></span> <span class='ocrx_word' id='word_1_112' title='bbox 1246 3386 1453 3463; x_wconf 92' lang='lat' dir='ltr'><em>illius</em></span> <span class='ocrx_word' id='word_1_113' title='bbox 1493 3413 1870 3487; x_wconf 63' lang='lat' dir='ltr'><em>personas.</em></span> <span class='ocrx_word' id='word_1_114' title='bbox 1920 3393 2211 3467; x_wconf 88' lang='lat' dir='ltr'><em>Conse-</em></span> 
     </span>
     <span class='ocr_line' id='line_1_20' title="bbox 670 3500 2214 3600; baseline 0.007 -28"><span class='ocrx_word' id='word_1_115' title='bbox 670 3500 995 3597; x_wconf 86' lang='lat' dir='ltr'><em>quentia</em></span> <span class='ocrx_word' id='word_1_116' title='bbox 1058 3511 1289 3599; x_wconf 80' lang='lat' dir='ltr'><em>patet‚</em></span> <span class='ocrx_word' id='word_1_117' title='bbox 1354 3503 1537 3600; x_wconf 89' lang='lat' dir='ltr'><em>quia</em></span> <span class='ocrx_word' id='word_1_118' title='bbox 1612 3517 1885 3582; x_wconf 86' lang='lat' dir='ltr'><em>natura</em></span> <span class='ocrx_word' id='word_1_119' title='bbox 1954 3508 2214 3583; x_wconf 87' lang='lat' dir='ltr'><em>divina</em></span> 
     </span>
     <span class='ocr_line' id='line_1_21' title="bbox 669 3620 2210 3723; baseline 0.005 -32"><span class='ocrx_word' id='word_1_120' title='bbox 669 3627 744 3692; x_wconf 89' lang='lat' dir='ltr'><em>et</em></span> <span class='ocrx_word' id='word_1_121' title='bbox 773 3641 1104 3715; x_wconf 88' lang='lat' dir='ltr'><em>persona</em></span> <span class='ocrx_word' id='word_1_122' title='bbox 1145 3629 1325 3693; x_wconf 89' lang='lat' dir='ltr'><em>sunt</em></span> <span class='ocrx_word' id='word_1_123' title='bbox 1400 3620 1601 3696; x_wconf 89' lang='lat' dir='ltr'><em>idem</em></span> <span class='ocrx_word' id='word_1_124' title='bbox 1652 3648 1778 3718; x_wconf 84' lang='lat' dir='ltr'><em>re3</em></span> <span class='ocrx_word' id='word_1_125' title='bbox 1837 3625 2067 3723; x_wconf 86' lang='lat' dir='ltr'><em>igitur</em></span> <span class='ocrx_word' id='word_1_126' title='bbox 2146 3626 2210 3701; x_wconf 89' lang='lat' dir='ltr'><em>si</em></span> 
     </span>
     <span class='ocr_line' id='line_1_22' title="bbox 516 3745 2207 3841; baseline 0.007 -37"><span class='ocrx_word' id='word_1_127' title='bbox 516 3836 521 3841; x_wconf 10' lang='grc' dir='ltr'><strong>ἡ</strong></span> <span class='ocrx_word' id='word_1_128' title='bbox 560 3817 569 3825; x_wconf 41' lang='lat'><em>,</em></span> <span class='ocrx_word' id='word_1_129' title='bbox 610 3815 621 3829; x_wconf 30' lang='grc' dir='ltr'>ι</span> <span class='ocrx_word' id='word_1_130' title='bbox 670 3758 1003 3832; x_wconf 82' lang='lat' dir='ltr'><em>persona</em></span> <span class='ocrx_word' id='word_1_131' title='bbox 1040 3745 1286 3831; x_wconf 90' lang='lat' dir='ltr'><em>potest</em></span> <span class='ocrx_word' id='word_1_132' title='bbox 1319 3760 1711 3816; x_wconf 82' lang='lat' dir='ltr'><em>assumere</em></span> <span class='ocrx_word' id='word_1_133' title='bbox 1771 3765 2207 3839; x_wconf 80' lang='lat' dir='ltr'><em>personam,</em></span> 
     </span>
     <span class='ocr_line' id='line_1_23' title="bbox 565 3840 2206 3956; baseline 0.005 -32"><span class='ocrx_word' id='word_1_134' title='bbox 565 3888 569 3893; x_wconf 95' lang='lat'>·</span> <span class='ocrx_word' id='word_1_135' title='bbox 669 3840 947 3940; x_wconf 84' lang='lat' dir='ltr'><em>natura</em></span> <span class='ocrx_word' id='word_1_136' title='bbox 995 3860 1242 3950; x_wconf 89' lang='lat' dir='ltr'><em>potest</em></span> <span class='ocrx_word' id='word_1_137' title='bbox 1298 3878 1691 3933; x_wconf 86' lang='lat' dir='ltr'><em>assumere</em></span> <span class='ocrx_word' id='word_1_138' title='bbox 1769 3882 2206 3956; x_wconf 89' lang='lat' dir='ltr'><em>personam.</em></span> 
     </span>
     <span class='ocr_line' id='line_1_24' title="bbox 380 3968 2209 4092; baseline 0.007 -53"><span class='ocrx_word' id='word_1_139' title='bbox 380 3968 577 4092; x_wconf 35' lang='lat' dir='ltr'><em>{affl-12</em></span> <span class='ocrx_word' id='word_1_140' title='bbox 769 3970 986 4063; x_wconf 88' lang='lat' dir='ltr'><em>Item,</em></span> <span class='ocrx_word' id='word_1_141' title='bbox 1080 3970 1143 4043; x_wconf 95' lang='lat' dir='ltr'><em>si</em></span> <span class='ocrx_word' id='word_1_142' title='bbox 1257 3974 1740 4070; x_wconf 91' lang='lat' dir='ltr'><em>suppositum</em></span> <span class='ocrx_word' id='word_1_143' title='bbox 1861 3976 2209 4052; x_wconf 86' lang='lat' dir='ltr'><em>divinum</em></span> 
     </span>
     <span class='ocr_line' id='line_1_25' title="bbox 669 4086 2214 4189; baseline 0.005 -28"><span class='ocrx_word' id='word_1_144' title='bbox 669 4086 938 4161; x_wconf 83' lang='lat' dir='ltr'><em>fuisset</em></span> <span class='ocrx_word' id='word_1_145' title='bbox 1013 4086 1478 4183; x_wconf 88' lang='lat' dir='ltr'><em>absolutum,</em></span> <span class='ocrx_word' id='word_1_146' title='bbox 1551 4091 1925 4189; x_wconf 85' lang='lat' dir='ltr'><em>potuisset</em></span> <span class='ocrx_word' id='word_1_147' title='bbox 1990 4117 2214 4168; x_wconf 90' lang='lat' dir='ltr'><em>assu-</em></span> 
     </span>
     <span class='ocr_line' id='line_1_26' title="bbox 668 4208 2215 4306; baseline 0.006 -31"><span class='ocrx_word' id='word_1_148' title='bbox 668 4226 876 4277; x_wconf 88' lang='lat' dir='ltr'><em>mere</em></span> <span class='ocrx_word' id='word_1_149' title='bbox 909 4225 1317 4301; x_wconf 88' lang='lat' dir='ltr'><em>personam</em></span> <span class='ocrx_word' id='word_1_150' title='bbox 1394 4215 1787 4301; x_wconf 85' lang='lat' dir='ltr'><em>creatam3</em></span> <span class='ocrx_word' id='word_1_151' title='bbox 1863 4208 2095 4306; x_wconf 83' lang='lat' dir='ltr'><em>igitur</em></span> <span class='ocrx_word' id='word_1_152' title='bbox 2139 4219 2215 4285; x_wconf 90' lang='lat' dir='ltr'><em>et</em></span> 
     </span>
     <span class='ocr_line' id='line_1_27' title="bbox 666 4322 2212 4417; baseline 0.005 -24"><span class='ocrx_word' id='word_1_153' title='bbox 666 4324 849 4393; x_wconf 80' lang='lat' dir='ltr'><em>tunc</em></span> <span class='ocrx_word' id='word_1_154' title='bbox 909 4329 1183 4393; x_wconf 88' lang='lat' dir='ltr'><em>natura</em></span> <span class='ocrx_word' id='word_1_155' title='bbox 1272 4322 1669 4417; x_wconf 90' lang='lat' dir='ltr'><em>potuisset.</em></span> <span class='ocrx_word' id='word_1_156' title='bbox 1732 4325 2212 4402; x_wconf 84' lang='lat' dir='ltr'><em>Antecedens</em></span> 
     </span>
     <span class='ocr_line' id='line_1_28' title="bbox 665 4436 2211 4539; baseline 0.005 -30"><span class='ocrx_word' id='word_1_157' title='bbox 665 4446 897 4535; x_wconf 87' lang='lat' dir='ltr'><em>patet,</em></span> <span class='ocrx_word' id='word_1_158' title='bbox 932 4436 1114 4533; x_wconf 89' lang='lat' dir='ltr'><em>quia</em></span> <span class='ocrx_word' id='word_1_159' title='bbox 1152 4461 1306 4510; x_wconf 91' lang='lat' dir='ltr'><em>non</em></span> <span class='ocrx_word' id='word_1_160' title='bbox 1342 4447 1455 4513; x_wconf 90' lang='lat' dir='ltr'><em>est</em></span> <span class='ocrx_word' id='word_1_161' title='bbox 1494 4442 1974 4539; x_wconf 88' lang='lat' dir='ltr'><em>suppositum</em></span> <span class='ocrx_word' id='word_1_162' title='bbox 2047 4467 2211 4519; x_wconf 90' lang='lat' dir='ltr'><em>ma-</em></span> 
     </span>
     <span class='ocr_line' id='line_1_29' title="bbox 655 4553 2208 4655; baseline 0.003 -28"><span class='ocrx_word' id='word_1_163' title='bbox 655 4553 851 4650; x_wconf 86' lang='lat' dir='ltr'><em>joris</em></span> <span class='ocrx_word' id='word_1_164' title='bbox 926 4554 1441 4651; x_wconf 82' lang='lat' dir='ltr'><em>perfectionis,</em></span> <span class='ocrx_word' id='word_1_165' title='bbox 1515 4558 1697 4655; x_wconf 91' lang='lat' dir='ltr'><em>quia</em></span> <span class='ocrx_word' id='word_1_166' title='bbox 1776 4559 2208 4653; x_wconf 83' lang='lat' dir='ltr'><em>relativum,</em></span> 
     </span>
     <span class='ocr_line' id='line_1_30' title="bbox 666 4671 2214 4774; baseline 0.005 -30"><span class='ocrx_word' id='word_1_167' title='bbox 666 4693 897 4768; x_wconf 87' lang='lat' dir='ltr'><em>quam</em></span> <span class='ocrx_word' id='word_1_168' title='bbox 970 4671 1030 4745; x_wconf 95' lang='lat' dir='ltr'><em>si</em></span> <span class='ocrx_word' id='word_1_169' title='bbox 1115 4684 1315 4747; x_wconf 90' lang='lat' dir='ltr'><em>esset</em></span> <span class='ocrx_word' id='word_1_170' title='bbox 1394 4674 1887 4770; x_wconf 86' lang='lat' dir='ltr'><em>absolutum3</em></span> <span class='ocrx_word' id='word_1_171' title='bbox 1981 4677 2214 4774; x_wconf 83' lang='lat' dir='ltr'><em>igitur</em></span> 
     </span>
     <span class='ocr_line' id='line_1_31' title="bbox 665 4796 2206 4894; baseline 0.005 -30"><span class='ocrx_word' id='word_1_172' title='bbox 665 4812 840 4864; x_wconf 89' lang='lat' dir='ltr'><em>cum</em></span> <span class='ocrx_word' id='word_1_173' title='bbox 915 4815 1120 4866; x_wconf 90' lang='lat' dir='ltr'><em>nunc</em></span> <span class='ocrx_word' id='word_1_174' title='bbox 1199 4801 1474 4890; x_wconf 87' lang='lat' dir='ltr'><em>potest,</em></span> <span class='ocrx_word' id='word_1_175' title='bbox 1550 4804 1730 4870; x_wconf 89' lang='lat' dir='ltr'><em>tunc</em></span> <span class='ocrx_word' id='word_1_176' title='bbox 1807 4796 2206 4894; x_wconf 89' lang='lat' dir='ltr'><em>potuisset.</em></span> 
     </span>
     <span class='ocr_line' id='line_1_32' title="bbox 664 4907 2213 5009; baseline 0.006 -30"><span class='ocrx_word' id='word_1_177' title='bbox 664 4907 1235 5005; x_wconf 79' lang='lat' dir='ltr'><em>Consequentia</em></span> <span class='ocrx_word' id='word_1_178' title='bbox 1268 4919 1498 5007; x_wconf 88' lang='lat' dir='ltr'><em>patet,</em></span> <span class='ocrx_word' id='word_1_179' title='bbox 1544 4910 1728 5009; x_wconf 89' lang='lat' dir='ltr'><em>quia</em></span> <span class='ocrx_word' id='word_1_180' title='bbox 1760 4922 1944 4987; x_wconf 88' lang='lat' dir='ltr'><em>tunc</em></span> <span class='ocrx_word' id='word_1_181' title='bbox 1996 4924 2213 4988; x_wconf 92' lang='lat' dir='ltr'><em>natu-</em></span> 
     </span>
     <span class='ocr_line' id='line_1_33' title="bbox 662 5026 2212 5128; baseline 0.005 -31"><span class='ocrx_word' id='word_1_182' title='bbox 662 5048 749 5098; x_wconf 88' lang='lat' dir='ltr'><em>ra</em></span> <span class='ocrx_word' id='word_1_183' title='bbox 799 5049 953 5098; x_wconf 91' lang='lat' dir='ltr'><em>non</em></span> <span class='ocrx_word' id='word_1_184' title='bbox 1024 5026 1290 5113; x_wconf 88' lang='lat' dir='ltr'><em>fuisset</em></span> <span class='ocrx_word' id='word_1_185' title='bbox 1349 5026 1710 5104; x_wconf 81' lang='lat' dir='ltr'><em>differens</em></span> <span class='ocrx_word' id='word_1_186' title='bbox 1769 5056 1813 5104; x_wconf 86' lang='lat' dir='ltr'><em>a</em></span> <span class='ocrx_word' id='word_1_187' title='bbox 1880 5054 2212 5128; x_wconf 87' lang='lat' dir='ltr'><em>persona</em></span> 
     </span>
     <span class='ocr_line' id='line_1_34' title="bbox 660 5142 2208 5243; baseline 0.005 -29"><span class='ocrx_word' id='word_1_188' title='bbox 660 5165 770 5235; x_wconf 88' lang='lat' dir='ltr'><em>re,</em></span> <span class='ocrx_word' id='word_1_189' title='bbox 818 5142 948 5215; x_wconf 89' lang='lat' dir='ltr'><em>sed</em></span> <span class='ocrx_word' id='word_1_190' title='bbox 1019 5144 1183 5216; x_wconf 87' lang='lat' dir='ltr'><em>sola</em></span> <span class='ocrx_word' id='word_1_191' title='bbox 1251 5144 1598 5240; x_wconf 84' lang='lat' dir='ltr'><em>ratione3</em></span> <span class='ocrx_word' id='word_1_192' title='bbox 1682 5146 1916 5243; x_wconf 85' lang='lat' dir='ltr'><em>igitur</em></span> <span class='ocrx_word' id='word_1_193' title='bbox 1986 5149 2208 5221; x_wconf 92' lang='lat' dir='ltr'><em>modo</em></span> 
     </span>
     <span class='ocr_line' id='line_1_35' title="bbox 662 5265 2207 5362; baseline 0.003 -30"><span class='ocrx_word' id='word_1_194' title='bbox 662 5269 911 5357; x_wconf 88' lang='lat' dir='ltr'><em>potest</em></span> <span class='ocrx_word' id='word_1_195' title='bbox 952 5269 1227 5334; x_wconf 90' lang='lat' dir='ltr'><em>natura</em></span> <span class='ocrx_word' id='word_1_196' title='bbox 1259 5286 1680 5358; x_wconf 82' lang='lat' dir='ltr'><em>assumere,</em></span> <span class='ocrx_word' id='word_1_197' title='bbox 1718 5265 1901 5362; x_wconf 89' lang='lat' dir='ltr'><em>quia</em></span> <span class='ocrx_word' id='word_1_198' title='bbox 1941 5266 2207 5340; x_wconf 88' lang='lat' dir='ltr'><em>eadem</em></span> 
     </span>
     <span class='ocr_line' id='line_1_36' title="bbox 662 5382 2205 5478; baseline 0.003 -29"><span class='ocrx_word' id='word_1_199' title='bbox 662 5385 941 5450; x_wconf 89' lang='lat' dir='ltr'><em>natura</em></span> <span class='ocrx_word' id='word_1_200' title='bbox 1019 5388 1475 5468; x_wconf 85' lang='lat' dir='ltr'><em>remaneret,</em></span> <span class='ocrx_word' id='word_1_201' title='bbox 1540 5404 1713 5478; x_wconf 83' lang='lat' dir='ltr'><em>quae</em></span> <span class='ocrx_word' id='word_1_202' title='bbox 1760 5405 1994 5475; x_wconf 89' lang='lat' dir='ltr'><em>nunc,</em></span> <span class='ocrx_word' id='word_1_203' title='bbox 2067 5382 2205 5456; x_wconf 88' lang='lat' dir='ltr'><em>etsi</em></span> 
     </span>
     <span class='ocr_line' id='line_1_37' title="bbox 663 5492 1955 5591; baseline 0.003 -25"><span class='ocrx_word' id='word_1_204' title='bbox 663 5492 931 5567; x_wconf 80' lang='lat' dir='ltr'><em>fuisset.</em></span> <span class='ocrx_word' id='word_1_205' title='bbox 964 5493 1445 5591; x_wconf 87' lang='lat' dir='ltr'><em>suppositum</em></span> <span class='ocrx_word' id='word_1_206' title='bbox 1492 5496 1955 5572; x_wconf 87' lang='lat' dir='ltr'><em>absolutum.</em></span> 
     </span>
    </p>
   </div>
   <div class='ocr_carea' id='block_1_9' title="bbox 347 5611 2211 5715">
    <p class='ocr_par' dir='ltr' id='par_1_10' title="bbox 347 5611 2211 5715">
     <span class='ocr_line' id='line_1_38' title="bbox 347 5611 2211 5715; baseline -0.001 -25"><span class='ocrx_word' id='word_1_207' title='bbox 347 5634 598 5691; x_wconf 73' lang='lat' dir='ltr'><em>Tertium.</em></span> <span class='ocrx_word' id='word_1_208' title='bbox 768 5611 983 5707; x_wconf 83' lang='lat' dir='ltr'><em>Item,</em></span> <span class='ocrx_word' id='word_1_209' title='bbox 1010 5634 1353 5710; x_wconf 77' lang='lat' dir='ltr'><em>persona</em></span> <span class='ocrx_word' id='word_1_210' title='bbox 1403 5614 1586 5689; x_wconf 89' lang='lat' dir='ltr'><em>dicit</em></span> <span class='ocrx_word' id='word_1_211' title='bbox 1623 5616 1910 5714; x_wconf 88' lang='lat' dir='ltr'><em>aliquid</em></span> <span class='ocrx_word' id='word_1_212' title='bbox 1953 5616 2211 5715; x_wconf 83' lang='lat' dir='ltr'><em>positi-</em></span> 
     </span>
    </p>
   </div>
   <div class='ocr_carea' id='block_1_10' title="bbox 2311 1376 3859 2863">
    <p class='ocr_par' dir='ltr' id='par_1_11' title="bbox 2311 1376 3859 1928">
     <span class='ocr_line' id='line_1_39' title="bbox 2311 1376 3854 1481; baseline -0.005 -24"><span class='ocrx_word' id='word_1_213' title='bbox 2311 1383 2735 1480; x_wconf 87' lang='lat' dir='ltr'><em>vum,quia</em></span> <span class='ocrx_word' id='word_1_214' title='bbox 2758 1382 2942 1458; x_wconf 89' lang='lat' dir='ltr'><em>dicit</em></span> <span class='ocrx_word' id='word_1_215' title='bbox 2990 1379 3278 1481; x_wconf 89' lang='lat' dir='ltr'><em>aliquid</em></span> <span class='ocrx_word' id='word_1_216' title='bbox 3311 1379 3704 1479; x_wconf 88' lang='lat' dir='ltr'><em>pertinens</em></span> <span class='ocrx_word' id='word_1_217' title='bbox 3762 1376 3854 1451; x_wconf 96' lang='lat' dir='ltr'><em>ad</em></span> 
     </span>
     <span class='ocr_line' id='line_1_40' title="bbox 2312 1494 3859 1596; baseline -0.006 -22"><span class='ocrx_word' id='word_1_218' title='bbox 2312 1500 2760 1596; x_wconf 80' lang='lat' dir='ltr'><em>dignitatem</em></span> <span class='ocrx_word' id='word_1_219' title='bbox 2817 1526 2834 1586; x_wconf 92' lang='lat'>;</span> <span class='ocrx_word' id='word_1_220' title='bbox 2896 1499 3128 1594; x_wconf 79' lang='lat' dir='ltr'><em>igitur</em></span> <span class='ocrx_word' id='word_1_221' title='bbox 3186 1504 3434 1596; x_wconf 90' lang='lat' dir='ltr'><em>potest</em></span> <span class='ocrx_word' id='word_1_222' title='bbox 3480 1494 3765 1571; x_wconf 87' lang='lat' dir='ltr'><em>assumi</em></span> <span class='ocrx_word' id='word_1_223' title='bbox 3815 1517 3859 1566; x_wconf 88' lang='lat' dir='ltr'><em>a</em></span> 
     </span>
     <span class='ocr_line' id='line_1_41' title="bbox 2314 1610 3858 1714; baseline -0.005 -24"><span class='ocrx_word' id='word_1_224' title='bbox 2314 1627 2588 1692; x_wconf 85' lang='lat' dir='ltr'><em>natura</em></span> <span class='ocrx_word' id='word_1_225' title='bbox 2628 1616 2916 1709; x_wconf 83' lang='lat' dir='ltr'><em>divina,</em></span> <span class='ocrx_word' id='word_1_226' title='bbox 2954 1615 3135 1714; x_wconf 91' lang='lat' dir='ltr'><em>quia</em></span> <span class='ocrx_word' id='word_1_227' title='bbox 3195 1612 3565 1713; x_wconf 89' lang='lat' dir='ltr'><em>quidquid</em></span> <span class='ocrx_word' id='word_1_228' title='bbox 3601 1610 3858 1707; x_wconf 84' lang='lat' dir='ltr'><em>digni—</em></span> 
     </span>
     <span class='ocr_line' id='line_1_42' title="bbox 2311 1733 3858 1832; baseline -0.003 -25"><span class='ocrx_word' id='word_1_229' title='bbox 2311 1735 2486 1809; x_wconf 86' lang='lat' dir='ltr'><em>tatis</em></span> <span class='ocrx_word' id='word_1_230' title='bbox 2526 1743 2666 1828; x_wconf 89' lang='lat' dir='ltr'><em>est,</em></span> <span class='ocrx_word' id='word_1_231' title='bbox 2702 1733 3151 1832; x_wconf 86' lang='lat' dir='ltr'><em>simpliciter</em></span> <span class='ocrx_word' id='word_1_232' title='bbox 3226 1739 3475 1829; x_wconf 87' lang='lat' dir='ltr'><em>potest</em></span> <span class='ocrx_word' id='word_1_233' title='bbox 3542 1751 3858 1825; x_wconf 90' lang='lat' dir='ltr'><em>compe-</em></span> 
     </span>
     <span class='ocr_line' id='line_1_43' title="bbox 2313 1850 3150 1928; baseline -0.004 -3"><span class='ocrx_word' id='word_1_234' title='bbox 2313 1861 2469 1928; x_wconf 86' lang='lat' dir='ltr'><em>tere</em></span> <span class='ocrx_word' id='word_1_235' title='bbox 2503 1863 2800 1926; x_wconf 82' lang='lat' dir='ltr'><em>naturae</em></span> <span class='ocrx_word' id='word_1_236' title='bbox 2841 1850 3150 1924; x_wconf 79' lang='lat' dir='ltr'><em>divinae.</em></span> 
     </span>
    </p>

    <p class='ocr_par' dir='ltr' id='par_1_12' title="bbox 2312 1963 3858 2535">
     <span class='ocr_line' id='line_1_44' title="bbox 2410 1963 3856 2066; baseline -0.005 -23"><span class='ocrx_word' id='word_1_237' title='bbox 2410 1969 2890 2066; x_wconf 88' lang='lat' dir='ltr'><em>Oppositum,</em></span> <span class='ocrx_word' id='word_1_238' title='bbox 2935 1968 2999 2042; x_wconf 91' lang='lat' dir='ltr'><em>si</em></span> <span class='ocrx_word' id='word_1_239' title='bbox 3039 1976 3316 2041; x_wconf 88' lang='lat' dir='ltr'><em>natura</em></span> <span class='ocrx_word' id='word_1_240' title='bbox 3355 1963 3617 2038; x_wconf 84' lang='lat' dir='ltr'><em>divina</em></span> <span class='ocrx_word' id='word_1_241' title='bbox 3674 1985 3856 2060; x_wconf 91' lang='lat' dir='ltr'><em>pos-</em></span> 
     </span>
     <span class='ocr_line' id='line_1_45' title="bbox 2313 2091 3849 2182; baseline -0.005 -21"><span class='ocrx_word' id='word_1_242' title='bbox 2313 2096 2426 2161; x_wconf 88' lang='lat' dir='ltr'><em>set</em></span> <span class='ocrx_word' id='word_1_243' title='bbox 2500 2108 2893 2161; x_wconf 86' lang='lat' dir='ltr'><em>assumere</em></span> <span class='ocrx_word' id='word_1_244' title='bbox 2995 2106 3402 2182; x_wconf 87' lang='lat' dir='ltr'><em>personam</em></span> <span class='ocrx_word' id='word_1_245' title='bbox 3487 2091 3849 2175; x_wconf 86' lang='lat' dir='ltr'><em>creatam,</em></span> 
     </span>
     <span class='ocr_line' id='line_1_46' title="bbox 2312 2203 3858 2300; baseline -0.003 -25"><span class='ocrx_word' id='word_1_246' title='bbox 2312 2203 2545 2299; x_wconf 82' lang='lat' dir='ltr'><em>igitur</em></span> <span class='ocrx_word' id='word_1_247' title='bbox 2620 2213 2773 2277; x_wconf 91' lang='lat' dir='ltr'><em>tres</em></span> <span class='ocrx_word' id='word_1_248' title='bbox 2840 2224 3193 2300; x_wconf 74' lang='lat' dir='ltr'><em>personae</em></span> <span class='ocrx_word' id='word_1_249' title='bbox 3260 2209 3575 2298; x_wconf 88' lang='lat' dir='ltr'><em>possent</em></span> <span class='ocrx_word' id='word_1_250' title='bbox 3634 2222 3858 2273; x_wconf 90' lang='lat' dir='ltr'><em>assu-</em></span> 
     </span>
     <span class='ocr_line' id='line_1_47' title="bbox 2314 2316 3858 2418; baseline -0.003 -24"><span class='ocrx_word' id='word_1_251' title='bbox 2314 2344 2520 2395; x_wconf 90' lang='lat' dir='ltr'><em>mere</em></span> <span class='ocrx_word' id='word_1_252' title='bbox 2546 2319 2890 2395; x_wconf 89' lang='lat' dir='ltr'><em>eamdem</em></span> <span class='ocrx_word' id='word_1_253' title='bbox 2934 2341 3374 2418; x_wconf 88' lang='lat' dir='ltr'><em>personam,</em></span> <span class='ocrx_word' id='word_1_254' title='bbox 3436 2316 3658 2413; x_wconf 90' lang='lat' dir='ltr'><em>cujus</em></span> <span class='ocrx_word' id='word_1_255' title='bbox 3715 2342 3858 2414; x_wconf 91' lang='lat' dir='ltr'><em>op-</em></span> 
     </span>
     <span class='ocr_line' id='line_1_48' title="bbox 2313 2434 3496 2535; baseline -0.004 -23"><span class='ocrx_word' id='word_1_256' title='bbox 2313 2437 2649 2535; x_wconf 92' lang='lat' dir='ltr'><em>positum</em></span> <span class='ocrx_word' id='word_1_257' title='bbox 2674 2437 3077 2535; x_wconf 88' lang='lat' dir='ltr'><em>probatum</em></span> <span class='ocrx_word' id='word_1_258' title='bbox 3111 2445 3225 2511; x_wconf 93' lang='lat' dir='ltr'><em>est</em></span> <span class='ocrx_word' id='word_1_259' title='bbox 3257 2434 3496 2534; x_wconf 87' lang='lat' dir='ltr'><em>prius.</em></span> 
     </span>
    </p>

    <p class='ocr_par' dir='ltr' id='par_1_13' title="bbox 2315 2553 3858 2863">
     <span class='ocr_line' id='line_1_49' title="bbox 2414 2553 3858 2648; baseline -0.002 -21"><span class='ocrx_word' id='word_1_260' title='bbox 2414 2554 2723 2648; x_wconf 90' lang='lat' dir='ltr'><em>Item,si</em></span> <span class='ocrx_word' id='word_1_261' title='bbox 2791 2553 2928 2646; x_wconf 90' lang='lat' dir='ltr'><em>sic,</em></span> <span class='ocrx_word' id='word_1_262' title='bbox 2974 2553 3203 2626; x_wconf 89' lang='lat' dir='ltr'><em>simul</em></span> <span class='ocrx_word' id='word_1_263' title='bbox 3262 2559 3462 2626; x_wconf 89' lang='lat' dir='ltr'><em>esset</em></span> <span class='ocrx_word' id='word_1_264' title='bbox 3528 2572 3858 2648; x_wconf 87' lang='lat' dir='ltr'><em>persona</em></span> 
     </span>
     <span class='ocr_line' id='line_1_50' title="bbox 2315 2667 3856 2770; baseline -0.004 -25"><span class='ocrx_word' id='word_1_265' title='bbox 2315 2681 2711 2770; x_wconf 88' lang='lat' dir='ltr'><em>assumpta</em></span> <span class='ocrx_word' id='word_1_266' title='bbox 2750 2670 3035 2768; x_wconf 83' lang='lat' dir='ltr'><em>duplici</em></span> <span class='ocrx_word' id='word_1_267' title='bbox 3095 2667 3636 2769; x_wconf 87' lang='lat' dir='ltr'><em>personalitate</em></span> <span class='ocrx_word' id='word_1_268' title='bbox 3679 2690 3856 2765; x_wconf 88' lang='lat' dir='ltr'><em>per-</em></span> 
     </span>
     <span class='ocr_line' id='line_1_51' title="bbox 2316 2796 2608 2863; baseline -0.007 0"><span class='ocrx_word' id='word_1_269' title='bbox 2316 2796 2608 2863; x_wconf 89' lang='lat' dir='ltr'><em>sonata.</em></span> 
     </span>
    </p>
   </div>
   <div class='ocr_carea' id='block_1_11' title="bbox 3922 2006 4147 2054">
    <p class='ocr_par' dir='ltr' id='par_1_14' title="bbox 3922 2006 4147 2054">
     <span class='ocr_line' id='line_1_52' title="bbox 3922 2006 4147 2054; baseline -0.022 0"><span class='ocrx_word' id='word_1_270' title='bbox 3922 2006 4147 2054; x_wconf 65' lang='lat' dir='ltr'><em>Contra.</em></span> 
     </span>
    </p>
   </div>
   <div class='ocr_carea' id='block_1_12' title="bbox 2898 3095 3288 3154">
    <p class='ocr_par' dir='ltr' id='par_1_15' title="bbox 2898 3095 3288 3154">
     <span class='ocr_line' id='line_1_53' title="bbox 2898 3095 3288 3154; baseline -0.003 -1"><span class='ocrx_word' id='word_1_271' title='bbox 2898 3095 3288 3154; x_wconf 85' lang='lat' dir='ltr'><strong>SCHOLIUM.</strong></span> 
     </span>
    </p>
   </div>
   <div class='ocr_carea' id='block_1_13' title="bbox 2319 3248 3866 3859">
    <p class='ocr_par' dir='ltr' id='par_1_16' title="bbox 2319 3248 3866 3859">
     <span class='ocr_line' id='line_1_54' title="bbox 2389 3248 3857 3320; baseline -0.005 -12"><span class='ocrx_word' id='word_1_272' title='bbox 2389 3252 2607 3308; x_wconf 81' lang='lat' dir='ltr'><em>Natura</em></span> <span class='ocrx_word' id='word_1_273' title='bbox 2655 3250 2847 3306; x_wconf 82' lang='lat' dir='ltr'><em>divina</em></span> <span class='ocrx_word' id='word_1_274' title='bbox 2891 3266 3006 3306; x_wconf 88' lang='lat' dir='ltr'><em>non</em></span> <span class='ocrx_word' id='word_1_275' title='bbox 3066 3248 3410 3320; x_wconf 80' lang='lat' dir='ltr'><em>assumpsit,</em></span> <span class='ocrx_word' id='word_1_276' title='bbox 3460 3264 3529 3303; x_wconf 84' lang='lat' dir='ltr'><em>ex</em></span> <span class='ocrx_word' id='word_1_277' title='bbox 3570 3248 3629 3305; x_wconf 88' lang='lat' dir='ltr'><strong>d.</strong></span> <span class='ocrx_word' id='word_1_278' title='bbox 3662 3264 3702 3303; x_wconf 93' lang='grc' dir='ltr'><em>ι.</em></span> <span class='ocrx_word' id='word_1_279' title='bbox 3728 3263 3784 3318; x_wconf 92' lang='lat' dir='ltr'><em>q.</em></span> <span class='ocrx_word' id='word_1_280' title='bbox 3821 3263 3857 3301; x_wconf 88' lang='lat'><strong>1.</strong></span> 
     </span>
     <span class='ocr_line' id='line_1_55' title="bbox 2323 3336 3860 3414; baseline -0.007 -15"><span class='ocrx_word' id='word_1_281' title='bbox 2323 3357 2509 3414; x_wconf 86' lang='lat' dir='ltr'><em>neque</em></span> <span class='ocrx_word' id='word_1_282' title='bbox 2546 3355 2850 3396; x_wconf 75' lang='lat' dir='ltr'><em>assumere</em></span> <span class='ocrx_word' id='word_1_283' title='bbox 2897 3343 3087 3411; x_wconf 79' lang='lat' dir='ltr'><em>potest</em></span> <span class='ocrx_word' id='word_1_284' title='bbox 3132 3337 3514 3411; x_wconf 75' lang='lat' dir='ltr'><em>hypostatice,</em></span> <span class='ocrx_word' id='word_1_285' title='bbox 3562 3336 3665 3392; x_wconf 89' lang='lat' dir='ltr'><em>sed</em></span> <span class='ocrx_word' id='word_1_286' title='bbox 3711 3336 3860 3407; x_wconf 89' lang='lat' dir='ltr'><em>quod</em></span> 
     </span>
     <span class='ocr_line' id='line_1_56' title="bbox 2323 3428 3866 3503; baseline -0.005 -15"><span class='ocrx_word' id='word_1_287' title='bbox 2323 3433 2638 3489; x_wconf 86' lang='lat' dir='ltr'><em>terminare</em></span> <span class='ocrx_word' id='word_1_288' title='bbox 2688 3430 2878 3503; x_wconf 81' lang='lat' dir='ltr'><em>possit</em></span> <span class='ocrx_word' id='word_1_289' title='bbox 2922 3428 3372 3503; x_wconf 72' lang='lat' dir='ltr'><em>dependentium</em></span> <span class='ocrx_word' id='word_1_290' title='bbox 3416 3432 3656 3494; x_wconf 78' lang='lat' dir='ltr'><em>naturae,</em></span> <span class='ocrx_word' id='word_1_291' title='bbox 3706 3431 3866 3482; x_wconf 85' lang='lat' dir='ltr'><em>tenet</em></span> 
     </span>
     <span class='ocr_line' id='line_1_57' title="bbox 2320 3520 3861 3591; baseline -0.004 -15"><span class='ocrx_word' id='word_1_292' title='bbox 2320 3521 2528 3578; x_wconf 86' lang='lat' dir='ltr'><em>Doctor</em></span> <span class='ocrx_word' id='word_1_293' title='bbox 2567 3520 2702 3576; x_wconf 81' lang='lat' dir='ltr'><em>dist.</em></span> <span class='ocrx_word' id='word_1_294' title='bbox 2756 3537 2796 3575; x_wconf 84' lang='lat'><strong>1.</strong></span> <span class='ocrx_word' id='word_1_295' title='bbox 2855 3523 3060 3591; x_wconf 84' lang='lat' dir='ltr'><em>quaest.</em></span> <span class='ocrx_word' id='word_1_296' title='bbox 3111 3536 3150 3572; x_wconf 86' lang='lat'><strong>1.</strong></span> <span class='ocrx_word' id='word_1_297' title='bbox 3199 3522 3258 3573; x_wconf 81' lang='lat' dir='ltr'><em>at</em></span> <span class='ocrx_word' id='word_1_298' title='bbox 3303 3520 3611 3589; x_wconf 79' lang='lat' dir='ltr'><em>repugnat,</em></span> <span class='ocrx_word' id='word_1_299' title='bbox 3662 3531 3861 3588; x_wconf 89' lang='lat' dir='ltr'><em>perso·</em></span> 
     </span>
     <span class='ocr_line' id='line_1_58' title="bbox 2322 3605 3863 3678; baseline -0.005 -11"><span class='ocrx_word' id='word_1_300' title='bbox 2322 3627 2454 3667; x_wconf 82' lang='lat' dir='ltr'><em>narn</em></span> <span class='ocrx_word' id='word_1_301' title='bbox 2489 3611 2606 3666; x_wconf 90' lang='lat' dir='ltr'><em>ullo</em></span> <span class='ocrx_word' id='word_1_302' title='bbox 2639 3610 2808 3666; x_wconf 89' lang='lat' dir='ltr'><em>modo</em></span> <span class='ocrx_word' id='word_1_303' title='bbox 2839 3607 3086 3675; x_wconf 78' lang='lat' dir='ltr'><em>assumi,</em></span> <span class='ocrx_word' id='word_1_304' title='bbox 3132 3608 3269 3678; x_wconf 82' lang='lat' dir='ltr'><em>quia</em></span> <span class='ocrx_word' id='word_1_305' title='bbox 3325 3606 3595 3662; x_wconf 77' lang='lat' dir='ltr'><em>consistit</em></span> <span class='ocrx_word' id='word_1_306' title='bbox 3648 3606 3704 3661; x_wconf 86' lang='lat' dir='ltr'><em>in</em></span> <span class='ocrx_word' id='word_1_307' title='bbox 3751 3605 3863 3660; x_wconf 87' lang='lat' dir='ltr'><em>du·</em></span> 
     </span>
     <span class='ocr_line' id='line_1_59' title="bbox 2319 3695 3863 3771; baseline -0.003 -17"><span class='ocrx_word' id='word_1_308' title='bbox 2319 3699 2453 3771; x_wconf 83' lang='lat' dir='ltr'><em>plici</em></span> <span class='ocrx_word' id='word_1_309' title='bbox 2488 3699 2740 3771; x_wconf 82' lang='lat' dir='ltr'><em>negati0,</em></span> <span class='ocrx_word' id='word_1_310' title='bbox 2773 3714 3024 3769; x_wconf 82' lang='lat' dir='ltr'><em>quarum</em></span> <span class='ocrx_word' id='word_1_311' title='bbox 3057 3697 3237 3752; x_wconf 79' lang='lat' dir='ltr'><em>altera</em></span> <span class='ocrx_word' id='word_1_312' title='bbox 3268 3696 3480 3766; x_wconf 78' lang='lat' dir='ltr'><em>aberit,</em></span> <span class='ocrx_word' id='word_1_313' title='bbox 3509 3695 3559 3751; x_wconf 92' lang='lat' dir='ltr'><em>si</em></span> <span class='ocrx_word' id='word_1_314' title='bbox 3589 3711 3863 3751; x_wconf 79' lang='lat' dir='ltr'><em>assuma-</em></span> 
     </span>
     <span class='ocr_line' id='line_1_60' title="bbox 2319 3778 3662 3859; baseline -0.005 -14"><span class='ocrx_word' id='word_1_315' title='bbox 2319 3794 2434 3857; x_wconf 83' lang='lat' dir='ltr'><em>tur,</em></span> <span class='ocrx_word' id='word_1_316' title='bbox 2469 3788 2688 3844; x_wconf 82' lang='lat' dir='ltr'><em>seilicet</em></span> <span class='ocrx_word' id='word_1_317' title='bbox 2719 3778 2946 3859; x_wconf 78' lang='lat' dir='ltr'><em>negatio</em></span> <span class='ocrx_word' id='word_1_318' title='bbox 2970 3784 3216 3843; x_wconf 82' lang='lat' dir='ltr'><em>actualis</em></span> <span class='ocrx_word' id='word_1_319' title='bbox 3246 3785 3662 3858; x_wconf 77' lang='lat' dir='ltr'><em>dependentiae.</em></span> 
     </span>
    </p>
   </div>
   <div class='ocr_carea' id='block_1_14' title="bbox 2320 3969 4225 5588">
    <p class='ocr_par' dir='ltr' id='par_1_17' title="bbox 2320 3969 4225 5588">
     <span class='ocr_line' id='line_1_61' title="bbox 2420 3969 4100 4069; baseline -0.001 -25"><span class='ocrx_word' id='word_1_320' title='bbox 2420 3970 2531 4044; x_wconf 85' lang='lat' dir='ltr'><em>Ad</em></span> <span class='ocrx_word' id='word_1_321' title='bbox 2577 3970 3082 4068; x_wconf 79' lang='lat' dir='ltr'><em>quaestionem</em></span> <span class='ocrx_word' id='word_1_322' title='bbox 3125 3969 3293 4043; x_wconf 86' lang='lat' dir='ltr'><em>dico</em></span> <span class='ocrx_word' id='word_1_323' title='bbox 3336 3970 3609 4067; x_wconf 84' lang='lat' dir='ltr'><em>primo,</em></span> <span class='ocrx_word' id='word_1_324' title='bbox 3657 3969 3860 4069; x_wconf 92' lang='lat' dir='ltr'><em>quod</em></span> <span class='ocrx_word' id='word_1_325' title='bbox 4025 4000 4100 4068; x_wconf 54' lang='lat'><em>2,</em></span> 
     </span>
     <span class='ocr_line' id='line_1_62' title="bbox 2329 4085 4199 4183; baseline 0.004 -23"><span class='ocrx_word' id='word_1_326' title='bbox 2329 4097 2598 4161; x_wconf 89' lang='lat' dir='ltr'><em>natura</em></span> <span class='ocrx_word' id='word_1_327' title='bbox 2672 4085 2933 4160; x_wconf 88' lang='lat' dir='ltr'><em>divina</em></span> <span class='ocrx_word' id='word_1_328' title='bbox 3008 4108 3161 4160; x_wconf 91' lang='lat' dir='ltr'><em>non</em></span> <span class='ocrx_word' id='word_1_329' title='bbox 3223 4085 3661 4183; x_wconf 89' lang='lat' dir='ltr'><em>assumpsit.</em></span> <span class='ocrx_word' id='word_1_330' title='bbox 3725 4085 3861 4161; x_wconf 81' lang='lat' dir='ltr'><em>Se·</em></span> <span class='ocrx_word' id='word_1_331' title='bbox 3939 4113 4199 4167; x_wconf 64' lang='lat' dir='ltr'><em>essentia</em></span> 
     </span>
     <span class='ocr_line' id='line_1_63' title="bbox 2324 4190 4225 4300; baseline 0.001 -21"><span class='ocrx_word' id='word_1_332' title='bbox 2324 4203 2604 4297; x_wconf 81' lang='lat' dir='ltr'><em>cundO,</em></span> <span class='ocrx_word' id='word_1_333' title='bbox 2649 4204 2874 4278; x_wconf 86' lang='lat' dir='ltr'><em>eredo</em></span> <span class='ocrx_word' id='word_1_334' title='bbox 2935 4202 3137 4300; x_wconf 91' lang='lat' dir='ltr'><em>quod</em></span> <span class='ocrx_word' id='word_1_335' title='bbox 3217 4226 3371 4276; x_wconf 92' lang='lat' dir='ltr'><em>non</em></span> <span class='ocrx_word' id='word_1_336' title='bbox 3440 4203 3686 4300; x_wconf 90' lang='lat' dir='ltr'><em>potuit</em></span> <span class='ocrx_word' id='word_1_337' title='bbox 3751 4190 4225 4298; x_wconf 60' lang='lat' dir='ltr'><em>as·2,‘}{¹‚u⁸0⁸32{.</em></span> 
     </span>
     <span class='ocr_line' id='line_1_64' title="bbox 2324 4318 4184 4430; baseline -0.001 -34"><span class='ocrx_word' id='word_1_338' title='bbox 2324 4343 2656 4396; x_wconf 89' lang='lat' dir='ltr'><em>sumere.</em></span> <span class='ocrx_word' id='word_1_339' title='bbox 2735 4320 3012 4414; x_wconf 89' lang='lat' dir='ltr'><em>Tertio,</em></span> <span class='ocrx_word' id='word_1_340' title='bbox 3071 4318 3276 4417; x_wconf 91' lang='lat' dir='ltr'><em>quod</em></span> <span class='ocrx_word' id='word_1_341' title='bbox 3364 4318 3860 4394; x_wconf 86' lang='lat' dir='ltr'><em>contradictio</em></span> <span class='ocrx_word' id='word_1_342' title='bbox 3955 4318 4184 4430; x_wconf 48' lang='lat'><em>2¹33?</em></span> 
     </span>
     <span class='ocr_line' id='line_1_65' title="bbox 2324 4436 3861 4537; baseline -0.001 -24"><span class='ocrx_word' id='word_1_343' title='bbox 2324 4448 2463 4532; x_wconf 91' lang='lat' dir='ltr'><em>est,</em></span> <span class='ocrx_word' id='word_1_344' title='bbox 2526 4461 2929 4537; x_wconf 89' lang='lat' dir='ltr'><em>personam</em></span> <span class='ocrx_word' id='word_1_345' title='bbox 3025 4436 3361 4512; x_wconf 84' lang='lat' dir='ltr'><em>divinam</em></span> <span class='ocrx_word' id='word_1_346' title='bbox 3468 4460 3861 4511; x_wconf 88' lang='lat' dir='ltr'><em>assumere</em></span> 
     </span>
     <span class='ocr_line' id='line_1_66' title="bbox 2323 4562 3868 4655; baseline -0.001 -25"><span class='ocrx_word' id='word_1_347' title='bbox 2323 4578 2732 4655; x_wconf 88' lang='lat' dir='ltr'><em>personam</em></span> <span class='ocrx_word' id='word_1_348' title='bbox 2801 4562 3161 4647; x_wconf 89' lang='lat' dir='ltr'><em>creatam,</em></span> <span class='ocrx_word' id='word_1_349' title='bbox 3236 4562 3593 4629; x_wconf 89' lang='lat' dir='ltr'><em>manente</em></span> <span class='ocrx_word' id='word_1_350' title='bbox 3671 4563 3868 4629; x_wconf 88' lang='lat' dir='ltr'><em>utra-</em></span> 
     </span>
     <span class='ocr_line' id='line_1_67' title="bbox 2325 4670 3865 4771; baseline -0.001 -25"><span class='ocrx_word' id='word_1_351' title='bbox 2325 4695 2475 4771; x_wconf 90' lang='lat' dir='ltr'><em>que</em></span> <span class='ocrx_word' id='word_1_352' title='bbox 2581 4671 3150 4769; x_wconf 86' lang='lat' dir='ltr'><em>personalitate.</em></span> <span class='ocrx_word' id='word_1_353' title='bbox 3217 4670 3560 4744; x_wconf 91' lang='lat' dir='ltr'><em>Primum</em></span> <span class='ocrx_word' id='word_1_354' title='bbox 3633 4680 3865 4770; x_wconf 86' lang='lat' dir='ltr'><em>patet,</em></span> 
     </span>
     <span class='ocr_line' id='line_1_68' title="bbox 2325 4788 3875 4888; baseline -0.001 -24"><span class='ocrx_word' id='word_1_355' title='bbox 2325 4790 2530 4888; x_wconf 87' lang='lat' dir='ltr'><em>quod</em></span> <span class='ocrx_word' id='word_1_356' title='bbox 2571 4788 2906 4864; x_wconf 89' lang='lat' dir='ltr'><em>essentia</em></span> <span class='ocrx_word' id='word_1_357' title='bbox 2939 4812 3090 4863; x_wconf 90' lang='lat' dir='ltr'><em>non</em></span> <span class='ocrx_word' id='word_1_358' title='bbox 3135 4789 3483 4879; x_wconf 86' lang='lat' dir='ltr'><em>assumit,</em></span> <span class='ocrx_word' id='word_1_359' title='bbox 3521 4788 3704 4887; x_wconf 91' lang='lat' dir='ltr'><em>quia</em></span> <span class='ocrx_word' id='word_1_360' title='bbox 3760 4813 3875 4864; x_wconf 88' lang='lat' dir='ltr'><em>as-</em></span> 
     </span>
     <span class='ocr_line' id='line_1_69' title="bbox 2325 4906 3873 4994; baseline -0.001 -12"><span class='ocrx_word' id='word_1_361' title='bbox 2325 4930 2628 4982; x_wconf 89' lang='lat' dir='ltr'><em>sumere</em></span> <span class='ocrx_word' id='word_1_362' title='bbox 2679 4914 2794 4981; x_wconf 90' lang='lat' dir='ltr'><em>est</em></span> <span class='ocrx_word' id='word_1_363' title='bbox 2860 4906 2950 4979; x_wconf 89' lang='lat' dir='ltr'><em>ad</em></span> <span class='ocrx_word' id='word_1_364' title='bbox 3012 4930 3092 4981; x_wconf 90' lang='lat' dir='ltr'><em>se</em></span> <span class='ocrx_word' id='word_1_365' title='bbox 3148 4928 3498 4994; x_wconf 66' lang='lat' dir='ltr'><em>sumere.</em></span> <span class='ocrx_word' id='word_1_366' title='bbox 3549 4906 3681 4981; x_wconf 91' lang='lat' dir='ltr'><em>sed</em></span> <span class='ocrx_word' id='word_1_367' title='bbox 3729 4907 3873 4981; x_wconf 91' lang='lat' dir='ltr'><em>hoc</em></span> 
     </span>
     <span class='ocr_line' id='line_1_70' title="bbox 2323 5022 3875 5122; baseline 0 -25"><span class='ocrx_word' id='word_1_368' title='bbox 2323 5022 2758 5100; x_wconf 87' lang='lat' dir='ltr'><em>necessario</em></span> <span class='ocrx_word' id='word_1_369' title='bbox 2792 5031 2903 5098; x_wconf 89' lang='lat' dir='ltr'><em>est</em></span> <span class='ocrx_word' id='word_1_370' title='bbox 2962 5023 3339 5122; x_wconf 90' lang='lat' dir='ltr'><em>suppositi</em></span> <span class='ocrx_word' id='word_1_371' title='bbox 3373 5050 3390 5117; x_wconf 91' lang='lat'>;</span> <span class='ocrx_word' id='word_1_372' title='bbox 3430 5023 3600 5097; x_wconf 90' lang='lat' dir='ltr'><em>ideo</em></span> <span class='ocrx_word' id='word_1_373' title='bbox 3640 5022 3875 5119; x_wconf 82' lang='lat' dir='ltr'><em>Logi-</em></span> 
     </span>
     <span class='ocr_line' id='line_1_71' title="bbox 2322 5142 3874 5243; baseline -0.005 -22"><span class='ocrx_word' id='word_1_374' title='bbox 2322 5169 2406 5221; x_wconf 93' lang='lat' dir='ltr'><em>ce</em></span> <span class='ocrx_word' id='word_1_375' title='bbox 2463 5143 2878 5243; x_wconf 85' lang='lat' dir='ltr'><em>loquendo,</em></span> <span class='ocrx_word' id='word_1_376' title='bbox 2916 5142 3339 5240; x_wconf 90' lang='lat' dir='ltr'><em>assumptio</em></span> <span class='ocrx_word' id='word_1_377' title='bbox 3410 5165 3562 5215; x_wconf 90' lang='lat' dir='ltr'><em>non</em></span> <span class='ocrx_word' id='word_1_378' title='bbox 3625 5150 3874 5239; x_wconf 92' lang='lat' dir='ltr'><em>potest</em></span> 
     </span>
     <span class='ocr_line' id='line_1_72' title="bbox 2321 5259 3873 5354; baseline -0.005 -15"><span class='ocrx_word' id='word_1_379' title='bbox 2321 5287 2488 5339; x_wconf 91' lang='lat' dir='ltr'><em>esse</em></span> <span class='ocrx_word' id='word_1_380' title='bbox 2533 5272 2875 5354; x_wconf 79' lang='lat' dir='ltr'><em>naturoe3</em></span> <span class='ocrx_word' id='word_1_381' title='bbox 2913 5284 3054 5335; x_wconf 90' lang='lat' dir='ltr'><em>nec</em></span> <span class='ocrx_word' id='word_1_382' title='bbox 3124 5260 3351 5334; x_wconf 86' lang='lat' dir='ltr'><em>etiam</em></span> <span class='ocrx_word' id='word_1_383' title='bbox 3423 5259 3731 5335; x_wconf 86' lang='lat' dir='ltr'><em>realiter</em></span> <span class='ocrx_word' id='word_1_384' title='bbox 3773 5260 3873 5333; x_wconf 91' lang='lat' dir='ltr'><em>lo-</em></span> 
     </span>
     <span class='ocr_line' id='line_1_73' title="bbox 2321 5376 3870 5480; baseline -0.004 -25"><span class='ocrx_word' id='word_1_385' title='bbox 2321 5380 2655 5480; x_wconf 88' lang='lat' dir='ltr'><em>quendo,</em></span> <span class='ocrx_word' id='word_1_386' title='bbox 2720 5377 2904 5475; x_wconf 85' lang='lat' dir='ltr'><em>quia</em></span> <span class='ocrx_word' id='word_1_387' title='bbox 2969 5400 3363 5452; x_wconf 88' lang='lat' dir='ltr'><em>assumere</em></span> <span class='ocrx_word' id='word_1_388' title='bbox 3440 5376 3686 5451; x_wconf 84' lang='lat' dir='ltr'><em>active</em></span> <span class='ocrx_word' id='word_1_389' title='bbox 3757 5386 3870 5451; x_wconf 89' lang='lat' dir='ltr'><em>est</em></span> 
     </span>
     <span class='ocr_line' id='line_1_74' title="bbox 2320 5494 3872 5588; baseline -0.004 -16"><span class='ocrx_word' id='word_1_390' title='bbox 2320 5520 2366 5572; x_wconf 87' lang='lat' dir='ltr'><em>a</em></span> <span class='ocrx_word' id='word_1_391' title='bbox 2412 5506 2570 5571; x_wconf 88' lang='lat' dir='ltr'><em>tota</em></span> <span class='ocrx_word' id='word_1_392' title='bbox 2628 5494 2990 5569; x_wconf 90' lang='lat' dir='ltr'><em>Trinitate</em></span> <span class='ocrx_word' id='word_1_393' title='bbox 3045 5522 3063 5588; x_wconf 84' lang='lat'><em>3</em></span> <span class='ocrx_word' id='word_1_394' title='bbox 3146 5502 3219 5568; x_wconf 92' lang='lat' dir='ltr'><em>et</em></span> <span class='ocrx_word' id='word_1_395' title='bbox 3294 5516 3686 5569; x_wconf 89' lang='lat' dir='ltr'><em>assumere</em></span> <span class='ocrx_word' id='word_1_396' title='bbox 3729 5502 3872 5568; x_wconf 89' lang='lat' dir='ltr'><em>ter-</em></span> 
     </span>
    </p>
   </div>
   <div class='ocr_carea' id='block_1_15' title="bbox 2320 5611 3869 5690">
    <p class='ocr_par' dir='ltr' id='par_1_18' title="bbox 2320 5611 3869 5690">
     <span class='ocr_line' id='line_1_75' title="bbox 2320 5611 3869 5690; baseline 0 -2"><span class='ocrx_word' id='word_1_397' title='bbox 2320 5614 2684 5690; x_wconf 81' lang='lat' dir='ltr'><em>minative</em></span> <span class='ocrx_word' id='word_1_398' title='bbox 2718 5622 2830 5688; x_wconf 91' lang='lat' dir='ltr'><em>est</em></span> <span class='ocrx_word' id='word_1_399' title='bbox 2872 5611 3285 5688; x_wconf 85' lang='lat' dir='ltr'><em>terminare</em></span> <span class='ocrx_word' id='word_1_400' title='bbox 3344 5622 3696 5687; x_wconf 89' lang='lat' dir='ltr'><em>naturam</em></span> <span class='ocrx_word' id='word_1_401' title='bbox 3741 5635 3869 5688; x_wconf 87' lang='lat' dir='ltr'><em>as-</em></span> 
     </span>
    </p>
   </div>
  </div>
 </body>
</html>
