4295 6326
110 1721 322 1784 Argum

1503 371 1729 441 DlST.
1781 366 2036 437 xvlll.
2089 361 2507 445 QUAESTIO
2556 361 2642 431 ΙῘ.

981 730 1381 813 QUAESTlo
1428 730 1515 796 ll.

468 912 717 978 Utrum
784 911 968 973 Deus
1030 907 1254 988 polest
1321 895 1664 964 remittere
1731 889 2008 976 culpam

774 1014 928 1081 sine
984 1008 1342 1095 infusione
1387 1004 1631 1091 oratiae
1665 1001 1701 1066 Ρ

464 1211 677 1266 Doctor
724 1207 794 1262 de
836 1204 946 1259 bac
996 1202 1117 1274 agit
1162 1202 1217 1254 2.
1269 1200 1393 1252 ctist.
1441 1196 1530 1251 28.
1565 1211 1682 1266 q.1.
1715 1196 1767 1248 et
1796 1192 1848 1246 3.
1881 1190 2007 1245 ctist.

535 1283 625 1337 23.
659 1287 713 1334 et
745 1279 796 1333 4.
820 1276 874 1332 d.
906 1277 995 1331 25.
1030 1291 1082 1345 q.
1117 1290 1155 1327 1.
1188 1277 1242 1327 et
1268 1269 1397 1325 dist.
1434 1268 1518 1322 16.
1543 1283 1597 1337 q.
1651 1268 1704 1320 2.
1757 1268 1921 1319 Suar.
1952 1262 2007 1316 7.

536 1353 603 1409 de
622 1354 809 1423 qratia
838 1365 887 1404 c.
921 1347 1011 1401 22.
1047 1344 1223 1415 Vasq.
1256 1358 1295 1397 ι.
1325 1342 1381 1396 2.
1413 1341 1469 1395 d.
1500 1340 1590 1393 27.
1625 1336 1833 1393 Scotus
1866 1335 1917 1390 4.
1948 1335 2008 1390 cI.

542 1425 627 1480 15.
652 1440 703 1496 q.
749 1438 784 1475 1.
816 1418 1085 1475 Bellarm.
1121 1416 1186 1471 de
1222 1412 1450 1483 Justific.

569 1600 926 1677 Secundo
987 1595 1409 1694 quaeritur:
1482 1590 1753 1664 Utrum
1798 1586 2012 1660 Deus

329 1724 440 1772 ⁰¹¹²·
460 1720 708 1820 possit
769 1715 1154 1791 remittere
1230 1709 1535 1807 culpam
1610 1702 2011 1779 mortalem

468 1839 635 1913 sine
709 1832 1102 1931 infusione
1183 1825 1455 1924 qratia?
1512 1823 1558 1899 ?
1646 1819 2014 1916 Arguitur

470 1952 675 2050 quod
731 1949 866 2041 sic,
925 1944 1109 2044 quia
1170 1940 1344 2015 talis
1399 1939 1626 2034 culpa
1695 1958 1846 2009 non
1907 1932 2015 2004 vi-

470 2071 692 2144 detur
760 2063 906 2138 nisi
992 2062 1144 2136 duo
1220 2058 1693 2154 importare:
1752 2051 2010 2125 Unum

466 2210 600 2284 per
668 2176 1318 2280 comparationem
1384 2172 1474 2246 ad
1539 2168 1871 2244 animam
1932 2165 2009 2238 in

466 2327 575 2395 se,
638 2299 929 2374 scilicet
978 2291 1488 2393 privationem
1548 2284 1842 2371 nitoris,
1890 2282 2009 2357 vel

464 2417 863 2515 cujusdam
949 2403 1546 2509 pulchritudinis
1623 2402 2015 2496 refulgen-

463 2535 590 2608 tiae
640 2561 657 2626 3
766 2530 973 2604 aliud
1079 2527 1157 2599 in
1249 2519 1823 2619 comparatione
1918 2516 2010 2589 ad

463 2652 739 2740 Deum,
819 2644 1109 2720 scilicet
1186 2648 1517 2729 reatum,
1607 2658 1759 2732 quo
1838 2630 2013 2730 quis

467 2766 848 2861 obligatur
917 2760 1009 2834 ad
1070 2778 1418 2855 poenam3
1463 2752 1596 2827 sed
1639 2751 1847 2825 Deus
1890 2771 2014 2844 po-

465 2892 611 2957 test
679 2891 1091 2974 utrumque
1154 2875 1470 2947 istorum
1523 2870 1794 2943 tollere
1845 2865 2012 2938 sine

466 2999 759 3098 gratia3
806 3018 1017 3091 erge,
1081 3002 1226 3065 etc.
1274 2986 1634 3062 Probatio
1694 2981 2013 3057 minoris

469 3125 840 3216 quantum
895 3111 988 3185 ad
1031 3107 1394 3207 primum,
1442 3102 1627 3201 quia
1666 3101 1798 3174 illa
1855 3098 2015 3196 pri-

466 3236 670 3309 vatio
737 3254 889 3305 non
945 3237 1059 3303 est
1110 3226 1255 3300 nisi
1301 3221 1626 3321 privatio
1686 3217 2015 3314 alicujus

470 3351 740 3427 nitoris
809 3345 1180 3423 naturalis
1213 3343 1289 3415 in
1352 3340 1636 3431 anima,
1675 3360 1827 3434 quo
1861 3334 2017 3409 ani-

475 3495 598 3543 ma
647 3465 887 3562 magis
921 3461 1354 3537 illuminata
1386 3463 1588 3532 esset
1646 3450 2017 3550 disposita

472 3587 566 3661 ad
609 3580 1134 3681 recipiendum
1188 3572 1718 3670 refulgentiam
1756 3591 2019 3667 super-

475 3700 931 3786 naturalem,
1005 3693 1295 3769 scilicet
1351 3689 1700 3787 gratiam,
1748 3697 1820 3761 et
1862 3710 2012 3759 non

475 3828 588 3893 est
629 3813 954 3914 privatio
997 3808 1324 3905 alicujus
1374 3801 2012 3903 supernaturalis,

476 3933 658 4032 quia
716 3929 888 4004 talis
930 3925 1254 4026 privatio
1316 3932 1430 3997 est
1476 3920 1717 4004 ,etiam
1758 3918 1835 3991 in
1880 3919 2019 3990 ho-

477 4051 681 4124 mine
722 4047 798 4120 in
845 4044 1060 4143 puris
1092 4037 1576 4115 naturalibus
1616 4035 2015 4122 existente,

471 4168 551 4240 in
608 4188 762 4263 quo
805 4172 1059 4236 tamen
1102 4181 1257 4232 non
1302 4162 1503 4230 esset
1551 4162 1947 4251 peccatum
2000 4177 2018 4243 ;

475 4283 608 4359 sed
667 4282 879 4355 Deus
943 4284 1189 4375 potest
1271 4271 1672 4347 restituere
1749 4267 2025 4363 hujus-

477 4396 683 4472 modi
716 4395 1038 4468 nitorem
1077 4389 1503 4464 naturalem
1540 4385 1705 4458 sine
1739 4383 2020 4479 gratia3

478 4536 690 4609 erge,
754 4520 897 4584 etc.
961 4507 1120 4581 Nec
1169 4512 1479 4603 propter
1531 4508 1827 4575 reatum
1887 4521 2030 4571 ne-

482 4626 815 4704 cessario
856 4632 971 4699 est
1028 4618 1478 4718 simpliciter
1531 4615 1801 4712 gratia,
1847 4613 2031 4712 quia

485 4745 658 4820 talis
702 4752 958 4817 reatus
1000 4763 1153 4812 non
1214 4736 1395 4809 dicit
1436 4735 1582 4809 nisi
1642 4730 2033 4807 habitudi-

490 4885 665 4937 nem
708 4860 802 4934 ad
845 4858 1123 4948 Deum,
1174 4863 1255 4926 ut
1285 4852 1719 4951 punitorem
1762 4877 1779 4942 3
1824 4849 2034 4922 Deus

491 4989 745 5052 autem
791 4982 1040 5073 potest
1094 4970 1371 5070 punire
1424 4980 1495 5043 et
1538 4990 1687 5041 non
1728 4964 2029 5063 punire.

495 5096 714 5170 Unde
749 5093 944 5168 nihil
978 5091 1417 5166 ahsolutum
1470 5086 1685 5185 ponit
1723 5084 1800 5157 in
1846 5083 2034 5174 Dee,

497 5235 638 5286 nec
696 5211 775 5283 in
837 5216 1261 5307 peccatore.
1325 5203 1475 5277 Sed
1527 5203 1757 5275 talem
1821 5198 2042 5272 hahi-

502 5328 844 5402 tudinem
920 5325 1183 5399 tollere
1256 5328 1504 5419 potest
1574 5319 1780 5391 Deus
1875 5315 2042 5391 sine

500 5444 767 5541 gratiae
809 5440 1221 5532 inlusione,
1291 5460 1467 5534 quae
1528 5444 1642 5509 est
1683 5433 1865 5532 quid
1921 5431 2045 5505 ab·

503 5564 838 5636 solutum
881 5584 895 5646 ;
956 5582 1165 5655 erge,
1213 5564 1354 5630 etc.

3534 353 3657 421 391

2218 536 2574 613 Secundo
2608 535 2745 628 sic,
2793 533 2867 605 in
2921 552 3411 629 quocumque
3456 535 3653 602 statu

2119 661 2370 753 potest
2428 652 2637 726 Deus
2721 648 3111 723 hominem
3203 644 3654 744 producere,

2120 772 2211 846 ad
2248 770 2602 845 eumdem
2647 776 2926 841 statum
2980 772 3227 864 potest
3263 762 3656 843 reducere,

2120 888 2303 985 quia
2331 886 2844 961 annihilatum
2877 883 2991 957 vel
3037 888 3484 978 corruptum
3522 901 3664 974 po-

2117 1013 2265 1079 test
2309 1026 2708 1102 reparare3
2754 1000 2886 1075 sed
2945 999 3156 1073 Deus
3215 1003 3463 1095 potest
3524 995 3664 1067 ho-

2120 1122 2406 1196 minem
2459 1119 2537 1192 in
2595 1118 2809 1216 puris
2860 1115 3341 1191 naturalibus
3408 1134 3667 1186 creare

2120 1238 2288 1313 sine
2333 1237 2622 1333 gratia3
2686 1258 2870 1331 ergo
2940 1234 3033 1307 ad
3103 1233 3322 1305 illum
3382 1238 3664 1303 statum

2119 1364 2369 1452 potest
2403 1352 2793 1426 reducere.

2217 1468 2466 1542 Tertio
2499 1465 2635 1558 sic,
2672 1465 2857 1564 quia
2897 1464 2960 1539 si
2992 1464 3378 1537 Deusnon
3415 1465 3664 1556 potest

2125 1586 2294 1670 hoc,
2342 1578 2691 1680 sequitur
2722 1580 2926 1677 quod
2990 1580 3220 1651 homo
3255 1576 3507 1649 viatori
3533 1597 3663 1671 po-

2122 1700 2299 1775 terit
2328 1723 2495 1774 esse
2524 1698 2983 1789 obstinatuS,
3042 1694 3225 1791 quia
3264 1694 3475 1767 Deus
3506 1713 3662 1764 non

2124 1818 2632 1892 necessitatur
2692 1814 2787 1888 ad
2857 1813 3321 1887 inlusionem
3364 1807 3660 1904 gratiae,

2122 1958 2266 2009 nec
2307 1934 2400 2008 ad
2453 1931 2742 2029 aliquid
2802 1929 3184 2027 agendum
3254 1936 3467 2001 extra
3534 1947 3659 2018 se;

2123 2076 2306 2147 ergo
2391 2050 2726 2125 existens
2821 2048 2896 2120 in
2978 2054 3289 2144 peccato
3360 2041 3661 2115 mortali

2122 2178 2812 2268 quantumcunque
2878 2187 2958 2238 se
3026 2163 3408 2260 disponat,
3489 2181 3662 2233 cum

2121 2291 2217 2364 ad
2261 2291 2406 2362 hoc
2440 2310 2519 2362 se
2563 2286 2969 2382 disponere
3002 2305 3153 2355 non
3206 2278 3446 2378 possit
3496 2276 3661 2351 sine

2122 2406 2396 2505 gratia,
2445 2414 2526 2479 ut
2574 2402 2792 2495 dicis,
2863 2399 3211 2498 sequitur
3250 2396 3455 2495 quod
3523 2393 3668 2468 erit

2122 2522 2580 2614 obstinatuS,
2626 2519 2995 2616 quianon
3038 2513 3315 2613 poterit
3371 2512 3464 2586 ab
3534 2508 3663 2582 illo

2123 2660 2525 2733 resurgere
2581 2635 2747 2708 sine
2816 2631 3089 2728 gratia,
3171 2651 3400 2726 quam
3454 2626 3665 2699 Deus

2123 2779 2278 2829 non
2323 2750 2756 2828 necessario
2815 2746 3193 2838 infundit3
3248 2767 3458 2840 erge,
3513 2751 3655 2816 etc.

2222 2871 2440 2961 Item,
2485 2867 2547 2941 si
2589 2867 2797 2940 Deus
2858 2887 3013 2937 non
3048 2869 3295 2960 potest
3353 2861 3657 2956 culpam

2126 2987 2508 3062 remittere
2542 2984 2707 3057 sine
2759 2981 3003 3078 gratia
3051 2987 3363 3076 propter
3418 2976 3665 3073 obsta-

2122 3106 2383 3198 culum
2422 3101 2771 3193 maculae,
2809 3108 2942 3173 aut
2980 3120 3162 3193 ergo
3212 3093 3400 3169 illud
3434 3093 3668 3191 impe-

2122 3224 2547 3297 dimentum
2608 3218 2822 3316 ponit
2890 3214 3178 3313 aliquid
3261 3214 3335 3286 in
3407 3211 3666 3286 anima

2122 3338 2587 3440 privativum
2678 3344 2810 3409 aut
2899 3332 3357 3432 positivum3
3442 3329 3668 3404 modo

2123 3482 2274 3532 non
2314 3455 2563 3554 privat
2593 3453 2853 3549 aliquo
2887 3450 3090 3524 dono
3132 3456 3675 3546 supernatura-

2123 3575 2203 3663 li,
2241 3573 2423 3672 qui-a
2457 3593 2853 3668 nunquam
2910 3567 3138 3641 insuit
3178 3565 3423 3662 gratia
3467 3564 3674 3638 exis-

2127 3690 2313 3766 tenti
2374 3690 2449 3760 in
2522 3695 2831 3786 peccato
2893 3683 3294 3780 originali3
3351 3681 3414 3755 si
3490 3703 3670 3754 vero

2124 3808 2377 3906 privat
2444 3805 2703 3900 aliquo
2775 3802 2976 3875 dono
3047 3799 3405 3890 naturali,
3478 3796 3669 3870 illud

2126 3933 2377 4024 potest
2417 3920 2711 3996 restitui
2753 3918 2919 3992 sine
2952 3916 3229 4012 gratia3
3275 3938 3485 4010 ergO,
3521 3922 3663 3986 etc.

2226 4041 2511 4112 Contra
2570 4037 2712 4108 hoc
2799 4033 3159 4105 videntur
3233 4052 3402 4103 esse
3469 4028 3670 4101 dicta

2129 4157 2585 4231 Sanctorum
2630 4161 2705 4226 et
2754 4150 3196 4233 Doctorum,
3269 4156 3343 4220 et
3409 4145 3672 4244 praeci-

2130 4296 2282 4371 pue
2332 4265 2760 4364 Augustini
2823 4264 3014 4339 libro
3086 4264 3178 4337 de
3243 4269 3521 4336 notura
3602 4269 3676 4335 et

2128 4390 2382 4488 oratio
2413 4388 2493 4461 in
2535 4384 2719 4482 fine,
2777 4384 2905 4458 ubi
2941 4383 3120 4456 dicit
3160 4381 3365 4478 quod
3408 4380 3672 4454 dicens

2133 4507 2467 4603 aliquem
2505 4501 2651 4576 sibi
2686 4523 2907 4599 posse
2951 4521 3223 4573 cavere
3265 4522 3310 4570 a
3363 4505 3675 4593 peccato

2135 4616 2720 4697 sineinfusione
2789 4615 3084 4712 gratiae,
3136 4637 3264 4687 ore
3332 4613 3676 4686 omnium

2137 4733 2907 4813 anathematizandus
2959 4739 3068 4804 est
3090 4759 3115 4814 ,·
3172 4729 3313 4829 sed·
3372 4752 3525 4801 non
3569 4737 3683 4802 est

2143 4856 2389 4953 majus
2430 4877 2654 4952 posse
2711 4873 2978 4926 cavere
3014 4873 3057 4923 a
3116 4856 3426 4946 peccato
3471 4869 3686 4920 com-

2147 4971 2539 5060 mittendo,
2579 4994 2811 5067 quam
2848 4990 3247 5063 resurgere
3276 4964 3685 5039 acommis-

2145 5116 2230 5166 so
2269 5117 2285 5177 ;
2322 5114 2532 5184 ergo,
2569 5098 2711 5162 etc.

2733 5324 3117 5383 SCHOLIUM.

2225 5485 2418 5538 Potest
2448 5481 2600 5537 Deus
2633 5481 2701 5535 dc
2733 5479 2985 5550 potentia
3013 5476 3275 5532 absoluta
3312 5475 3548 5529 mortale
3599 5490 3689 5527 re-

2155 5574 2381 5628 mittere
2409 5571 2530 5626 sine
2563 5572 2773 5642 gratia,
2807 5569 2946 5640 quia
2977 5567 3146 5622 talem
3200 5573 3380 5637 potest
3428 5578 3690 5633 reparare

3805 544 3872 610 2.

3749 658 3943 710 Secun-

3766 723 3916 772 dum.

3720 1476 3970 1529 Tertium.

3714 2879 3989 2939 Quartum.

3737 4013 3892 4065 Ratio
3920 4014 3977 4063 in

3742 4077 3974 4142 opponit.
