4295 6326
539 2624 646 2696 11.

744 409 876 479 438

2170 411 2411 479 LIBRI
2459 411 2579 479 111.

751 587 935 684 quia
1009 590 1418 686 Apostolus
1496 589 1682 662 dixit
1731 591 1875 662 hoc
1926 588 2070 661 sibi
2131 610 2296 661 esse
2408 585 2933 683 propositione
3004 586 3469 661 immediata.
3554 586 3701 661 Sed
3775 583 3953 682 quia
4024 597 4286 646 neusin·

3991 660 4173 709 fundit
4213 661 4295 707 ba·

751 705 1204 779 revelatum.
1296 706 1446 780 Sed
1518 706 1576 780 si
1652 705 2037 779 audissem
2120 728 2296 779 eum
2408 701 2485 773 in
2530 700 2655 774 via
2714 724 2867 774 non
2915 712 3226 776 movent
3283 702 3390 777 sic
3449 702 3951 792 intellectum,
3988 723 4159 771 bitum
4188 724 4292 770 fide

754 820 1130 896 dicentem
1205 825 1348 897 hoc
1417 822 1560 895 sibi
1623 845 1789 896 esse
1845 823 2297 912 revelatum,

755 938 1250 1014 credidissem
1295 938 1442 1014 fide
1516 939 1892 1038 acquisita
1935 940 2080 1013 hoc
2136 961 2301 1014 esse

758 1055 1178 1129 revelatum
1228 1085 1245 1149 3
1356 1080 1538 1153 ergo
1635 1055 1826 1130 fides
1930 1054 2303 1152 acquisita

758 1169 1035 1244 certior
1092 1181 1292 1247 esset
1334 1171 1483 1246 fide
1553 1171 1858 1264 infusa3
1913 1195 2095 1266 ergo
2146 1193 2299 1243 non

758 1288 1117 1385 ponenda
1167 1287 1360 1365 fides
1401 1289 1681 1383 inlusa,
1730 1298 1812 1362 ut
1851 1280 2068 1386 ponit
2098 1286 2307 1385 prior

759 1404 1050 1502 opinio,
1088 1405 1377 1481 scilicet
1419 1406 1702 1480 habere
1748 1404 2136 1479 formalem
2199 1426 2310 1477 ra-

760 1521 1048 1596 tionem
1082 1521 1357 1619 objecti
1388 1546 1478 1597 ex
1511 1521 1980 1597 revelatione
2014 1520 2299 1594 divina.

1292 1743 1655 1803 SCHOLIUM
1696 1745 1791 1801 111.

834 1869 1137 1929 Secundus
1192 1873 1401 1929 modus
1462 1871 1718 1945 ponendi
1794 1872 1969 1927 fidem
2029 1870 2309 1942 infusam,

763 1965 917 2036 quod
951 1980 1084 2020 cum
1117 1979 1186 2019 ex
1216 1963 1626 2036 terminisjnon
1660 1962 1841 2034 possit
1870 1961 2072 2019 haberi
2101 1961 2312 2019 veritas

763 2053 1154 2123 credibilium,
1215 2054 1463 2111 mediate
1511 2053 1600 2110 vel
1640 2053 2000 2119 immediate,
2056 2050 2314 2109 infundit

769 2147 919 2202 Deus
950 2145 1216 2203 habitum
1268 2145 1637 2219 supplentem
1678 2145 1864 2203 vicem
1909 2144 2143 2216 obJecti,
2203 2158 2314 2215 quo

766 2235 1148 2294 credibilibus
1177 2237 1586 2304 assentiamur,
1617 2237 1747 2307 ejus
1788 2239 1983 2291 tamen
2017 2234 2312 2307 objectum

767 2328 1106 2399 primarium
1134 2333 1224 2385 est
1245 2329 1396 2384 Deus
1425 2328 1485 2384 in
1517 2343 1598 2395 se,
1644 2335 1700 2382 et
1747 2342 1865 2382 non
1919 2330 1983 2382 ut
2027 2324 2313 2397 revelans,

770 2426 833 2474 ut
855 2419 1051 2491 posuit
1082 2418 1311 2491 primus
1339 2418 1567 2475 modus.

871 2571 1226 2648 Secundo
1303 2581 1551 2671 potest
1617 2571 1764 2646 dici
1842 2571 2043 2668 quod
2123 2569 2315 2647 fides

771 2689 1024 2766 inlusa
1126 2690 1551 2765 secundum
1648 2689 1881 2763 alium
2002 2688 2310 2762 modum

769 2809 1130 2906 ponenda
1204 2817 1319 2882 est
1394 2807 1471 2880 in
1549 2807 1799 2900 nobiS,
1883 2805 2064 2904 quia
2142 2806 2316 2882 licet

769 2926 1193 3020 credibilia,
1240 2936 1321 3000 ut
1359 2926 1613 3000 Deum
1667 2948 1824 3000 6336
1872 2925 2193 2999 Trinum
2246 2935 2319 3000 et

765 3065 1031 3131 mmm,
1093 3044 1528 3142 aliqualiter
1594 3068 1637 3118 a
1705 3043 1928 3118 nobis
1990 3053 2314 3142 possunt

766 3161 1219 3237 naturaliter
1284 3160 1672 3259 cognosci,
1718 3171 1802 3235 ut
1855 3160 1932 3235 in
1983 3185 2313 3259 genera-

762 3279 966 3354 libus
1026 3279 1525 3377 conceptibus
1579 3278 1776 3353 entis
1818 3278 2006 3372 veri,
2053 3289 2307 3354 tamen

763 3421 858 3472 ex
926 3407 1299 3495 conceptu
1362 3398 1861 3471 terminorum
1936 3396 2012 3469 in
2070 3396 2309 3495 parti-

763 3514 1004 3589 culari
1066 3538 1111 3588 a
1178 3514 1399 3589 nobis
1458 3513 1908 3588 naturaliter
1967 3538 2121 3587 non
2176 3539 2308 3589 co-

759 3641 1270 3729 gnoscuntur,
1363 3632 1545 3731 quia
1611 3633 1855 3708 Deum
1938 3633 2061 3705 hic
2147 3657 2303 3708 non

758 3750 1326 3848 cognoscimus,
1399 3761 1477 3824 ut
1536 3759 1650 3824 est
1716 3750 2067 3849 quaedam
2140 3751 2306 3825 sin-

755 3866 1153 3967 gularitaS,
1199 3869 1329 3943 sed
1392 3870 1640 3943 solum
1698 3868 2122 3942 secundum
2185 3869 2303 3941 in-

750 3987 1136 4062 tentiones
1184 3988 1614 4084 generaleS,
1687 3995 1761 4060 et
1829 3985 1999 4060 ideo
2052 3987 2301 4062 Deum

750 4127 918 4181 esse
948 4104 1263 4179 Trinum
1299 4112 1372 4179 et
1416 4128 1681 4195 unum,
1730 4127 1882 4177 non
1931 4113 2044 4178 est
2076 4103 2300 4178 nobis

750 4224 1071 4299 evidens
1125 4247 1216 4298 ex
1264 4222 1631 4298 terminis.
1678 4221 2010 4296 Termini
2062 4221 2297 4317 enim,

752 4351 833 4415 ut
874 4340 982 4415 sic
1027 4340 1100 4413 in
1164 4339 1581 4415 universali
1641 4363 1682 4412 a
1747 4338 1967 4413 nobis
2027 4363 2303 4437 appre-

748 4459 1223 4552 henduntur,
1289 4482 1443 4532 non
1514 4466 1694 4532 sunt
1749 4456 2050 4533 termini
2119 4483 2304 4555 pro-

748 4575 1152 4677 positionis
1242 4574 1744 4662 immediatae‚
1827 4575 1959 4650 sed
2059 4575 2302 4673 magis

749 4692 1299 4792 propositionis
1357 4701 1681 4786 neutrae,
1727 4702 2038 4790 propter
2095 4692 2301 4789 quod

753 4810 832 4882 in
877 4809 1100 4884 nobis
1131 4833 1224 4884 ex
1264 4807 1882 4907 apprehensione
1930 4807 2304 4882 termino-

755 4954 928 5004 rum
999 4955 1151 5004 non
1236 4939 1484 5028 potest
1552 4928 1848 5004 causari
1937 4951 2300 5004 assensus

754 5046 962 5122 fidei.
1010 5047 1159 5121 Sed
1193 5046 1254 5121 si
1290 5046 1899 5144 intelligeremus
1931 5045 2301 5121 terminos

756 5164 833 5239 in
920 5165 1362 5264 particulari
1446 5166 1869 5240 secundum
1950 5164 2302 5264 proprias

755 5283 1121 5378 rationeS,
1166 5293 1348 5359 tunc
1402 5293 1799 5360 moverent
1838 5286 2164 5360 multum
2207 5285 2300 5360 ad

755 5402 1452 5502 apprehensionem
1488 5402 1915 5501 simplicem
1948 5404 2089 5479 sub
2133 5427 2305 5501 pro·

754 5520 944 5622 priis
985 5544 1253 5596 eorum
1294 5519 1775 5615 rationibus3
1837 5529 1910 5596 et
1962 5521 2301 5596 secundo

756 5640 849 5717 ad
921 5640 1552 5741 compositionem
1635 5640 2140 5716 terminorum
2222 5641 2298 5715 in

2411 815 2581 891 ideo
2624 840 2715 891 ex
2757 818 2888 891 tali
2933 819 3548 916 apprehensione
3588 816 3953 893 termino-
3988 786 4287 918 ἓξῖἰῃζὲἷξὲ

2411 957 2583 1006 rum
2649 957 2801 1007 non
2865 935 3244 1009 habemus
3304 958 3706 1010 assensum
3779 957 3958 1031 pro-
3987 919 4290 1023 ”gffssufffi'g

2411 1048 2879 1146 positionum
2949 1051 3593 1144 immediatarum,
3649 1058 3959 1149 propter
4007 1051 4295 1150 „gffigfflg

2412 1169 2617 1265 quod
2685 1169 2877 1243 nihil
2940 1179 3197 1245 movet
3254 1171 3724 1246 intellectum
3773 1193 3958 1244 nos-
3988 1163 4295 1287 gJS¹22¹222

2417 1293 2612 1358 trum
2673 1287 3125 1361 naturaliter
3177 1287 3269 1362 ad
3329 1287 3803 1362 causandum
3848 1309 3958 1361 as·
4052 1290 4276 1340 ecimus.

2414 1426 2727 1478 sensum
2791 1404 2958 1478 istis
3016 1404 3543 1499 credibilibus,
3607 1406 3810 1504 quod
3879 1427 3960 1479 se

2412 1530 2620 1595 tenet
2678 1545 2768 1595 ex
2837 1532 3050 1620 parte
3130 1522 3433 1620 objecti.
3501 1522 3673 1596 ldeo
3754 1522 3963 1596 Deus

2415 1640 2720 1737 supplet
2751 1639 2997 1714 vicem
3032 1640 3311 1736 obiecti
3346 1641 3679 1715 creando
3713 1663 3968 1715 assen-

2416 1779 2585 1830 sum
2657 1780 2793 1853 per
2868 1757 3011 1830 hoc
3075 1757 3279 1855 quod
3350 1757 3682 1833 infundit
3749 1756 3970 1830 habi-

2416 1883 2579 1946 tum
2622 1872 2830 1967 fidei,
2877 1897 3053 1972 quae
3106 1874 3429 1949 inclinat
3495 1874 3968 1949 intellectum

2419 1991 2495 2062 in
2561 1989 2943 2087 objectum
3015 1989 3220 2085 fidei,
3306 2001 3387 2065 ut
3446 1991 3513 2066 ei
3574 1989 3967 2084 assentiat,

2424 2119 2529 2203 ut,
2612 2109 2809 2184 sicut
2901 2110 2964 2185 si
3060 2111 3367 2185 termini
3469 2111 3969 2186 articulorum

2422 2227 2597 2302 fidei
2669 2227 3108 2327 imperfecte
3173 2239 3569 2305 moventes
3631 2231 3723 2304 ad
3788 2254 3974 2305 cau-

2423 2345 2751 2420 sandum
2878 2368 3285 2421 assensum
3394 2346 3966 2445 imperfectum,

2424 2472 2605 2537 tunc
2665 2487 2758 2538 ex
2824 2464 3255 2562 frequentia
3323 2473 3632 2540 actuum
3683 2465 3974 2565 imper-

2423 2582 2791 2657 fectorum
2888 2583 3395 2658 terminorum
3472 2583 3548 2656 in
3629 2583 3973 2660 articulis

2424 2708 2927 2795 generaretur
2978 2724 3025 2774 a
3091 2700 3314 2775 nobis
3391 2723 3756 2776 assensus
3823 2701 3972 2775 im-

2423 2817 2828 2914 perfectus.
2896 2818 3021 2891 Sic
3079 2818 3288 2893 Deus
3350 2818 3683 2895 infundit
3723 2819 3798 2893 in
3844 2844 3976 2895 no-

2423 2935 2540 3010 his
2635 2936 2983 3012 habitum
3051 2934 3231 3012 fidei
3314 2937 3811 3014 inclinantem
3889 2938 3969 3014 in

2421 3074 2823 3127 assensum
2923 3050 3453 3147 articulorum,
3535 3054 3636 3128 ita
3712 3063 3968 3131 tamen

2422 3171 2628 3269 quod
2697 3171 2890 3246 fides
2946 3171 3255 3271 respicit
3320 3173 3596 3267 Deum,
3660 3175 3752 3249 de
3810 3198 3965 3273 quo

2422 3289 2849 3363 formantur
2879 3290 3208 3384 articuli,
3256 3290 3538 3387 quibus
3591 3301 3672 3366 ut
3710 3292 3970 3390 objec-

2418 3405 2514 3479 tis
2575 3406 3081 3501 secundariis,
3128 3407 3592 3482 assentimus
3651 3432 3786 3507 per
3827 3412 3965 3484 ha-

2415 3519 2658 3594 bitum
2714 3519 2918 3596 fidei.

2516 3636 2664 3712 Sed
2707 3638 2844 3713 iste
2887 3662 3252 3714 assensus
3309 3664 3465 3714 non
3498 3651 3613 3717 est
3678 3667 3770 3718 ex
3810 3645 3961 3718 evi·
4112 3658 4222 3723 12.

2414 3754 2672 3829 dentia
2732 3755 3262 3851 terminorum,
3335 3759 3467 3832 sed
3545 3782 3636 3834 ex
3691 3761 3956 3837 habitu
3990 3745 4295 3859 ffssffigssnss

2414 3871 2860 3966 inclinante,
2931 3895 3083 3970 quo
3160 3874 3624 3950 assentimus
3704 3878 3961 3952 omni-
3990 3868 4295 3986 ζῗξζξῑζξζζ

2413 3988 2559 4064 bus
2601 3989 3126 4084 credibilibuS,
3173 4013 3349 4088 quae
3418 4001 3551 4067 aut
3598 4005 3777 4069 sunt
3833 4020 3962 4072 ne·
3992 3999 4295 4111 ἑξζξῑῶῑῑξὲ]

2411 4109 2771 4202 cessaria,
2856 4118 2938 4183 ut
2993 4109 3249 4183 Deum
3318 4133 3476 4185 6336
3533 4112 3822 4188 trinum
3891 4124 3972 4215 et,
4027 4125 4282 4188 qualiter·

2408 4250 2674 4313 unum,
2768 4237 2901 4301 aut
2966 4227 3516 4325 contingentia,
3581 4239 3665 4306 ut
3721 4230 3965 4308 incar-

2410 4345 2619 4419 natio
2682 4343 2819 4418 filii
2887 4344 3057 4439 Dei,
3104 4354 3180 4420 et
3233 4348 3691 4426 resurrectio
3752 4371 3965 4425 mor-

2415 4470 2753 4556 tuorum,
2800 4473 2873 4538 et
2913 4461 3387 4559 hujusmodi,
3433 4464 3617 4562 quia
3669 4467 3966 4567 depen-

2410 4580 2591 4656 dent
2622 4605 2715 4656 ex
2756 4580 3105 4656 libertate
3166 4581 3450 4657 divinae
3509 4584 3956 4681 voluntatiS,

2410 4698 2585 4772 licet
2631 4708 2709 4772 ut
2764 4697 3311 4796 praedestinata
3352 4698 3516 4795 jam
3586 4711 3763 4776 sunt
3824 4726 3962 4777 ne-

2410 4815 2770 4910 cessaria,
2817 4816 3030 4891 etsie
3070 4816 3489 4892 necessitas
3536 4840 3803 4894 eorum
3845 4831 3960 4896 est

2411 4932 2958 5007 conditionata.
3009 4933 3161 5007 Ista
3215 4943 3471 5009 tamen
3523 4937 3961 5011 necessaria

2409 5059 2484 5126 et
2582 5049 3108 5147 contingentia
3196 5075 3347 5125 non
3444 5052 3797 5129 videmus
3865 5079 3957 5131 ex

2413 5169 2797 5246 evidentia
2847 5169 2984 5263 rei,
3031 5193 3172 5245 nec
3226 5170 3607 5266 intuitive,
3646 5184 3728 5247 ut
3781 5183 3959 5249 nata

2410 5297 2591 5364 sunt
2659 5286 2949 5380 videri3
3024 5287 3193 5362 ideo
3270 5311 3660 5378 assensuS‚
3723 5313 3953 5388 quem

2411 5413 2676 5481 causat
2716 5405 2793 5478 in
2829 5404 3053 5479 nohis
3095 5404 3285 5480 fides
3317 5404 3596 5501 inlusa,
3643 5431 3795 5482 non
3840 5420 3957 5485 est

2411 5522 2515 5598 ita
2573 5523 2982 5621 perfectuS,
3047 5521 3245 5598 sicut
3303 5522 3445 5598 erit
3485 5525 3791 5623 quando
3847 5527 3957 5601 vi·

2410 5640 2765 5716 debimus
2822 5640 3101 5737 Deum,
3165 5639 3363 5717 sicut
3417 5651 3553 5717 est.
