4295 6326
171 3775 174 3778 ’
265 3780 381 3815 rum
413 3770 572 3814 erunt

593 392 717 460 168

272 601 524 657 'rei-uum.
594 566 798 665 quod
839 567 1084 664 Μυρτὶς
1160 574 1356 643 esset
1407 565 1697 664 infecta
1752 588 1799 639 a
1851 561 2136 661 promi-

591 683 741 758 mis
767 683 1245 782 parentibus,
1305 681 1494 757 illud
1537 704 1691 755 non
1756 679 2130 778 sequitur,

594 800 778 896 quia
809 799 1130 897 quilibet
1170 797 1374 874 filius
1424 806 1540 872 est
1578 796 1875 871 debitor
1904 794 2138 893 justi-

596 915 721 990 tiae
763 938 898 1013 per
928 915 1194 1004 Adam,
1252 915 1431 1011 quia
1490 912 1683 987 nulli
1748 912 1874 986 alii
1931 912 2138 986 dedit

594 1029 805 1103 Deus
845 1029 1069 1103 istam
1092 1028 1468 1125 justitiam
1513 1027 1642 1101 illo
1706 1026 1958 1120 mod0,
2003 1026 2141 1099 sci-

598 1146 800 1239 licet,
840 1154 919 1218 ut
970 1144 1350 1243 principia
1415 1143 1762 1240 originis,
1798 1142 1968 1217 ideo
2009 1142 2141 1217 alii

600 1283 754 1334 non
797 1270 1124 1358 possunt
1189 1260 1412 1335 istam
1481 1259 1970 1334 infectionem
2035 1258 2144 1331 in-

599 1377 939 1451 tendere.

365 1523 474 1592 29,
697 1494 810 1569 Ad
854 1504 1201 1592 quartam
1239 1493 1747 1591 quaestionem
1792 1501 2022 1591 patet,
2073 1500 2147 1566 et

250 1639 552 1710 Adflrga.
603 1611 697 1686 ad
739 1611 1074 1686 rationes
1131 1610 1340 1686 illius
1398 1609 1878 1708 quaestioniS,
1936 1608 2142 1706 quod

300 1701 531 1753 ‘¹¹⁸²‘32‘
602 1727 1033 1803 restituitur
1089 1727 1598 1825 aequivalenS,
1653 1737 1728 1802 et
1813 1726 2145 1825 amplius

600 1867 738 1944 per
775 1845 1125 1945 gratiam.

251 1982 327 2033 Ad
359 1992 568 2054 argum.
696 1963 809 2037 Ad
896 1962 1229 2062 primum
1309 1962 1730 2061 principale
1852 1961 2144 2058 quintae

272 2044 554 2172 ἔτ’ἒὲἷηῧὶ
603 2081 1084 2178 quaestioniS,
1129 2080 1311 2154 dicit
1341 2104 1545 2155 unus
1608 2080 1891 2154 Doctor
1938 2076 2143 2175 quod

331 2170 384 2219 ‘¹'
416 2170 493 2220 ³³⁶
602 2199 1083 2296 Augustinus
1125 2198 1464 2296 loquitur
1522 2198 1909 2273 excessive
1961 2220 2146 2270 con-

603 2325 720 2389 tra
760 2315 1191 2408 haereticOS,
1246 2314 1376 2411 qui
1438 2314 1793 2389 dixerunt
1859 2335 2149 2410 parvu-

603 2433 719 2504 los
751 2453 905 2503 non
965 2429 1387 2527 baptizatos
1447 2430 1662 2502 nulla
1717 2450 1949 2526 poena
2014 2450 2149 2525 pu-

604 2546 805 2633 niri;
851 2548 973 2620 vel
1041 2555 1290 2644 potest
1391 2544 1537 2618 dici
1642 2544 1846 2642 quod
1924 2544 2151 2619 debet

605 2662 926 2761 proferri
961 2661 1035 2733 in
1095 2684 1330 2736 sensu
1381 2660 1652 2736 diviso,
1711 2660 1838 2733 Sic
1896 2660 2154 2734 certis-

608 2780 887 2854 simum
933 2788 1048 2852 est
1086 2779 1449 2876 parvulos
1487 2777 1923 2875 puniendos
1963 2801 2154 2875 sup-

609 2894 866 2994 plici0,
917 2894 1121 2992 quod
1190 2894 1516 2968 aliorum
1560 2892 1961 2967 hominum
2038 2902 2155 2967 est

610 3034 841 3110 poena
872 3010 1102 3107 ignis,
1148 3009 1331 3107 quia
1370 3008 1797 3083 secundum
1847 3012 2154 3106 Augus-

613 3129 858 3203 tinum
919 3128 999 3202 in
1069 3125 1539 3215 Euchiridio‚
1588 3150 1824 3228 poena
1891 3150 2155 3202 eorum

614 3247 760 3321 erit
807 3244 1240 3336 mitissima,
1290 3268 1443 3317 non
1508 3256 1754 3319 tamen
1822 3244 1964 3342 ipsi
2033 3269 2160 3342 pa-

615 3360 917 3435 tiuntur
955 3359 1050 3432 ab
1084 3358 1287 3454 igne.
1642 3370 1650 3377 ’

713 3476 824 3551 Ad
869 3475 1077 3550 aliud
1109 3499 1283 3550 cum
1325 3475 1628 3569 dicitur,
1662 3474 1941 3551 habent
1989 3500 2159 3550 cor-

612 3590 1263 3691 parapassibilia,
1310 3592 1478 3666 dico
1512 3591 1717 3688 quod
1772 3591 1902 3666 illa
1934 3602 2171 3666 erunt

622 3733 775 3782 non
820 3707 1213 3806 passibilia
1287 3708 1381 3782 ab
1450 3707 1905 3801 extrinsece,
1952 3717 2024 3782 et
2064 3710 2159 3782 ab

621 3826 1036 3901 intrinseco
1078 3824 1433 3924 passione
1467 3824 1932 3921 corruptiva,
1978 3825 2162 3921 quia

618 3943 817 4016 sicut
846 3941 1056 4016 Deus
1089 3964 1295 4015 nunc
1355 3942 1646 4038 absque
1699 3964 1898 4014 novo
1945 3940 2162 4014 mira-

618 4062 792 4134 culo
860 4059 1113 4156 coagit
1191 4058 1286 4133 ad
1332 4068 1671 4131 mutuam
1779 4058 2156 4133 actionem

617 4180 1040 4254 activorum
1101 4189 1174 4253 et
1251 4176 1761 4276 passivorum,
1808 4176 1912 4251 ita
1975 4187 2160 4252 tunc

617 4305 888 4391 coaget
926 4295 1158 4369 rebus
1190 4293 1268 4366 in
1301 4302 1475 4368 actu
1539 4293 1814 4391 prime,
1850 4303 1925 4367 et
2000 4316 2155 4366 non

618 4412 696 4484 in
730 4420 897 4487 actu
934 4411 1274 4486 secundo
1317 4410 1782 4509 corruptivo.

269 4595 348 4643 Ad
373 4594 585 4645 tertium
716 4527 829 4601 Ad
878 4527 1086 4601 aliud
1164 4550 1339 4600 cum
1400 4526 1737 4600 dicitur:
1798 4525 2159 4601 Voluntas

621 4668 884 4719 eorum
977 4666 1133 4717 non
1204 4650 1315 4717 esc
1416 4640 1894 4739 confirmata,
1989 4642 2157 4717 dico

621 4760 825 4858 quod
858 4759 993 4853 sic,
1038 4757 1619 4834 confirmatione
1647 4758 1724 4831 in
1771 4757 2162 4834 universa-

271 3515 352 3565 Ad
400 3525 587 3563 recun-

359 3577 507 3627 dum.

323 3642 558 3701 Corpora

317 3701 559 3765 parvulo-

265 3827 558 3939 implassibi·

388 3905 457 3939 m.

2007 384 2247 456 LIBRI
2295 385 2383 454 ΙΙ.

2247 559 2298 632 li
2358 568 2732 657 quantum
2821 561 2913 635 ad
2991 561 3268 636 mereri
3362 570 3437 636 et
3526 561 3793 635 deme-

2249 674 2426 750 reri.

2347 795 2600 888 DiceS,
2647 794 2882 892 igitur
2984 795 3046 869 si
3144 796 3411 871 fuisset
3512 796 3794 894 aliquis

2252 913 2560 988 adultus
2620 914 2696 985 in
2747 914 2963 1011 puris
3027 915 3533 1006 naturalibus,
3589 926 3670 989 ut
3713 916 3791 988 in

2252 1038 2450 1102 statu
2505 1028 2966 1104 innocentiae
3032 1041 3405 1125 mortuus,
3466 1031 3792 1128 aequali-

2251 1154 2368 1219 ter
2420 1156 2621 1220 esset
2670 1146 3112 1245 puniendus
3175 1171 3351 1222 cum
3420 1148 3791 1247 parvulis,

2253 1258 2387 1357 qui
2466 1270 2718 1334 tamen
2817 1272 3216 1358 nunquam
3289 1261 3426 1335 ruit
3501 1261 3800 1337 debitor

2246 1375 2567 1472 justitiae
2608 1377 3034 1474 originaliS,
3072 1387 3145 1453 et
3183 1387 3439 1453 tamen
3503 1379 3796 1453 nullam

2257 1517 2562 1591 poenam
2599 1493 3129 1570 demeruisset.

2356 1610 2795 1707 Respondet
2882 1636 3084 1687 unus
3190 1613 3492 1700 Doctor,
3593 1613 3798 1710 quod

2258 1750 2442 1821 non,
2479 1728 2662 1824 quia
2691 1728 2852 1826 ipse
2897 1729 3211 1805 haberet
3255 1730 3638 1805 naturalia
3678 1730 3803 1803 in—

2257 1844 2594 1940 tegriora
2682 1868 2912 1943 quam
2995 1847 3322 1945 parvuli.
3397 1848 3549 1922 Sed
3656 1850 3801 1922 hoc

2258 1968 2459 2034 esset
2520 1961 2933 2059 modicum,
2997 1964 3181 2060 quia
3266 1988 3419 2038 non
3492 1974 3805 2062 propter

2258 2078 2409 2151 alia
2449 2100 2492 2151 a
2555 2064 2714 2151 Deo
2774 2089 2887 2154 est
2953 2079 3257 2177 aliquis‘
3293 2080 3613 2174 beatior,
3661 2104 3803 2155 nec

2257 2202 2568 2290 propter
2634 2195 3048 2270 carentiam
3141 2196 3397 2270 minus
3499 2197 3797 2272 beatus,

2257 2308 2446 2383 Dico
2489 2309 2723 2406 igitur
2749 2312 2954 2407 quod
2986 2311 3127 2410 ipsi
3163 2321 3420 2388 essent
3463 2315 3805 2410 aequales

2260 2424 2334 2498 in
2373 2426 2544 2517 hoc,
2591 2426 2794 2523 quod
2849 2427 3173 2524 positive
3231 2451 3383 2501 non
3446 2430 3621 2527 plus
3681 2431 3808 2504 ha-

2258 2541 2474 2616 beret
2506 2565 2712 2616 unus
2780 2565 3010 2638 quam
3047 2544 3273 2637 aliuS,
3309 2554 3565 2619 tamen
3628 2569 3808 2643 par-

2260 2657 2491 2730 vuius
2533 2658 2966 2754 puniretur,
3026 2669 3100 2732 et
3139 2659 3336 2734 alius
3396 2684 3581 2755 non,
3627 2662 3809 2759 quia

2262 2795 2416 2845 non
2451 2772 2831 2847 demeruit
2898 2774 3106 2848 illam
3151 2799 3487 2871 poenam,
3524 2785 3596 2851 et
3635 2777 3807 2852 ideo

2265 2912 2417 2963 non
2454 2888 2830 2987 infligitur
2870 2891 3011 2966 sibi
3058 2916 3209 2966 non
3254 2893 3514 2968 videre
3561 2896 3806 2969 Deum

2268 3018 2576 3107 propter
2617 3008 3014 3098 offensam,
3080 3010 3250 3085 ideo
3281 3036 3437 3086 non
3508 3021 3621 3086 est
3665 3013 3811 3086 sibi

2269 3149 2521 3225 poena.
2553 3126 2768 3201 Sicut
2798 3127 2862 3201 si
2903 3126 3055 3203 duo
3099 3138 3355 3203 essent
3415 3127 3815 3227 {equaliter

2270 3243 2618 3341 dispositi
2685 3268 2778 3318 ex
2824 3253 3036 3343 parte
3096 3244 3244 3338 sui,
3290 3255 3365 3320 et
3438 3257 3814 3344 quantum

2271 3361 2363 3435 ad
2399 3360 2921 3458 acceptionem
2976 3362 3236 3458 RegiS,
3285 3373 3367 3436 ut
3416 3363 3818 3461 aequaliter

2270 3477 2702 3575 reciperent
2762 3502 3017 3572 ,unum
3080 3479 3399 3573 donum,
3473 3481 3533 3554 si
3616 3504 3818 3555 unus

2271 3593 2606 3668 offendat
2647 3594 2961 3690 Regem,
3010 3603 3083 3668 et
3132 3595 3329 3669 alius
3397 3619 3575 3681 non,
3645 3597 3821 3672 licet

2274 3708 2525 3784 neutri
2567 3710 2816 3802 detur,
2850 3709 3101 3784 adhuc
3144 3711 3306 3805 uni,
3343 3736 3601 3809 poena,
3639 3711 3821 3810 quia

2272 3824 2751 3899 subtrahitur
2789 3825 2883 3898 ab
2934 3848 3025 3898 eo
3104 3836 3412 3924 propter
3486 3826 3819 3901 demeri-

2270 3952 2462 4035 tum,
2542 3941 2760 4016 alteri
2828 3965 2981 4016 non
3044 3952 3158 4016 est
3237 3966 3492 4040 poena,
3556 3953 3808 4018 tamen

2272 4059 2395 4134 ille
2462 4083 2685 4134 casus
2793 4084 3189 4158 nunquam
3288 4060 3807 4157 contigisset3

2271 4178 2535 4250 nullus
2593 4176 2799 4250 enim
2869 4177 3177 4264 adu-ltus
3260 4176 3577 4252 vixisset
3643 4177 3810 4254 sine

2271 4304 2582 4393 peccato
2606 4294 2913 4388 actuali,
2961 4295 3146 4392 quin
3217 4295 3425 4370 Deus
3479 4296 3812 4370 dedisset

2271 4412 2414 4487 sibi
2457 4412 2806 4508 gratiam.

2367 4530 2476 4605 Ad
2516 4531 2866 4606 ultimum
2911 4530 3004 4605 de
3047 4530 3386 4629 potentia
3453 4531 3804 4623 tristitiae,
3869 4545 3950 4594 Ad
3977 4558 4137 4606 quar-

2273 4657 2478 4746 patet
2507 4649 2582 4722 in
2628 4649 3008 4746 positione
3041 4650 3086 4722 ⁰.
3843 4672 3864 4693 ·
3891 4613 4164 4721 Niissnff'za.
