4295 6326
656 412 785 479 422

666 588 757 662 de
816 587 1186 682 interiori,
1245 588 1406 662 sive
1473 585 1791 660 interius
1851 583 1972 672 sit,
2046 568 2207 655 sive

669 726 877 796 non;
961 704 1094 777 sed
1163 712 1492 777 tractant
1558 725 1651 776 an
1714 700 2064 775 Christus
2126 697 2202 770 in

667 819 920 893 triduo
957 820 1180 893 fuerit
1213 823 1439 893 homo
1481 819 1817 893 existens
1860 817 1936 888 in
1980 813 2212 889 effec-

668 943 780 1024 tu,
865 935 966 1008 ita
1042 936 1246 1033 quod
1315 936 1664 1008 Christus
1731 943 1915 1006 tunc
1989 930 2213 1005 luerit

671 1053 902 1126 homo
961 1054 1296 1127 existens
1361 1053 1436 1125 in
1507 1061 1708 1138 actu,
1790 1060 1864 1124 et
1949 1049 2213 1122 dicunt

346 1212 498 1273 nugo
528 1211 615 1261 ως,
674 1169 898 1265 Ilugo
932 1180 1005 1244 et
1031 1169 1421 1264 Magister,
1459 1192 1624 1266 cap.
1661 1166 1796 1240 ull.
1835 1166 2037 1263 quod
2073 1165 2207 1249 sie,

331 1272 619 1389 piss‘ffiffl.
674 1283 858 1357 moti
928 1292 1179 1358 tamen
1240 1283 1550 1356 diversa
1605 1282 1924 1356 ratione.
1989 1279 2214 1375 Ilugo

671 1400 876 1474 enim
946 1400 1039 1475 de
1100 1399 1627 1475 Sacramentls
1696 1397 1824 1472 lib.
1892 1423 1938 1469 1.
1988 1402 2216 1494 parte

669 1516 1035 1612 secunda,
1115 1517 1330 1615 ponit
1407 1516 1609 1613 quod
1687 1514 2036 1588 Christus
2133 1512 2211 1584 in

672 1635 927 1710 triduo
988 1636 1128 1709 fuit
1206 1637 1464 1728 homo,
1533 1632 1715 1735 quia
1772 1630 1959 1704 dixit
2009 1629 2213 1727 quod

674 1754 904 1826 homo
940 1776 1090 1827 non
1137 1762 1247 1827 est
1282 1753 1427 1825 nisi
1461 1752 1717 1825 anima
1772 1761 1998 1825 utens
2044 1773 2217 1824 cor-

674 1894 914 1968 pore3
960 1880 1033 1945 et
1109 1871 1289 1968 quia
1348 1871 1684 1945 Verbum
1743 1869 1880 1944 luit
1914 1869 2213 1943 unitum

675 1988 954 2061 animae
998 1995 1167 2085 post
1209 1987 1770 2086 separationem
1832 1987 2111 2060 anima}
2172 2011 2217 2061 a

675 2128 1022 2201 corpore,
1063 2105 1232 2179 ideo
1264 2105 1452 2178 dixit
1493 2104 1695 2202 quod
1731 2104 2080 2176 Christus
2137 2104 2213 2175 iu

315 2257 640 2321 opinffoMa-
672 2221 927 2295 triduo
963 2221 1101 2295 fuit
1132 2223 1389 2295 homo.
1455 2220 1604 2294 Sed
1660 2219 2028 2314 Magister
2078 2219 2216 2293 fuit

394 2321 562 2384 ΨΜ·
677 2348 929 2412 motus
963 2338 1115 2412 alia
1144 2338 1235 2411 de
1262 2360 1520 2430 causa,
1549 2336 1737 2409 dixit
1766 2336 1971 2411 enim
2007 2336 2212 2433 quod

675 2455 861 2530 unio
954 2456 1307 2543 istorum,
1394 2454 1681 2530 scilieet
1794 2454 2073 2529 animae
2142 2464 2215 2529 et

674 2572 1019 2670 corporis
1079 2573 1170 2644 ad
1240 2572 1609 2664 Verbum,
1694 2582 1807 2646 est
1876 2571 2215 2645 formalis

680 2688 874 2762 ratio
917 2711 1154 2786 quare
1215 2687 1550 2761 Verbum
1606 2687 1885 2761 dicitur
1951 2690 2209 2780 home,

676 2804 851 2878 licet
884 2828 1036 2878 non
1079 2804 1449 2878 uniantur
1481 2804 1679 2878 inter
1737 2828 1845 2891 se,
1879 2813 1983 2879 >et
2031 2804 2215 2901 quia

669 2921 744 2994 in
789 2920 1043 2995 triduo
1083 2922 1393 2996 fuerunt
1465 2922 1609 2994 ista
1666 2922 1882 2995 unita
1925 2921 2206 3015 VerbO,

673 3034 847 3109 ideo
889 3034 963 3108 in
1011 3034 1262 3109 triduo
1298 3035 1436 3109 fuit
1467 3035 1815 3109 Christus
1848 3036 2104 3109 homo.

447 3193 511 3258 3·
768 3152 1155 3241 Quantum
1245 3154 1338 3230 ad
1437 3154 1869 3250 Hugonem,
1969 3154 2209 3254 aliqui

309 3280 632 3345 Opimflug.
671 3270 1140 3369 respondent
1197 3294 1372 3345 cum
1433 3294 1551 3364 ee,
1613 3270 1955 3345 dicentes
2003 3272 2208 3368 quod

313 3350 366 3393 et.
408 3344 635 3395 aliorum
1389 3389 1402 3401 .
1522 3388 1534 3400 .
1783 3388 1797 3403 .

384 3420 567 3470 sequa·
671 3389 913 3462 forma
945 3398 1057 3462 est
1089 3396 1243 3462 tota
1274 3389 1660 3485 quidditas
1695 3413 1830 3482 rei,
1880 3399 1953 3463 et
2001 3391 2206 3487 quod

330 3468 623 3522 cium-Ra·
921 3504 934 3518 .
1094 3505 1107 3518 .
1179 3505 1192 3518 .
1340 3506 1353 3518 .
1701 3507 1712 3519 .
1832 3506 1845 3518 .
2158 3507 2171 3519 .

346 3533 616 3598 tioprima
675 3514 989 3578 materia
1034 3506 1222 3578 n1h11
1294 3516 1391 3578 sit
1442 3505 1534 3580 de
1586 3506 2005 3603 quidditate
2066 3530 2201 3579 rei.

347 3595 608 3662 H⁰g⁰¹³¹⁸·
671 3620 834 3694 Iloc
878 3622 1294 3697 ostendunt
1357 3645 1493 3719 per
1547 3623 1880 3696 rationes
1939 3633 2013 3697 et
2075 3648 2208 3720 per

666 3739 1180 3813 auctoritates.
1264 3739 1412 3813 Per
1496 3739 1866 3814 rationem
1958 3741 2204 3837 primo

642 3854 771 3928 -sic
809 3879 823 3928 :
871 3856 1192 3929 Materia
1233 3865 1372 3947 est,
1420 3879 1571 3953 qua
1604 3880 1724 3930 res
1757 3867 2203 3954 potestesse

661 3982 736 4045 et
776 3995 928 4045 non
967 3996 1160 4058 esse,
1195 3996 1293 4044 αι·
1327 3972 1396 4044 7.
1442 3972 1784 4068 ΛῙείαρΙι.
1832 3979 2014 4046 teoet.
2074 3974 2196 4045 22.

661 4091 769 4161 Ex
841 4092 983 4162 hoc
1043 4089 1247 4164 enim
1348 4090 1715 4187 probatur
1806 4090 2200 4164 materiam

659 4229 828 4279 esse
864 4205 938 4278 in
996 4205 1505 4299 naturalibuS,
1568 4216 1641 4279 et
1694 4206 1767 4278 in
1824 4207 1969 4300 his,
2025 4231 2201 4304 quae

658 4330 914 4394 sunta
955 4331 1256 4409 natura,
1294 4332 1367 4395 et
1407 4345 1451 4395 a
1502 4345 1682 4396 casu
1739 4333 1813 4397 et
1862 4323 1955 4396 ab
2007 4334 2195 4417 arte,

660 4437 842 4535 quia
884 4447 1401 4534 possuntesse
1443 4447 1517 4511 et
1559 4461 1709 4511 non
1746 4462 1942 4532 esse,
1978 4439 2201 4535 cujus

657 4553 1120 4651 principium
1203 4565 1316 4627 est
1386 4554 1702 4628 materia
1773 4581 1788 4640 ;
1871 4555 1933 4628 si
2016 4580 2199 4652 ergo

660 4671 976 4746 materia
1047 4671 1426 4768 pertineat
1505 4671 1597 4744 ad
1668 4671 2196 4769 quidditatem‚

662 4798 840 4861 tunc
900 4786 1287 4883 quidditas
1371 4797 1618 4884 potest
1675 4811 1871 4881 esse,
1927 4800 2000 4862 et
2041 4813 2195 4862 non

657 4928 823 4977 esse
867 4926 1003 4999 per
1042 4927 1150 4996 se,
1214 4904 1425 4976 etsie
1476 4915 1676 4979 esset
1733 4906 2201 5000 generabilis

657 5030 730 5094 et
824 5019 1370 5116 corruptibilis,
1467 5021 1670 5118 quod
1734 5032 1849 5096 est
1935 5034 2201 5096 contra

659 5137 1216 5235 Philosophum
1255 5138 1327 5210 in
1355 5139 1651 5213 eodem.

757 5253 1168 5343 Praeterea,
1214 5250 1421 5349 quod
1448 5253 1636 5348 quid
1671 5261 1780 5326 esc
1843 5265 1956 5328 est
2000 5256 2202 5353 prin-

657 5368 941 5466 cipium
1049 5368 1563 5464 cognoscendi
1652 5369 1867 5463 illud,
1976 5372 2198 5467 eujus

655 5495 828 5572 est;
905 5486 1220 5559 materia
1278 5495 1532 5560 autem
1593 5497 1704 5561 est
1768 5491 2195 5564 secundum

652 5625 732 5676 se
780 5601 1068 5697 ignota,
1129 5623 1227 5674 ea:
1291 5601 1359 5672 7.
1421 5600 1762 5697 Melaplz.
1821 5609 2002 5677 teoet.
2069 5605 2188 5677 34.

330 5332 595 5385 Secunda.

2081 407 2315 474 LIBRI
2362 406 2484 474 111.

2317 603 2499 675 ergo
2526 604 2678 653 non
2707 581 3033 678 pertinet
3067 581 3159 654 ad
3190 582 3692 680 quidditatem
3718 583 3853 656 rei.

2416 697 2800 771 Praeterea
2876 697 3095 771 tertio
3164 699 3334 773 sic:
3403 701 3595 774 Illud
3651 701 3855 798 quod

2317 837 2453 912 per
2493 815 2846 888 sehabet
2914 814 3120 912 quod
3182 817 3372 913 quid
3442 824 3578 909 est,
3630 818 3861 893 habet

2318 930 2505 1004 illud
2542 930 2740 1005 idem
2775 931 2946 1017 sibi,
3012 932 3194 1028 quia
3239 955 3331 1006 ex
3382 935 3451 1005 7.
3516 935 3855 1033 Metaph.

2318 1057 2498 1121 text.
2536 1050 2654 1121 3³3.
2696 1053 2777 1125 in
2809 1052 3034 1127 dictis
3062 1053 3483 1127 secundum
3512 1077 3618 1147 se,
3655 1055 3859 1129 idem

2320 1171 2431 1238 esc
2468 1166 2676 1262 quod
2710 1171 2901 1265 qnid
2927 1179 3060 1265 est,
3097 1195 3269 1245 cum
3312 1194 3398 1244 eo
3448 1171 3668 1270 cujus
3728 1177 3860 1245 est.

2322 1278 2538 1366 Quod
2582 1306 2764 1378 ergo
2791 1285 3258 1385 habetquod
3328 1286 3518 1383 quid
3581 1293 3715 1378 est,
3771 1310 3867 1360 ne

2321 1402 2419 1476 sit
2458 1400 2656 1476 idem
2703 1426 2876 1477 cum
2920 1427 3009 1477 eo
3052 1405 3274 1501 eujus
3318 1414 3459 1496 est,
3514 1403 3872 1500 prohibet

2323 1543 2418 1593 ne
2487 1519 2677 1593 illud
2740 1520 2848 1594 sic
2927 1520 3205 1595 habeat
3283 1543 3422 1617 per
3511 1540 3592 1593 se
3670 1519 3877 1616 quod

2321 1636 2559 1736 quid3
2605 1636 2734 1711 sed
2771 1638 3090 1712 materia
3131 1637 3488 1735 prohibet
3541 1659 3634 1710 ne
3668 1636 3875 1734 quod

2321 1753 2512 1851 qnid
2533 1753 2931 1851 compositi
2992 1763 3131 1843 est,
3205 1752 3523 1827 materia
3563 1763 3636 1826 et
3711 1753 3868 1826 for-

2324 1894 2472 1962 ma,
2511 1869 2607 1943 sit
2646 1870 2843 1943 idem
2891 1895 3067 1945 cum
3123 1871 3553 1968 composito
3597 1898 3618 1963 ;
3682 1893 3864 1965 ergo

2322 1987 2676 2084 prohibet
2710 2011 2802 2060 ne
2837 1988 3346 2085 compositum
3395 1986 3672 2061 habeat
3729 2008 3866 2084 per

2321 2127 2402 2176 se
2470 2103 2676 2200 quod
2729 2103 2941 2201 quid,
3014 2114 3089 2177 et
3168 2127 3302 2201 per
3380 2126 3868 2200 consequens

2324 2220 2641 2293 materia
2675 2244 2826 2292 non
2873 2230 2989 2294 est
3020 2244 3156 2318 per
3187 2244 3268 2295 se
3310 2220 3402 2294 de
3444 2220 3867 2316 quidditate

2322 2336 2752 2435 compositi.
2800 2336 3055 2410 Minor
3096 2337 3464 2433 probatur
3493 2360 3630 2434 per
3683 2336 3872 2409 Phi-

2324 2452 2759 2549 losophum,
2798 2454 2867 2525 7.
2903 2453 3247 2549 Metaplz.
3314 2454 3395 2526 in
3441 2452 3597 2549 fine
3654 2453 3871 2550 capi-

2320 2569 2468 2643 tale·
2490 2570 2581 2643 de
2616 2572 2904 2643 imitate
2935 2569 3437 2666 definitioniS,
3498 2577 3551 2644 t.
3616 2571 3736 2642 20.
3800 2579 3872 2644 et

2320 2686 2438 2758 34.
2513 2694 2586 2760 et
2631 2687 2748 2758 41.
2808 2687 2936 2761 ubi
2997 2687 3276 2761 dicitur
3315 2688 3520 2783 quod
3562 2687 3640 2761 in
3681 2710 3869 2761 con-

2321 2801 2563 2897 ceptis
2612 2825 2785 2874 cum
2851 2801 3198 2895 materia,
3273 2825 3427 2874 non
3489 2811 3604 2876 est
3665 2802 3863 2876 idem

2319 2917 2526 3015 quod
2560 2916 2750 3015 quid
2777 2926 2909 3007 esl,
2944 2942 3117 2991 cum
3162 2942 3251 2992 eo
3291 2918 3514 3013 cujus
3546 2928 3683 2992 est.

2414 3034 2827 3127 Praeterea,
2918 3035 3008 3108 ad
3100 3036 3245 3108 hoc
3332 3045 3510 3109 sunt
3598 3038 3861 3110 multa}

2316 3151 2808 3226 auctoritates
2840 3151 3293 3250 Philosophi
3348 3153 3427 3228 in
3471 3154 3540 3226 7.
3605 3154 3861 3229 Meta·-

2302 3271 2606 3369 physic.
2658 3294 2823 3368 cap.
2882 3270 2970 3344 de
3019 3271 3309 3345 unitate
3353 3270 3855 3367 definitionis,

2315 3394 2498 3462 teate.
2572 3387 2690 3459 35.
2761 3394 2834 3461 et
2895 3387 3229 3461 secundo
3300 3386 3760 3463 animalium
3835 3414 3849 3463 :

2314 3505 2590 3577 Anima
2672 3503 3102 3578 substantia
3175 3513 3289 3577 est
3371 3504 3709 3590 animati,
3787 3516 3859 3579 et

2314 3622 2635 3719 specieS,
2682 3631 2756 3696 et
2795 3621 3001 3718 qnod
3036 3620 3225 3717 quid
3270 3629 3436 3696 erat
3463 3645 3673 3716 &3363
3728 3623 3857 3718 igi·

2314 3750 2438 3813 tur
2504 3737 2891 3835 quidditas
2958 3737 3315 3812 animalis
3377 3748 3492 3813 est
3560 3749 3852 3813 tantum

2313 3855 2595 3929 anima.

2417 3973 2626 4063 ltem,
2686 3971 2998 4063 ibidem,
3061 3980 3240 4044 text.
3315 3972 3383 4043 9.
3441 3972 3847 4046 dicendum

2307 4089 2667 4184 speciem,
2730 4094 2801 4160 et
2866 4087 3320 4183 inquantum
3402 4087 3627 4162 habet
3690 4112 3852 4187 spe-

2310 4207 2502 4279 ciem
2544 4227 3193 4301 unumquemque,
3262 4204 3401 4278 secl
3449 4206 3849 4280 materiale

2308 4346 2701 4420 nunquam
2732 4322 3151 4395 secundum
3181 4346 3261 4395 se
3300 4321 3735 4396 dicendum.

2407 4438 2623 4530 Item,
2661 4438 2742 4511 in
2775 4436 3036 4510 eodem
3071 4444 3251 4511 text.
3296 4439 3411 4510 40.
3461 4462 3849 4536 quaecum-

2309 4577 2458 4651 que
2528 4562 2708 4628 sunt
2773 4563 3055 4650 parteS,
3130 4564 3210 4627 ut
3281 4555 3623 4649 materia,
3656 4566 3729 4631 et
3770 4557 3846 4630 in

2308 4693 2484 4766 quae
2517 4670 2908 4762 dividitur,
2958 4671 3145 4743 utin
3194 4674 3615 4766 materiam,
3671 4684 3850 4748 sunt

2309 4789 2757 4886 posteriora.
2812 4789 2961 4862 Sed
3033 4789 3163 4863 illa
3238 4812 3413 4886 quae
3467 4794 3850 4888 pertinent

2308 4905 2401 4978 ad
2443 4903 2968 4979 definitionem
3015 4915 3195 4978 sunt
3225 4907 3507 5002 priora,
3544 4909 3620 4981 in
3680 4922 3850 4984 tan-

2307 5032 2469 5094 tum
2538 5022 2765 5095 etiam
2831 5021 3054 5094 istam
3116 5024 3678 5120 oppositionem
3726 5053 3850 5101 vo-

2309 5141 2478 5213 lunt
2516 5139 2951 5231 defendere,
2997 5139 3201 5235 quod
3250 5140 3312 5214 si
3364 5143 3631 5217 eadem
3678 5147 3850 5220 ani-

2310 5277 2431 5329 ma
2503 5255 2850 5328 uniretur
2923 5255 3140 5327 alteri
3229 5258 3558 5355 corpori,
3648 5274 3850 5338 esset

2305 5371 2507 5445 idem
2548 5374 2774 5445 homo
2818 5394 3168 5464 numere,
3218 5374 3400 5470 quia
3462 5389 3717 5454 manet
3768 5381 3840 5453 in

2304 5488 2568 5563 eadem
2616 5487 3001 5585 quidditas
3035 5513 3385 5586 numero,
3446 5518 3618 5568 cum
3680 5499 3847 5570 ani-

2307 5629 2431 5680 ma
2461 5606 2558 5679 sit
2589 5616 2745 5680 tota
2786 5605 3170 5703 quidditas
3231 5608 3593 5685 hominis.

4007 746 4069 813 4.

3939 3090 4157 3151 Qum-tn.

3934 4010 4148 4068 Quinta.

3956 4506 4131 4555 Sexta.
