4295 6326
635 439 763 509 346

635 612 762 699 tia,
798 623 1164 713 quamdiu
1203 637 1461 703 manet
1500 652 1671 703 cum
1708 639 1911 724 actu,
1951 654 2182 729 quam

636 731 697 804 si
733 734 1042 811 habitus
1072 750 1365 816 tantum
1403 756 1708 819 maneat
1739 745 1815 818 in
1851 770 1942 821 ea
1977 774 1995 839 ;
2049 746 2181 821 sed

637 846 714 922 in
786 856 1186 949 proposito
1265 870 1479 933 actus
1565 871 1809 959 potest
1870 886 2181 937 manere

638 977 1009 1064 perpetuo
1042 996 1056 1057 ;
1095 973 1329 1069 igitur
1370 976 1476 1050 ibi
1520 981 1731 1053 nulla
1781 990 1895 1054 est
1927 1005 2183 1055 neces-

639 1082 822 1157 sitas
864 1090 1198 1181 ponendi
1245 1092 1584 1167 habitum
1626 1124 1643 1188 ;
1693 1097 1893 1171 unde
1960 1097 2020 1169 si
2056 1098 2182 1169 ob-

629 1199 916 1294 Jectum
967 1204 1064 1278 sit
1122 1231 1495 1305 praesens,
1575 1211 1828 1310 ipsum
1899 1213 2182 1290 sufficit

639 1317 733 1390 ad
757 1319 1134 1397 visionem
1171 1326 1336 1402 sine
1371 1328 1665 1423 habitu,
1699 1331 1762 1404 si
1795 1331 2092 1428 obJectu
2109 1357 2174 1405 m

641 1436 883 1530 possit
920 1438 1193 1536 videri,
1255 1452 1329 1518 et
1396 1446 1808 1541 praesentia
1871 1448 2180 1523 habitus

642 1548 806 1625 sine
848 1556 1261 1649 praesentia
1299 1557 1573 1655 objecti
1622 1583 1771 1633 non
1808 1561 2052 1658 juvat.

734 1667 986 1764 Dices,
1076 1673 1212 1746 etsi
1286 1699 1439 1748 non
1501 1678 2020 1774 requireretur
2086 1703 2178 1753 ex

632 1793 846 1881 parte
888 1790 1278 1885 potentiae,
1344 1794 1866 1890 requireretur
1918 1806 2170 1871 tamen

628 1922 720 1973 ex
751 1911 964 1997 parte
993 1905 1293 2002 objecti,
1366 1918 1449 1982 ut
1481 1910 1789 1985 habitus
1829 1912 2177 1987 scientia-

628 2016 747 2109 lie,
791 2019 910 2093 vel
953 2022 1752 2125 species,quamquam
1790 2029 2172 2125 objectum

624 2134 721 2207 sit
752 2159 1118 2232 praesens,

723 2253 1032 2349 Contra,
1078 2258 1481 2354 probatum
1544 2270 1659 2336 est
1707 2262 1923 2360 prius
1965 2265 2168 2361 quod

624 2369 964 2464 habitus,
1004 2382 1083 2445 ut
1125 2374 1624 2471 distinguitur
1689 2388 1956 2453 contra
1995 2403 2167 2477 spe-

623 2485 850 2579 ciem,
926 2512 1068 2563 nec
1118 2490 1424 2581 sufficit,
1486 2517 1628 2568 nec
1701 2495 2161 2592 requiritur;

622 2600 795 2673 ideo
857 2602 1026 2677 dico
1125 2606 1327 2703 quod
1391 2609 1869 2685 excludendo
1937 2636 2166 2687 omne

624 2718 962 2793 medium
1033 2731 1281 2819 potest
1359 2725 1794 2802 intellectus
1883 2729 2165 2805 animae

619 2834 897 2908 Christi
940 2836 1202 2913 videre
1235 2839 1572 2915 Verbum
1619 2843 1865 2941 primo
1908 2856 1981 2920 et
2019 2847 2163 2919 im-

620 2950 946 3025 mediate
981 2976 1285 3029 summa
1323 2955 1623 3033 visione
1666 2961 1979 3036 creabili
2020 2986 2163 3038 ne-

619 3066 901 3163 gative.

1151 3324 1513 3385 SCHOLIUM
1555 3331 1622 3386 11.

691 3467 963 3526 Voluntas
996 3473 1202 3529 animae
1236 3475 1446 3532 Christi
1479 3478 1656 3550 (idem
1711 3479 1780 3536 de
1831 3481 2158 3552 intellectu)

612 3561 702 3612 est
731 3558 1131 3631 imperfectior
1167 3564 1460 3622 voluntate
1503 3568 1724 3640 Angeti,
1777 3576 1832 3625 et
1861 3571 2008 3641 {ideo
2039 3590 2156 3630 non

612 3656 806 3719 potest
837 3652 1062 3708 tantum
1112 3671 1282 3726 agere
1332 3667 1612 3727 quantum
1662 3659 1763 3716 illa
1809 3662 2036 3718 actione
2082 3665 2156 3719 de

610 3752 827 3810 genere
870 3743 1151 3809 Actionis,
1209 3746 1308 3801 sed
1371 3754 1557 3818 potest
1607 3754 1850 3817 tantum,
1899 3751 1986 3808 vel
2022 3752 2154 3824 plus

613 3827 838 3898 operari
869 3835 926 3886 et
956 3829 1091 3898 frui,
1121 3832 1258 3903 quia
1286 3834 1392 3891 hoc
1423 3852 1537 3892 non
1569 3843 1658 3894 est
1687 3856 1876 3910 agere,
1922 3842 2023 3898 sed
2066 3843 2152 3897 di·

613 3915 918 3974 lectionem
952 3920 1009 3976 in
1043 3938 1102 3978 se
1134 3921 1369 3992 habere,
1413 3926 1820 4002 undecumque
1856 3939 2154 3999 causetur,

608 4005 865 4079 alioquin
899 4013 1047 4066 Deus
1097 4029 1210 4067 non
1264 4013 1568 4086 frueretur,
1623 4019 1762 4089 quia
1805 4037 1921 4076 non
1973 4022 2152 4090 elicit,

611 4111 717 4151 nec
749 4098 870 4168 agit
900 4114 1064 4156 suam
1099 4102 1449 4161 fruitionem.
1499 4105 1737 4163 seclusa
1783 4116 1975 4166 autem
2022 4113 2157 4167 cha-

613 4184 784 4241 ritate
812 4204 845 4241 a
875 4187 1168 4246 voluntate
1196 4198 1250 4246 et
1279 4193 1438 4247 omni
1472 4192 1674 4252 habitu
1725 4198 1798 4253 ab
1829 4199 2151 4268 intellectu,

608 4275 803 4332 verius
835 4282 947 4344 est,
980 4279 1134 4351 quod
1182 4281 1551 4340 coefficerent
1591 4286 1869 4345 visionem
1920 4295 1976 4345 et
2020 4291 2152 4346 frui-

609 4363 853 4432 tionem,
887 4366 1002 4423 Deo
1033 4368 1342 4442 supplente
1373 4371 1522 4429 vices
1565 4374 1893 4449 habituum,
1943 4397 2151 4453 quam·

611 4453 698 4509 vis
726 4459 937 4511 Ductor
967 4456 1061 4513 hic
1091 4458 1382 4532 relinquat
1422 4462 1527 4519 boc
1583 4470 1646 4520 nt
1688 4466 1955 4536 dubium,
2006 4471 2153 4528 aliae

615 4559 769 4614 saepe
796 4544 1061 4603 absolute
1091 4550 1324 4615 asserit,
1356 4561 1412 4608 et
1436 4553 1503 4610 de
1552 4555 1841 4615 voluntate
1892 4559 2064 4616 babet
2093 4562 2152 4619 in

613 4631 795 4687 Oxon.
829 4633 961 4691 dist.
996 4639 1236 4706 praeced.
1270 4658 1326 4712 q.
1360 4641 1413 4697 3.

714 4811 864 4885 Sed
916 4824 1077 4888 esto
1119 4818 1323 4913 qu‘od
1385 4819 1816 4901 intellectus
1884 4852 1965 4903 se
2027 4831 2154 4905 ha·

616 4927 794 5000 beat
821 4928 1065 5003 active
1111 4945 1453 5030 respectu
1512 4937 1860 5034 visionis,
1907 4954 1980 5018 et
2018 4971 2150 5021 vo-

612 5045 867 5119 luntas
912 5057 1261 5145 respectu
1321 5051 1728 5158 fruitionis,
1792 5041 2149 5156 possetne

607 5159 1041 5238 intellectus
1126 5189 1430 5242 summa
1494 5170 1815 5261 visione,
1875 5187 1948 5251 et
2024 5204 2152 5252 vo-

616 5277 872 5352 luntas
917 5303 1218 5354 summa
1273 5284 1630 5362 fruitione
1682 5290 1826 5364 frui
1889 5293 2152 5370 imme-

2004 458 2247 527 LIBRI
2292 460 2411 530 111.

2290 630 2403 704 li?
2432 632 2621 707 Dico
2663 633 2865 730 quod
2900 633 2978 706 in
3049 635 3194 707 hoc
3237 641 3419 707 sunt
3457 631 3610 706 duo
3644 627 3831 704 arti-

2289 751 2485 825 culi:
2526 751 2834 825 Primus
2855 761 2995 845 est,
3041 751 3103 825 si
3147 753 3505 843 voluntas
3547 749 3829 823 animae

2288 870 2407 941 vel
2450 868 2883 943 intellectus
2916 879 3230 967 possent
3278 890 3445 942 esse
3502 867 3603 940 ita
3644 867 3835 940 acti-

2285 1010 2405 1059 vae
2482 987 2680 1060 sicut
2754 989 3116 1060 voluntas
3192 988 3312 1060 vel
3397 984 3832 1059 intellectus

2283 1102 2623 1197 Angeli?
2685 1101 3090 1176 Secundus
3149 1100 3520 1175 articulus
3581 1108 3716 1184 est,
3766 1099 3828 1172 si

2284 1229 2535 1317 potest
2573 1222 2934 1295 voluntas
2974 1230 3230 1296 creata
3272 1220 3416 1295 frui
3460 1218 3628 1294 sine
3662 1242 3828 1315 gra-

2287 1336 2413 1430 tia,
2476 1338 2598 1412 vel
2660 1337 3092 1412 intellectus
3147 1337 3407 1412 videre
3467 1336 3634 1410 sine
3705 1335 3829 1408 lu-

2286 1453 2553 1528 mine?

2376 1567 2488 1641 Ad
2530 1568 2858 1667 primum
2940 1569 3110 1643 dico
3179 1567 3384 1667 quod
3462 1569 3822 1641 voluntas
3881 1565 4147 1678 ‘fflffisss

2281 1685 2561 1759 animae
2602 1685 2883 1760 Christi
2951 1709 3104 1758 non
3159 1694 3406 1783 potest
3444 1707 3613 1759 esse
3644 1708 3823 1782 per-
3852 1689 4175 1741 Christiuon

2279 1799 2687 1875 lectissime
2717 1801 2965 1876 activa
3016 1801 3093 1874 in
3146 1810 3420 1874 natura
3449 1824 3591 1874 sua
3624 1800 3821 1874 inter
3850 1759 4144 1866 ῐέἶιιῑεῐὲῗιῖε

2276 1919 2715 1993 voluntates
2773 1926 3092 2000 creatas,
3153 1942 3294 1992 nec
3355 1917 3815 2011 intellectus,
3852 1882 4177 1992 ffiffisseia‘t'u-

2279 2043 2439 2106 esto
2482 2033 2686 2130 quod
2730 2033 2825 2106 sit
2865 2033 3187 2125 activuS,
3251 2032 3433 2131 quia
3484 2055 3658 2106 cum
3694 2058 3821 2107 vo·
3967 2017 4073 2053 ω’

2278 2151 2533 2224 luntas
2574 2149 2672 2224 sit
2719 2149 2968 2224 activa
3007 2149 3348 2247 potentia
3388 2149 3463 2222 in
3513 2159 3814 2243 natura,

2275 2266 2517 2364 ipsam
2563 2291 2730 2341 esse
2756 2267 3165 2364 perfectius
3193 2266 3548 2358 activam,
3587 2291 3815 2365 quam

2275 2384 2371 2456 sit
2411 2385 2768 2457 voluntas
2801 2383 3100 2479 Angeli,
3129 2394 3331 2457 esset
3365 2384 3606 2481 ipsam
3651 2408 3818 2459 esse

2274 2499 2803 2596 perfectiorem
2852 2500 2928 2571 in
2974 2510 3249 2574 natura
3290 2523 3456 2592 sua,
3522 2509 3596 2574 et
3644 2499 3818 2575 idco

2272 2639 2424 2689 non
2471 2624 2719 2712 potest
2757 2623 3055 2688 tantum
3098 2639 3324 2711 agere
3377 2615 3678 2690 actione
3722 2617 3816 2691 de

2274 2754 2556 2828 genere
2589 2731 2957 2825 Actionis,
3003 2754 3179 2829 quae
3213 2742 3327 2806 est
3366 2731 3643 2807 elicere
3676 2757 3818 2805 vo-

2272 2849 2645 2942 litionem,
2689 2848 2888 2923 sicut
2919 2857 3175 2946 posset
3232 2850 3591 2923 voluntas
3655 2853 3818 2925 An-

2269 2966 2419 3063 geli
2462 2965 2527 3040 si
2558 2976 2835 3040 natura
2859 2964 3127 3061 Angeli
3174 2964 3442 3039 fuisset
3469 2989 3818 3067 assump-

2272 3092 2370 3178 ta,
2407 3093 2481 3157 et
2511 3090 2766 3157 tamen
2801 3105 2975 3155 cum
3019 3084 3165 3155 hoc
3211 3090 3385 3170 stat,
3453 3083 3661 3180 quod
3688 3107 3817 3182 po·

2183 3206 2188 3210 ’
2266 3210 2412 3276 test
2443 3223 2671 3297 agere
2725 3201 2819 3274 ad
2880 3224 3261 3274 summam
3338 3200 3803 3288 fruitionem,

2264 3326 2337 3391 et
2371 3317 2576 3414 quod
2613 3340 2764 3391 non
2800 3326 3003 3391 esset
3053 3315 3307 3390 fruitio
3366 3316 3702 3391 nobilior
3731 3317 3809 3390 in

2262 3436 2658 3509 voluntate
2727 3433 3031 3530 Angeli,
3096 3433 3235 3507 etsi
3304 3444 3583 3508 natura
3649 3436 3811 3508 An-

2262 3551 2441 3648 geli,
2493 3550 2758 3625 fuisset
2810 3557 3230 3646 assumpta,
3277 3572 3506 3647 quam
3583 3552 3807 3626 modo

2262 3665 2358 3740 sit
2399 3666 2472 3738 in
2504 3667 2897 3748 voluntate
2941 3666 3223 3740 animae
3265 3666 3572 3740 Christi.
3630 3667 3797 3742 Non
3837 3670 4167 3785 0ξῖῡὲιὲἓὲ

2261 3783 2463 3858 enim
2513 3807 2601 3857 ex
2637 3784 2781 3856 hoc
2834 3782 3133 3868 fruitur,
3171 3782 3353 3880 quia
3415 3783 3620 3858 elicit
3684 3783 3804 3857 di-

2262 3897 2697 3990 lectionem,
2735 3896 2934 3971 sicut
2965 3896 3402 3972 intellectus
3433 3907 3548 3972 est
3578 3897 3803 3973 intel-

2259 4013 2533 4108 ligenS,
2570 4012 2701 4086 sed
2765 4008 2936 4108 frui
2971 4021 3089 4085 est
3124 4034 3293 4086 esse
3322 4012 3798 4108 diligentem,

2257 4153 2300 4204 a
2334 4151 2823 4228 quocumque
2864 4127 3164 4202 dilectio
3197 4128 3570 4202 eliciatur.
3623 4130 3802 4204 Ideo

2259 4245 2433 4320 licet.
2475 4268 2626 4319 non
2664 4253 2920 4342 posset
2951 4267 3250 4317 summe
3284 4266 3511 4340 agere
3562 4245 3806 4320 actio-

2258 4387 2355 4438 ne
2395 4363 2487 4438 de
2521 4385 2801 4460 genere
2835 4361 3176 4436 Actionis
3207 4362 3301 4435 ad
3330 4361 3798 4457 fruitionem,

2257 4490 2510 4556 tamen
2583 4489 2832 4578 potest
2898 4502 3198 4554 summe
3268 4478 3416 4554 frui
3480 4480 3803 4556 termino

2258 4597 2579 4673 actionis
2647 4597 2738 4672 de
2798 4621 3079 4694 genere
3146 4597 3514 4689 Actionis,
3570 4606 3644 4673 et
3695 4599 3803 4674 sic

2258 4737 2556 4788 summe
2599 4737 2851 4810 agere,
2901 4713 3104 4811 quod
3158 4725 3273 4788 est
3311 4714 3641 4814 operari,
3688 4738 3805 4789 ac-

2257 4830 2462 4904 tione
2492 4831 2583 4905 de
2616 4855 2899 4927 genere
2934 4831 3367 4925 QualitatiS,
3416 4831 3601 4929 quia
3639 4840 3801 4906 esto

2257 4947 2460 5044 quod
2490 4947 2680 5020 ninil
2726 4957 2986 5043 ageret
3026 4948 3324 5022 actione
3384 4947 3476 5022 de
3517 4970 3799 5043 genere

2253 5063 2622 5154 ActioniS,
2660 5065 2913 5138 adhuc
2964 5075 3220 5161 posset
3280 5088 3580 5139 summe
3624 5065 3795 5145 frui.

2253 5188 2326 5254 et
2383 5204 2681 5255 summe
2760 5204 3015 5276 agere,
3062 5183 3262 5277 quod
3308 5190 3421 5255 est
3461 5183 3792 5280 operari,

2252 5296 2435 5392 quia
2501 5320 2653 5370 non
2715 5307 3024 5395 propter
3094 5299 3236 5372 hoc
3296 5298 3499 5396 quod
3564 5322 3798 5373 causa

3865 3810 4136 3854 amorem,

3834 3859 3928 3909 sed
3956 3873 4162 3911 amare.

610 5392 809 5467 diate
853 5395 1017 5469 sine
1052 5398 1544 5476 omnihabitu
1593 5419 2145 5503 supernatura·
2248 5413 2588 5486 secunda
2646 5414 3055 5510 perfectius
3098 5414 3280 5509 agit,
3327 5414 3469 5488 erit
3515 5417 3796 5513 perfec-

610 5507 690 5602 li,
755 5520 827 5586 et
895 5513 1037 5586 hoc
1099 5520 1613 5613 comparando
1671 5525 2137 5602 voluntatem
2245 5529 2419 5622 tior,
2477 5530 2659 5627 quia
2717 5555 2950 5604 causa
3022 5530 3469 5629 principalis
3546 5531 3794 5629 prima

607 5625 887 5702 animae
929 5630 1207 5704 Christi
1249 5632 1342 5706 ad
1374 5636 1846 5714 voluntatem
1889 5645 2139 5743 Ange·
2242 5670 2480 5746 agens
2555 5671 2727 5722 cum
2772 5671 3006 5723 causa
3036 5647 3375 5723 secunda
3406 5648 3785 5736 debiliori,
