4295 6326
370 3231 475 3299 15.

600 450 684 517 54
1979 443 2221 513 LIBRI
2268 444 2353 511 ΙΙ.

602 629 855 696 tamen
921 623 1351 719 necessario
1420 621 1880 718 inquantum
1942 617 2150 691 videt

2350 618 2462 691 Ad
2507 616 2841 717 primum
2883 616 3339 714 principale,
3371 621 3617 711 potest
3649 608 3796 681 dici

3921 648 4028 714 16.

605 762 852 835 ¹PSU¹U
896 739 1224 836 primum
1274 738 1579 811 dantem
1643 759 1798 809 esse
1854 757 1984 832 pm
2015 757 2146 806 00-
2256 735 2458 832 quod
2493 734 2972 829 Augustinus
3006 734 3108 808 1111
3138 731 3480 831 loquitur
3522 750 3801 804 secun·
3830 762 3913 811 Ad
3930 776 4146 835 prmum

2256 851 2434 923 dum
2482 850 2925 949 opinionem
2985 849 3588 938 Platonicorum,
3621 842 3804 941 quia
3861 838 4115 890 prunum.

606 853 1029 947 guidonem
1057 862 1127 927 et
1153 854 1604 951 appetitum,
1629 851 1829 926 etsie
1863 849 2151 947 appetit

609 970 677 1043 ei
721 971 1158 1065 assimilari,
1241 970 1886 1045 communicando
1929 989 2144 1041 suam

609 1088 1154 1185 perlectionem
1238 1097 1449 1163 extra
1492 1088 1820 1162 diversis
1861 1084 2154 1160 effecti-

609 1205 754 1278 bus
791 1233 807 1298 ;
846 1214 917 1279 et
959 1207 1166 1302 quod
1225 1209 1365 1279 1100
1404 1230 1555 1279 11011
1597 1205 1834 1302 possit
1872 1205 2145 1295 facere,

612 1322 758 1394 nisi
796 1322 1180 1396 mediante
1218 1333 1424 1395 motu
1475 1350 1491 1416 3
1530 1333 1601 1396 et
1675 1322 1843 1395 ideo
1898 1320 2155 1418 posuit

612 1440 1035 1538 quamlibet
1067 1441 1657 1537 intelligentiam
1696 1439 1977 1513 habere
2013 1439 2157 1510 vir-

611 1567 847 1633 tutem
887 1557 1029 1632 sibi
1086 1559 1734 1656 proportionatam
1801 1565 2149 1654 respectu

617 1676 849 1764 orbis,
888 1698 1142 1772 quem·
1177 1685 1453 1768 movet,
1491 1676 1593 1749 ita
1645 1676 1847 1772 quod
1913 1674 1971 1747 si
2017 1699 2159 1771 op-

618 1801 1034 1888 poneretur
1069 1817 1221 1865 una
1270 1794 1489 1866 stella
1521 1793 1610 1864 de
1672 1816 1899 1885 noVO,
1989 1789 2158 1863 lati·-

618 1920 955 2005 geretur,
994 1909 1178 2007 quia
1207 1909 1488 1983 mobile
1510 1917 1710 1983 esset
1744 1909 2159 2006 impropor-

625 2028 991 2101 tionatum
1030 2028 1104 2099 in
1146 2028 1368 2099 modo
1406 2056 1421 2120 ;
1460 2027 1658 2101 sieut
1700 2026 1972 2099 accidit
2007 2025 2162 2098 lati-

620 2143 823 2239 gatio
864 2143 937 2214 in
977 2143 1227 2235 nohis,
1266 2152 1337 2215 et
1387 2142 1493 2217 sic
1517 2141 1997 2240 posuitquod
2041 2164 2162 2214 se-

621 2259 960 2332 cundum
1020 2260 1596 2356 proportionem
1641 2283 1802 2333 sua?
1869 2259 2162 2356 perlec-

622 2377 851 2450 tionis
895 2377 1267 2452 intranea}
1322 2377 1693 2451 naturalis
1750 2375 2167 2472 consequi-

621 2502 745 2565 tur
813 2492 1236 2589 quamlibet
1304 2492 1896 2589 Intelligentiam
1968 2515 2168 2565 com·

623 2609 1017 2683 municare
1048 2609 1552 2706 perfectiones
1630 2608 1931 2682 essendi
1999 2607 2166 2703 ejus

623 2735 996 2822 quantum
1041 2735 1325 2823 posset,
1374 2736 1448 2800 et
1500 2726 1781 2799 habere
1843 2748 2167 2822 propor-

625 2842 990 2916 tionabile
1032 2842 1335 2915 virtutis
1368 2865 1558 2933 sum,
1595 2865 1730 2938 per
1762 2840 1982 2937 cujus
2015 2864 2168 2913 mo-

628 2969 786 3035 tum
834 2970 940 3034 tot
975 2971 1181 3035 extra
1217 2960 1698 3057 produceret,
1744 2967 1929 3056 quot
1986 2981 2169 3054 pos-

630 3086 767 3153 set.

732 3195 880 3270 Sed
920 3195 1282 3290 Tlieologi
1327 3192 1796 3269 contrarium
1849 3203 2168 3291 ponunt,

635 3309 926 3386 scilicet
966 3311 1170 3408 quod
1214 3311 1423 3385 Deus
1468 3335 1620 3384 non
1665 3309 1995 3384 naturali
2031 3333 2171 3383 nc-

633 3430 1011 3522 cessitate,
1059 3429 1189 3502 sed
1227 3428 1459 3502 libere
1494 3429 1673 3523 agit,
1713 3438 1785 3501 et
1820 3427 2172 3502 similiter

631 3543 1196 3639 Intelligentiae.
1264 3543 1927 3638 Quantfeeumque
1961 3542 2164 3616 enim

630 3661 1118 3759 perfectionis
1149 3661 1431 3735 luerint
1459 3661 1551 3734 ad
1586 3685 1830 3734 comm
1847 3660 2172 3734 unican-

629 3772 810 3852 dum
850 3788 1086 3871 extra,
1133 3778 1492 3875 ponimus
1560 3779 1875 3852 subesse
1933 3778 2173 3852 deter-

632 3889 1035 3971 minationi
1072 3893 1289 3970 liberi
1360 3896 1681 3989 arbitrii,
1735 3906 1991 3970 tamen
2034 3921 2172 3993 po-

636 4013 894 4087 nimus
939 4037 1072 4110 per
1126 4011 1641 4087 ministerium
1702 4015 2166 4108 Angelorum

632 4141 923 4206 motum
959 4129 1171 4224 fieri;
1220 4154 1369 4202 non
1406 4139 1661 4204 tamen
1732 4155 2001 4205 omnes
2042 4132 2174 4204 In-

630 4248 1095 4346 telligentias
1139 4272 1475 4341 movere,
1523 4271 1774 4345 neque
1826 4248 2173 4345 singulas

631 4389 923 4456 earum,
972 4389 1146 4463 quae
1174 4374 1512 4459 movent,
1564 4387 1786 4461 mque
1831 4388 2166 4454 movere,

629 4485 807 4581 quia
842 4487 997 4559 lina
1022 4491 1270 4582 potest
1297 4507 1600 4557 movere
1632 4483 1892 4579 plures
1916 4483 2166 4575 orbes,

626 4602 746 4674 vel
816 4625 1090 4693 unum,
1172 4600 1597 4673 secundum
1700 4600 2173 4674 voluntatem

626 4717 793 4792 Dei.

727 4835 944 4921 Quod
1006 4845 1260 4908 autem
1320 4846 1702 4928 moveant,
1776 4845 1980 4933 patet
2039 4860 2175 4934 per

626 4952 1143 5049 Augustinum
1179 4952 1248 5023 3.
1305 4951 1397 5024 de
1482 4952 1755 5026 Trim't.
1795 4955 1864 5024 (3.
1939 4963 2011 5027 et
2061 4962 2175 5028 est

630 5071 1164 5168 congruentia,
1225 5068 1406 5167 quia
1461 5071 1668 5145 Deus
1737 5070 2173 5145 communi-

630 5200 746 5266 cat
844 5187 1240 5263 ess'ectibus
1346 5187 1506 5260 suis
1614 5190 2168 5284 causalitatem,

630 5332 859 5407 quam
920 5304 1200 5379 habere
1235 5314 1605 5400 possunt3
1680 5306 1811 5380 sed
1866 5330 2173 5380 movere

629 5438 744 5502 est
778 5422 1268 5522 hujusmodi3
1310 5447 1492 5520 crgo
1525 5425 1795 5520 Angeli
1834 5437 2168 5520 movent,

634 5542 810 5621 licet
870 5567 1018 5617 non
1104 5564 1403 5628 omnes,
1490 5566 1632 5616 nec
1688 5543 2167 5636 necessitate,

630 5663 761 5740 sed
805 5659 1099 5737 arbitrii
1133 5658 1505 5734 libertate.

2259 980 2434 1043 ante
2499 969 2985 1043 Aristotelem
3057 992 3210 1041 non
3310 965 3450 1040 fuit
3555 960 3806 1061 posita

2258 1086 2529 1183 quinta
2573 1087 2931 1179 essentia,
2984 1095 3057 1160 et
3125 1084 3316 1159 ratio
3378 1079 3803 1157 secundum

2260 1203 2702 1301 opinionem
2768 1226 3035 1277 eorum
3106 1211 3245 1294 est,
3291 1200 3472 1298 quia
3524 1197 3804 1272 coelum

2262 1320 2401 1395 fuit
2439 1321 2896 1417 productum
2959 1345 3049 1394 ex
3092 1319 3294 1416 igne.
3359 1316 3492 1390 Vel
3559 1321 3807 1413 potest

2262 1437 2407 1511 dici
2459 1438 2661 1534 quod
2726 1438 3140 1511 auctoritas
3181 1433 3801 1530 solvitseipsam,

2263 1556 2445 1653 quia
2490 1554 2887 1629 manifeste
2948 1564 3151 1652 patet
3211 1552 3415 1651 quod
3469 1550 3810 1647 loquitur

2264 1673 2688 1747 secundum
2726 1672 3167 1769 opinionem
3215 1670 3573 1761 aliorum,
3632 1690 3807 1741 cum

2266 1791 2443 1865 dicit
2478 1790 2681 1886 quod
2729 1789 2828 1862 ihi
2865 1795 2974 1864 est
2993 1812 3241 1886 purus
3275 1787 3502 1884 ifflzz‘S,
3550 1785 3642 1859 de
3664 1806 3809 1883 quo

2262 1906 2518 1980 sidera
2546 1930 2703 1979 esse
2732 1905 2945 2002 sacta
2992 1905 3451 2003 conjectant,
3491 1902 3634 1974 1100
3667 1908 3805 1992 est,

2267 2023 2419 2108 alii,
2464 2023 2554 2095 de
2613 2044 2940 2118 quorum
3015 2020 3378 2118 opinione
3438 2017 3802 2115 loquitur.

2265 2141 2403 2215 Vel
2455 2149 2701 2238 potest
2764 2140 2910 2214 dici
2980 2163 3115 2237 per
3183 2161 3414 2212 unam
3475 2138 3806 2232 glossam

2268 2260 2548 2349 Strabi,
2596 2282 2831 2357 super
2872 2258 3099 2331 istum
3153 2258 3435 2348 locum,
3473 2254 3676 2352 quod
3722 2253 3812 2326 il-

2270 2377 2430 2470 lud,
2477 2377 2567 2450 de
2621 2400 2773 2473 quo
2826 2374 3057 2450 fiebat
3114 2375 3424 2466 coelum,
3482 2374 3627 2445 hoc
3668 2379 3807 2463 est,

2272 2493 2876 2586 firmamentum,
2957 2494 3079 2568 vel
3161 2491 3440 2577 sidera,
3538 2487 3814 2562 dicitur

2271 2610 2499 2707 igniS,
2563 2620 2877 2709 propter
2922 2610 3331 2708 quamdam
3386 2608 3815 2707 proprieta-

2270 2737 2452 2821 tem,
2501 2740 2583 2802 ut
2615 2737 2924 2826 propter
2953 2728 3229 2821 lucem,
3268 2750 3442 2825 quae
3488 2734 3602 2801 est
3632 2749 3815 2823 pro-

2273 2846 2558 2944 prietas
2599 2844 2824 2943 ignis.

2371 2965 2482 3038 Ad
2536 2964 2740 3038 aliud
2800 2971 3046 3061 potest
3089 2961 3233 3036 dici
3293 2963 3496 3061 quod
3539 2960 3817 3061 accipi·
3864 3005 4024 3069 Aqua
4056 3019 4162 3054 su-

2273 3090 2399 3155 tur
2433 3080 2535 3155 ibi
2585 3105 2783 3179 aqua
2813 3104 2950 3179 pro
2975 3078 3396 3178 composito
3449 3103 3538 3155 ex
3572 3088 3815 3153 mate—

2276 3199 2389 3273 ria
2421 3199 2764 3273 etforma
2805 3196 3280 3272 confusionis
3342 3207 3423 3270 ut
3482 3221 3619 3294 pro
3671 3197 3813 3272 isto
3894 3194 3926 3244 ‘¹

2275 3317 2550 3408 chaos3
2598 3314 2801 3388 istud
2845 3324 3097 3388 tamen
3185 3313 3611 3388 secundum
3682 3337 3815 3388 ve-

2276 3436 2572 3509 ritatem
2637 3457 2790 3507 11011
2854 3432 3100 3528 magis
3173 3432 3310 3505 suit
3369 3455 3570 3528 aqua
3635 3455 3819 3506 vera

2279 3576 2508 3650 quam
2581 3550 2810 3647 ignis.
2876 3550 3033 3623 Nec
3104 3557 3403 3646 oportet
3479 3549 3814 3624 medium

2276 3669 2702 3743 secundum
2747 3666 2977 3740 situm
3031 3665 3388 3762 componi
3448 3689 3539 3739 ex
3572 3665 3821 3739 termi-

2276 3788 2426 3882 nis,
2466 3811 2605 3861 nec
2639 3810 2807 3862 esse
2860 3784 3202 3881 ejusdem
3244 3793 3567 3877 naturae,
3624 3785 3823 3858 sicut

2278 3929 2419 3980 1100
2443 3906 2673 3978 1101110
2695 3903 3029 3978 existens
3060 3901 3260 3976 inter
3283 3903 3477 3976 duos
3498 3901 3813 3999 lapides.

2278 4022 2427 4097 Sed
2470 4021 2853 4119 quomodo
2888 4027 3001 4093 est
3029 4041 3230 4115 aqua
3275 4042 3508 4116 super
3539 4019 3819 4093 coelum

2280 4150 2352 4215 et
2410 4162 2612 4237 aqua
2669 4137 2812 4211 sub
2881 4135 3139 4210 coelo‘?
3213 4135 3470 4232 Aliqui
3560 4136 3826 4210 dicunt

2279 4256 2484 4355 quod
2517 4263 2978 4353 evaporatur
3020 4276 3253 4351 super
3310 4254 3589 4327 coelum
3624 4276 3827 4350 aqua

2280 4376 2373 4450 ab
2399 4396 2600 4472 aqua
2632 4373 2775 4447 sub
2818 4373 3038 4446 cselo.
3077 4370 3225 4446 Sed
3272 4371 3400 4445 illa
3432 4381 3545 4445 est
3588 4369 3820 4460 110110,

2280 4491 2462 4588 quia
2501 4515 2659 4564 non
2720 4499 2900 4564 sunt
2957 4511 3280 4586 corpora
3339 4488 3447 4562 sic
3516 4512 3821 4586 porosa‚

2281 4608 2483 4706 quod
2529 4606 2768 4704 possit
2807 4629 3010 4704 aqua
3042 4628 3178 4702 per
3213 4603 3549 4678 medium
3617 4604 3829 4702 ipso-

2281 4750 2451 4800 rum
2497 4725 2603 4800 sic
2643 4725 2990 4813 transire,
3037 4747 3180 4798 nec
3204 4734 3461 4821 posset
3501 4724 3826 4798 transire

2279 4867 2419 4941 per
2473 4845 2856 4941 sphaeram
2927 4841 3156 4937 igniS,
3238 4841 3420 4937 quia
3499 4842 3831 4917 totaliter

2281 4967 2944 5057 corrumperetur3
3021 4957 3192 5031 ideo
3269 4956 3577 5031 videtur
3611 4960 3829 5055 quod

2281 5076 2580 5151 dicatur
2637 5100 2838 5175 aqua
2893 5097 3130 5172 supra
3189 5073 3465 5148 coelum
3530 5084 3826 5149 tantum

2281 5205 2592 5293 propter
2719 5193 3134 5290 quamdam
3285 5191 3826 5289 proprietatem

2285 5337 2537 5410 aquae.
2577 5312 2869 5385 Coelum
2916 5309 3119 5384 enim
3151 5307 3660 5384 cristallinum
3703 5336 3832 5408 po·

2283 5440 2427 5504 test
2459 5429 2606 5504 dici
2640 5451 2866 5525 aqua,
2915 5449 3090 5524 quae
3131 5435 3244 5500 est
3300 5450 3532 5523 supra
3564 5426 3830 5503 firma-

2287 5540 3826 5643 mentum,proptersi1nilemqualitatem,

2287 5674 2360 5742 et
2400 5688 2601 5766 aqua
2653 5661 2796 5740 suh
2839 5661 3062 5757 coele,
3108 5671 3361 5763 potest
3429 5661 3576 5738 dici
3637 5662 3827 5741 illud

3866 3082 3970 3132 per
4000 3069 4149 3119 coelo

3885 3132 4165 3183 uomodo.

3977 3209 4188 3246 secun-

3939 3259 4102 3309 dum.
