4295 6326
189 1044 190 1047 =
305 1012 387 1062 An
428 1013 626 1062 malum

657 382 787 450 176

659 557 902 654 partis
933 577 1091 627 non
1133 553 1452 648 derogat
1508 547 1764 627 ordini
1834 545 2208 639 universi,

662 670 726 746 si
770 674 939 746 haec
968 693 1149 768 pars
1184 692 1338 743 non
1373 667 1471 742 sit
1499 665 1977 766 principalis,
2012 664 2213 738 sicut

659 792 1051 866 subtracta
1103 812 1256 862 una
1299 796 1516 883 gutta
1582 783 1985 881 sanguinis
2051 806 2211 857 cor-

661 908 869 1007 poris
905 906 1081 999 mei,
1128 928 1281 979 non
1319 914 1628 1002 propter
1678 904 1823 977 hoc
1874 901 2209 977 destrui—

659 1034 786 1098 tur
825 1023 1011 1097 ordo
1046 1021 1413 1119 corporis.
1457 1021 1740 1094 Tamen
1775 1018 2203 1093 secundum

662 1148 1039 1238 ponentes
1079 1138 1285 1236 quod
1327 1136 1651 1234 quilibet
1707 1136 2049 1231 Angelus
2090 1135 2204 1209 fa-

659 1261 809 1336 ciat
848 1259 1182 1358 speciem
1240 1267 1601 1350 ammam,
1635 1255 1941 1330 videtur
1993 1255 2200 1352 quod

659 1377 922 1450 multoe
977 1384 1233 1473 partes
1259 1372 1724 1471 principales
1780 1364 2006 1446 erunt
2065 1394 2201 1445 ex-

656 1502 770 1568 tra
828 1492 1118 1567 bonum
1180 1488 1527 1564 ordinem
1586 1496 1985 1586 perpetuO.
2046 1487 2196 1562 Sed

654 1612 942 1684 malum
986 1606 1454 1683 contrarium
1500 1607 1700 1681 bono
1746 1630 1902 1679 non
1944 1603 2196 1703 privat

650 1724 799 1798 nisi
901 1723 1265 1812 bonitate,
1366 1744 1543 1818 quae
1627 1731 1744 1795 est
1828 1719 2193 1818 perfectio

650 1838 1018 1928 secunda,
1105 1844 1283 1912 nala
1386 1836 1667 1928 inesse,
1758 1857 1934 1931 quae
2032 1858 2191 1909 non

648 1963 764 2030 est
801 1977 938 2050 per
969 1975 1049 2027 se
1093 1952 1185 2026 de
1244 1950 1591 2049 partibus
1651 1948 2193 2025 essentialibus

645 2070 1023 2147 universi.

737 2188 845 2262 Ad
898 2186 1108 2261 aliud
1142 2209 1316 2261 cum
1365 2184 1672 2278 dicitur,
1753 2185 2186 2284 oppositum

369 2363 516 2412 „um-
641 2327 797 2379 non
859 2310 971 2377 esc
1037 2325 1268 2377 causa
1315 2300 1670 2399 oppositi,
1738 2300 1908 2376 dico
1977 2301 2184 2398 quod

287 2422 607 2537 3522ng-
640 2421 927 2495 malum
987 2441 1141 2491 non
1203 2417 1617 2516 opponitur
1681 2417 1913 2510 bon0,
1976 2417 2182 2514 quod

284 2503 606 2610 poniturbg·
639 2535 1116 2611 convertitur
1191 2558 1366 2609 cum
1465 2545 1666 2627 ente,
1741 2535 1873 2609 sed
1942 2535 2177 2629 bono,

407 2626 494 2661 ω’
643 2655 848 2752 quod
900 2653 1081 2727 dicit
1133 2652 1677 2751 perfectionem
1756 2652 2177 2727 secundam

637 2779 892 2845 natam
937 2769 1218 2844 inesse.

731 2887 840 2961 Ad
885 2886 1093 2961 aliud
1135 2908 1309 2959 cum
1353 2884 1657 2977 dicitur,
1687 2883 1980 2959 malum
2019 2908 2177 2959 non

555 3092 556 3095 Ἴ
630 3001 853 3077 habet
910 3024 1218 3075 causam
1282 2997 1630 3096 finalem,
1719 2999 1889 3073 dico
1967 3002 2175 3097 quod

631 3119 952 3208 bonum,
988 3117 1080 3192 de
1105 3139 1258 3215 quo
1293 3113 1708 3213 loquimur,
1745 3139 1901 3190 non
1945 3117 2176 3193 habet

629 3235 1005 3310 rationem
1030 3232 1207 3308 finis
1229 3232 1548 3331 praecise
1573 3258 1593 3325 ;
1620 3232 1938 3327 bonum,
1964 3236 2171 3331 quod

627 3362 743 3428 est
773 3351 978 3445 finis,
1024 3361 1141 3426 est
1204 3352 1493 3426 bonum
1565 3360 1887 3450 utroque
1945 3352 2170 3426 modo

628 3469 1126 3568 quandoque.

727 3586 981 3679 DiceS,
1091 3609 1323 3661 causa
1392 3584 1648 3660 finalis
1723 3594 1838 3659 est
1923 3586 2171 3683 prima

626 3725 862 3778 causa
938 3730 956 3796 ;
1067 3702 1300 3798 igitur
1384 3702 1587 3799 quod
1687 3724 1842 3774 non
1939 3703 2167 3779 habet

626 3819 873 3917 ipsam
909 3842 1042 3917 pro
1072 3841 1333 3925 cau-sa,
1381 3819 1673 3892 nullam
1718 3818 1950 3893 habet
1979 3843 2168 3895 cau-

625 3957 818 4010 sam.

722 4051 909 4125 Dico
971 4050 1175 4148 quod
1244 4050 1529 4123 malum
1590 4049 2162 4124 habetcausam

625 4168 936 4245 finalem
1019 4192 1157 4267 per
1210 4168 1595 4262 accidenS,
1694 4167 1885 4243 nihil
1955 4167 2161 4242 enim

624 4287 978 4386 prohibet
1018 4285 1468 4383 negationes
1500 4286 1577 4358 in
1606 4296 1781 4360 actu
1822 4284 2161 4361 ordinari

622 4404 715 4478 ad
811 4403 1044 4478 finem
1128 4403 1447 4494 bonum,
1528 4402 1818 4476 scilicet
1889 4425 2160 4478 verum

621 4518 942 4611 bonum,
979 4518 1100 4592 vel
1130 4539 1512 4614 apparens
1543 4517 1861 4591 bonum.

716 4635 830 4709 Ad
921 4633 1159 4727 aliud,
1248 4657 1419 4707 cum
1512 4632 1812 4719 dicitur,
1934 4634 2166 4710 arbor

621 4750 849 4841 bona,
924 4757 1067 4822 etc.
1140 4746 1309 4820 dico
1378 4747 1584 4844 quod
1662 4746 1892 4822 arbor
1965 4747 2163 4825 bona

617 4875 937 4939 vocatur
977 4864 1335 4937 voluntas
1376 4861 1720 4957 interior,
1790 4865 1912 4938 vel
1945 4874 2161 4940 actus

616 4980 989 5074 interior,
1041 5002 1275 5078 opera
1341 4979 1719 5055 exteriora
1788 4991 2161 5056 vocantur

618 5101 971 5184 fructus;
1045 5105 1119 5171 et
1212 5095 1391 5171 boni
1462 5105 1678 5170 actus
1756 5095 2159 5174 interiores

618 5238 769 5288 non
847 5222 1167 5287 causant
1253 5212 1454 5285 mala
1537 5234 1796 5309 opera,
1892 5236 2036 5288 nec
2115 5239 2157 5291 e

616 5340 911 5424 contra,
978 5350 1449 5427 quamquam
1509 5331 1707 5403 mala
1797 5331 2158 5407 voluntas

615 5447 858 5546 possit
897 5468 1214 5520 causare
1276 5444 1632 5540 quaedam
1674 5468 1909 5543 opera
1948 5457 2158 5523 exte-

614 5564 820 5639 riora
865 5561 1148 5638 similia
1200 5561 1424 5636 bonis
1464 5561 1853 5659 operibus.

338 1074 478 1125 toltit
506 1075 605 1127 ali-

306 1135 509 1211 uliquid
544 1136 608 1187 dn.

305 1200 494 1250 ordme
518 1201 630 1250 uni-

385 1264 544 1314 versi.

384 2185 489 2252 16.

334 2297 413 2347 Ad
445 2302 548 2349 ter-

309 2891 388 2940 Ad
412 2906 577 2955 ¹qum·

374 2957 504 3004 tum.

289 4084 569 4142 Quomodo

268 4148 466 4197 malum
502 4148 591 4197 ha·

267 4212 360 4261 bct
392 4211 571 4260 finem.

293 4628 370 4680 Ad
395 4628 558 4692 quin-

354 4695 487 4742 tum.

264 4755 434 4808 Arbor
467 4753 560 4803 bo·

264 4833 350 4876 na,
383 4820 479 4865 etc.
505 4830 587 4866 ex-

313 4879 550 4943 ponitur.

2082 367 2326 437 LIBRI
2371 366 2460 438 11.

2418 545 2529 619 Ad
2570 542 2809 639 aliud,
2854 543 3023 619 dico
3065 543 3272 642 quod
3330 542 3604 643 probat
3653 544 3859 641 quod
4015 566 4121 638 17,

2317 684 2552 736 causa
2579 661 3030 736 naturaliter
3069 661 3345 754 activa,
3392 684 3551 735 non
3593 670 3859 735 causat
3888 681 3971 734 Ad
4006 690 4209 762 sextum

2314 799 2451 874 per
2482 800 2562 852 se
2596 777 2883 851 malum
2934 776 3373 875 oppositum
3415 800 3557 851 suo
3624 774 3856 851 effec-
3932 751 4176 863 ⁰2:⁸53&

2313 893 2451 981 tui,
2488 894 2683 969 bene
2715 903 2972 968 tamen
3008 902 3254 992 potest
3306 916 3624 967 causare
3698 917 3856 968 ma-

2311 1011 2471 1084 lum
2568 1011 3005 1109 oppositum
3089 1009 3335 1098 alteri,
3423 1010 3622 1109 sicut
3678 1034 3854 1085 cum

2310 1123 2514 1220 ignis
2551 1124 2975 1222 corrumpit
3007 1146 3320 1221 aquam,
3366 1133 3627 1198 causat
3690 1148 3856 1199 ma-

2308 1241 2466 1316 lum
2517 1265 2772 1340 aquae,
2819 1243 2961 1318 sed·
3026 1267 3176 1317 non
3258 1243 3539 1317 malum
3589 1241 3847 1340 ignis;

2307 1359 2439 1433 sed
2482 1361 2841 1435 voluntas
2873 1369 2989 1434 est
3029 1384 3265 1435 causa
3324 1359 3534 1453 mali,
3596 1359 3671 1433 id
3719 1370 3851 1447 est,

2304 1474 2513 1549 illius
2568 1475 3028 1574 privationis
3094 1475 3172 1549 in
3243 1484 3413 1549 actu
3476 1476 3844 1551 secundo.

2303 1592 2481 1667 Ideo
2514 1593 2692 1669 licet
2719 1617 2873 1667 non
2908 1593 3279 1669 assimilet
3310 1592 3453 1667 sibi
3495 1590 3847 1668 effectum

2300 1708 2377 1781 in
2464 1710 2635 1802 hoc,
2736 1732 2971 1784 causa
3069 1718 3328 1783 tamen
3419 1706 3841 1803 sufficienS,
3943 1783 3951 1790 ,

2300 1849 2453 1899 non
2573 1824 2964 1919 deficienS,
3072 1848 3379 1923 semper
3472 1825 3845 1901 assimilat

2296 1944 2440 2020 sibi
2467 1944 2818 2021 effectum
2866 1944 2943 2018 in
2999 1944 3427 2041 rationibus
3488 1968 3841 2019 commu-

2294 2061 2554 2136 nibus

2389 2188 2498 2262 Ad
2545 2187 2781 2282 aliud,
2831 2196 3036 2287 patet
3065 2187 3458 2285 peridem,
3493 2211 3668 2262 cum
3710 2186 3831 2260 di-
3891 2184 4155 2299 *253⁸-

2289 2304 2513 2399 citur,
2548 2329 2779 2380 causa
2806 2328 2962 2380 non
2989 2327 3095 2403 po
3109 2308 3251 2379 test
3271 2329 3585 2382 causare
3613 2302 3827 2401 effec·
3855 2309 4188 2437 ffltussufgf·

2286 2420 2911 2518 tum-oppositum
2942 2443 3078 2496 suo
3109 2417 3417 2516 effectui
3438 2420 3762 2519 proprio
3801 2449 3819 2514 3
3856 2435 4033 2499 doque
4056 2438 4186 2488 effe-

2286 2561 2554 2612 verum
2589 2547 2703 2612 est
2725 2535 3154 2627 efficiendO,
3182 2546 3437 2612 tamen
3472 2535 3826 2612 deficien-
3855 2502 3997 2636 ⁰31¹?
3990 2499 4184 2625 οῧξῗῨ

2286 2653 2381 2727 do
2423 2663 2696 2752 potest.
3929 2630 4113 2676 snum.

2378 2770 2489 2843 Ad
2542 2770 2778 2862 aliud,
2850 2768 2943 2843 de
3003 2792 3304 2842 summo
3374 2770 3606 2862 male,
3652 2769 3822 2846 dico
3854 2794 4176 2852 Annonam.

2281 2885 2486 2982 quod
2551 2886 2629 2958 in
2685 2884 3051 2960 universo
3111 2895 3226 2959 est
3292 2885 3473 2960 dare
3535 2887 3822 2960 malum

2279 3024 2698 3094 summum,
2744 3000 2950 3097 quod
2992 3023 3148 3074 non
3190 3010 3307 3075 est
3345 3000 3527 3075 dare
3567 3002 3819 3101 pejuS,

2279 3127 2352 3193 et
2392 3118 2578 3193 illud
2644 3142 2797 3193 non
2850 3126 2966 3193 est
3006 3140 3144 3192 ens
3184 3139 3277 3192 ex
3325 3140 3435 3212 se,
3484 3140 3624 3194 nec
3664 3120 3826 3218 pri-

2282 3260 2523 3329 mum,
2620 3235 2751 3310 sed
2819 3244 2934 3309 est
3006 3234 3346 3310 carentia
3403 3235 3584 3310 boni
3665 3261 3821 3311 non

2277 3352 2535 3451 primi,
2586 3352 2719 3427 sed
2756 3352 3106 3445 secundi,
3177 3352 3468 3427 scilicet
3525 3354 3824 3451 perfec—

2279 3468 2505 3542 tionis
2588 3467 2922 3565 alicujus
3023 3468 3185 3543 nati
3253 3468 3507 3544 inesse
3589 3470 3818 3545 alicui

2272 3585 2500 3670 bono,
2643 3585 2864 3681 cujus
2980 3585 3344 3684 perfectio
3478 3587 3820 3661 secunda

2272 3702 2514 3777 amitti
2579 3711 2851 3799 potest.
2924 3703 3016 3776 Et
3081 3702 3192 3776 sic
3253 3702 3557 3778 Lucifer
3610 3713 3815 3779 caret
3845 3710 3903 3762 111
3937 3713 4143 3766 Lucife-

2271 3841 2578 3893 summa
2651 3817 3115 3916 perfectione
3219 3819 3560 3893 secunda
3635 3829 3815 3894 nata
3868 3782 4141 3890 offissifm

2270 3934 2414 4010 sibi
2501 3942 2963 4032 competere,
3045 3943 3119 4008 et
3184 3933 3295 4008 sic
3371 3934 3449 4008 in
3529 3958 3621 4010 eo
3699 3944 3814 4010 est
3901 3902 4124 3952 malum.

2271 4051 2500 4149 culpa
2539 4058 2612 4125 et
2651 4048 3130 4124 deordinatio
3172 4059 3416 4144 actUS,
3452 4073 3627 4147 quae
3669 4050 3815 4149 pri-

2269 4177 2399 4241 vat
2465 4190 2769 4241 summa
2835 4166 3332 4264 perfectione,
3406 4189 3583 4264 quae
3635 4178 3815 4243 nata

2270 4292 2384 4358 est
2414 4282 2559 4358 sibi
2626 4282 2882 4358 inesse
2919 4310 2939 4376 3
2977 4282 3088 4358 sic
3154 4281 3389 4379 igitur
3438 4292 3554 4358 est
3628 4284 3812 4359 dare

2270 4399 2605 4499 primum
2640 4400 2930 4473 malum
2993 4398 3070 4472 in
3120 4421 3403 4495 genere
3462 4409 3535 4474 et
3597 4424 3815 4474 sum-

2274 4542 2515 4612 mum,
2560 4516 2765 4615 quod
2799 4540 2953 4590 non
2987 4516 3218 4591 habet
3269 4517 3557 4590 malum
3599 4517 3814 4614 prius

2267 4645 2636 4733 tanquam
2683 4656 3021 4724 causam,
3059 4655 3200 4707 nec
3254 4632 3467 4731 prius
3522 4635 3811 4708 malum

2268 4752 2346 4826 in
2408 4752 2802 4828 universo.
2876 4752 2969 4825 Et
3035 4747 3228 4823 illud
3295 4774 3451 4824 non
3513 4761 3814 4849 oportet

2267 4869 2472 4966 quod
2558 4869 2656 4944 sit
2708 4890 2940 4943 causa
3021 4866 3368 4940 omnium
3446 4868 3803 4963 aliorum,

2268 5010 2443 5085 quae
2488 4995 2669 5060 sunt
2741 4984 2926 5060 talia
2976 4984 3056 5057 in
3124 4983 3253 5058 illo
3300 5008 3613 5080 genere,
3673 4986 3807 5061 sed

2265 5089 2474 5179 tenet
2513 5105 2657 5177 hoc
2691 5110 3043 5200 respectu
3089 5099 3427 5195 illorum,
3460 5125 3636 5200 quae
3665 5105 3807 5177 ha-

2264 5219 2449 5293 bent
2479 5240 2788 5293 causam
2825 5239 2964 5316 per
3002 5239 3083 5291 se
3114 5213 3575 5312 effectivam,
3647 5243 3804 5293 non

2261 5333 2742 5420 defectivam,
2848 5332 3019 5406 ideo
3111 5342 3320 5407 tenet
3386 5331 3463 5405 in
3547 5334 3797 5409 bonis.

2259 5451 2355 5523 At
2484 5449 2613 5523 ubi
2718 5445 3034 5523 effectus
3138 5450 3318 5521 sunt
3428 5446 3797 5544 defectuS,

2262 5587 2418 5638 non
2501 5572 2801 5662 oportet
2879 5562 3086 5660 quod
3164 5563 3630 5640 reducantur
3704 5566 3801 5642 ad
