4295 6326
276 2352 338 2418 8.

177 2468 260 2518 An
292 2467 421 2517 fides

183 2532 396 2581 Patrum

123 2598 240 2643 vet.
285 2594 426 2645 Test-

160 2657 327 2707 fuerit
355 2656 419 2705 de

59 2774 68 2781 ‚
124 2719 321 2769 eodem
354 2719 419 2768 de

123 2796 238 2846 quo
296 2796 425 2831 nos-

219 2849 304 2895 tra
332 2846 356 2893 ἲ

1499 379 1724 447 DIST.
1778 380 1999 448 XXV.
2053 379 2470 460 QUAESTIO
2522 381 2757 450 UNlC.

492 565 672 629 tunc
714 558 1044 654 majores
1094 563 1456 630 tenentur
1506 552 1773 628 audire
1832 554 2029 647 illos,

488 681 561 747 et
595 682 774 746 tunc
817 681 1177 746 tenentur
1212 671 1321 744 illi
1355 671 1445 745 ad
1519 673 1664 744 hoc
1714 668 2035 744 creden-

490 789 700 863 dum.
740 789 888 863 Sed
931 814 1083 863 non
1122 789 1226 863 ita
1253 789 1605 886 explicite
1657 788 2038 862 teneban-

494 915 612 980 tur
670 907 971 996 docere,
1043 906 1241 980 sicut
1329 904 1555 979 modo
1635 905 2027 995 docemur,

491 1022 674 1120 quia
732 1047 885 1096 non
937 1023 1378 1097 habuerunt
1434 1021 1663 1096 fidem
1733 1021 1837 1095 ita
1895 1046 2029 1097 ex-

488 1161 859 1236 pressam,
941 1140 1060 1213 vel
1150 1161 1304 1211 non
1394 1138 1832 1212 habuerunt
1921 1138 2028 1212 sic

487 1253 924 1328 immediate
989 1277 1031 1328 a
1083 1254 1271 1347 Deo,
1328 1276 1469 1327 nec
1534 1253 1855 1351 proinde
1917 1263 2028 1328 te-

484 1380 768 1447 nentur
798 1392 1154 1466 expresse
1191 1369 1495 1455 docere,
1531 1380 1601 1443 et
1644 1369 1815 1442 ideo
1873 1393 2024 1442 non

488 1495 847 1562 tenentur
927 1486 1055 1559 alii
1141 1508 1656 1583 quaecumque
1749 1487 2024 1560 horum

488 1604 732 1702 posita
764 1604 908 1679 ista
940 1604 1426 1679 distinctione
1469 1605 1778 1678 credere
1829 1605 2028 1678 sicut

486 1744 652 1797 nos.

582 1839 727 1915 Sed
765 1840 1003 1914 fuitne
1038 1839 1229 1913 fides
1269 1839 1580 1913 Patrum
1629 1839 1723 1933 (si
1781 1840 2027 1915 fuerat

483 1958 559 2032 in
605 1957 746 2053 eis)
781 1957 985 2031 circa
1025 1958 1169 2030 hoc
1212 1957 1416 2054 quod
1458 1956 1804 2030 Christus
1837 1964 2030 2031 esset

483 2074 929 2167 moriturus,
1007 2073 1100 2146 de
1161 2073 1430 2148 eodem
1493 2072 1868 2167 credibili,
1932 2075 2023 2148 de

485 2215 638 2289 quo
682 2202 941 2265 nostra
983 2189 1173 2264 fides
1203 2189 1242 2261 ἱ)
1753 2205 1764 2210 ·

580 2308 834 2404 Aliqui
884 2307 1149 2381 dicunt
1205 2307 1409 2405 quod
1487 2306 1684 2381 idem
1721 2331 2020 2403 verum,

483 2435 557 2500 et
611 2423 874 2498 eadem
954 2422 1374 2520 propositio
1443 2431 1609 2496 est:
1680 2422 2054 2497 Christus·

478 2540 640 2638 fuit
667 2542 1112 2635 morituram,
1175 2549 1248 2614 et
1305 2541 1396 2614 de
1449 2542 1718 2616 eodem
1775 2541 2025 2615 eredi-

481 2658 641 2751 bili,
688 2659 779 2733 de
822 2682 975 2756 quo
1012 2667 1267 2732 nostra
1309 2656 1524 2733 fides,
1571 2658 1716 2732 Alii
1760 2659 2025 2732 dicunt

481 2775 684 2871 quod
763 2773 961 2847 idem
1033 2797 1302 2849 verum
1373 2784 1511 2868 est,
1587 2785 1661 2849 et
1754 2776 2019 2851 eadem

479 2890 950 2988 propositio:
995 2890 1340 2964 Christus
1366 2889 1524 2987 suit
1571 2892 2018 2987 moriturae,

478 3015 552 3081 et
594 3007 816 3080 modo
872 3013 982 3080 est
1034 3014 1404 3100 mortum,
1469 3008 1650 3104 quia
1711 3032 2023 3083 eorum-

477 3122 650 3198 dem
711 3133 1225 3198 extremorum
1288 3123 1553 3197 eadem
1630 3125 2015 3220 estunio;

433 3241 599 3313 'hie
654 3250 837 3314 sunt
934 3240 1201 3314 eadem
1291 3248 1658 3333 extrema,
1734 3242 2021 3316 scilicet

480 3354 826 3428 Christus
895 3364 969 3428 et
1052 3377 1259 3427 mors
1333 3381 1351 3447 3
1439 3363 1694 3428 tamen
1793 3357 2020 3430 credo

473 3470 675 3567 quod
714 3473 857 3544 hoc
892 3493 1045 3543 non
1107 3479 1220 3544 est
1264 3493 1533 3544 verum
1590 3472 2018 3547 secundum

474 3588 861 3684 Logicam.
929 3588 1146 3662 Unde
1209 3612 1357 3662 non
1417 3599 1530 3663 est
1604 3589 1695 3664 de
1748 3591 2013 3665 eodem

471 3704 845 3797 credibili,
883 3705 1065 3801 quia
1107 3706 1271 3778 haec
1324 3728 1506 3779 vera
1563 3715 1677 3780 est
1737 3706 2010 3780 modo:

476 3822 822 3896 Christus
876 3829 988 3896 esc
1055 3829 1307 3916 natica,
1366 3824 1532 3897 brec
1593 3833 1708 3898 est
1769 3824 2010 3900 falsa:

477 3940 821 4015 Christus
844 3947 954 4014 est
981 3941 1414 4015 nasciturus
1451 3969 1484 4029 ;,
1515 3941 1683 4017 ideo
1721 3966 1866 4014 non
1906 3952 2019 4017 est

472 4060 739 4135 eadem
769 4058 1223 4155 complexiO,
1272 4059 1454 4155 quia
1505 4059 1767 4134 eadem
1820 4084 2019 4133 com-

472 4178 724 4277 plexio
770 4201 923 4251 non
976 4187 1089 4250 est
1156 4200 1338 4251 vera
1397 4186 1470 4251 et
1534 4178 1749 4252 falsa.
1824 4179 2015 4252 Cum

472 4296 707 4390 igitur
755 4295 1139 4368 Abraham
1195 4294 1514 4368 credidit
1553 4296 2009 4383 secundum,

474 4438 616 4487 nos
683 4413 1045 4511 primum,
1117 4436 1272 4486 non
1336 4413 1719 4488 credimus
1778 4415 2010 4508 idem,

472 4533 656 4630 quia
712 4554 863 4604 non
945 4539 1058 4604 est
1147 4530 1410 4604 eadem
1501 4532 1919 4628 propositio
1993 4558 2007 4607 :

479 4649 822 4723 Christus
862 4654 972 4721 est
1013 4647 1467 4732 nascitura-3,
1525 4657 1597 4721 et
1665 4648 2014 4724 Christus

473 4773 580 4842 est
646 4772 915 4848 nalzcs;
977 4771 1051 4838 et
1139 4763 1337 4836 sicut
1408 4764 1828 4861 propositio
1920 4767 2012 4841 de

472 4878 862 4978 praesenti,
901 4877 992 4951 de
1023 4877 1407 4974 praeterito
1451 4887 1523 4952 et
1557 4878 1811 4953 futuro
1861 4904 2010 4955 non

471 5009 585 5076 est
610 4998 905 5091 eadem,
955 5020 1097 5072 nec
1150 4997 1352 5072 idem
1416 4998 1798 5095 objectum
1861 5025 2015 5077 cre-

471 5116 701 5191 dibile
737 5115 1174 5188 formaliter.

569 5237 781 5324 Item,
821 5236 986 5309 haec
1019 5243 1132 5307 est
1175 5234 1608 5310 necessaria
1664 5261 1678 5310 :
1745 5237 2012 5311 Claris-

473 5359 590 5426 tus
619 5358 729 5425 est
765 5358 1016 5444 natas,
1063 5352 1267 5447 quod
1310 5361 1423 5425 est
1463 5353 1554 5426 de
1588 5353 2006 5450 praeterito,

474 5477 540 5544 et
578 5468 743 5540 haec
780 5467 915 5541 fuit
945 5477 1126 5541 tune
1177 5468 1632 5564 contingens
1669 5495 1683 5544 ε
1746 5470 2011 5544 Claris-

476 5590 592 5656 tus
620 5590 728 5657 est
765 5585 1222 5676 naseilurzw,
1282 5593 1353 5657 et
1422 5585 1592 5660 ideo
1665 5596 2009 5660 nostrum

3561 374 3690 442 463

2144 554 2453 630 credere
2504 564 2617 630 est
2679 555 2772 629 de
2834 550 3299 643 necessario,
3364 548 3684 622 istorum

2144 680 2399 744 autem
2435 672 2525 745 de
2574 671 3092 768 contingente.
3146 667 3323 740 Ideo
3371 687 3527 738 non
3575 671 3689 738 est

2142 787 2339 861 idem
2380 788 2768 878 credibile,
2834 788 3009 862 eum
3077 784 3341 860 eadem
3404 805 3687 880 propo-

2140 904 2313 978 sitio
2378 929 2532 979 non
2601 905 2698 979 sit
2784 905 3012 979 simul
3100 898 3537 974 necessaria
3612 908 3685 972 et
3775 921 3783 924 ’

2140 1022 2600 1118 contingens
2658 1049 2676 1116 3
2740 1031 2996 1095 tamen
3077 1027 3191 1092 est
3249 1016 3339 1091 de
3410 1015 3682 1090 eodem

2139 1139 2661 1234 materialiter,
2737 1139 2917 1237 quia
2976 1145 3315 1211 extrema
3362 1134 3680 1208 istarum

2138 1259 2759 1357 complexionum
2824 1257 3086 1331 eadem
3171 1262 3374 1327 sunt.
3460 1251 3678 1327 Unde

2139 1400 2554 1473 possumus
2609 1376 2681 1448 in
2738 1377 2882 1448 hoc
2940 1371 3175 1447 verbo
3228 1376 3360 1460 est,
3418 1380 3499 1443 ut
3530 1378 3680 1450 ter-2

2140 1493 2323 1566 tium
2361 1493 2747 1590 adjacenS,
2819 1489 3223 1588 concipere
3284 1484 3677 1583 significa-

2137 1620 2325 1703 tum,
2369 1612 2491 1684 vel
2536 1610 2899 1683 unionem
2942 1606 3109 1681 sine
3162 1604 3384 1678 modo
3433 1602 3675 1707 consi·

2133 1726 2452 1802 derandi
2504 1726 2711 1801 illius
2764 1724 3008 1817 verbi,
3071 1722 3360 1797 scilicet
3411 1731 3674 1819 praete·
3751 1768 3989 1820 christus

2132 1844 2255 1918 riti
2332 1846 2450 1919 vel
2514 1844 2774 1938 futuri,
2843 1842 3025 1940 quia
3077 1840 3258 1914 unio
3291 1848 3674 1913 extremo-
3716 1838 3989 1945 ῃθῗζῗξζᾶ

2134 1985 2304 2035 rum
2373 1971 2623 2060 potest
2689 1959 3018 2058 concipi,
3088 1956 3380 2032 scilicet
3446 1957 3987 2071 Signi·5g{{g⁸,{2}

2132 2079 2442 2155 ficatum
2541 2079 2774 2175 hujus
2862 2075 3078 2150 verbi
3161 2081 3293 2161 est,
3388 2082 3468 2147 ut
3513 2153 3516 2156 ,
3561 2083 4000 2196 θεῑθῑξτίξῑὲιῑὲτζ

2131 2200 2439 2274 tertium
2476 2196 2834 2293 adjacens
2857 2193 3022 2267 sine
3058 2191 3283 2265 modo
3317 2190 3675 2265 conside·
3781 2159 3976 2259 q‹10·r⁰

2132 2316 2381 2408 randi,
2419 2312 2710 2388 scilicet
2761 2308 3152 2406 temporis.
3215 2305 3433 2381 Unde
3485 2307 3674 2382 acci-

2133 2434 2413 2533 piendo
2448 2432 2521 2505 in
2558 2454 2667 2524 se,
2713 2438 2783 2503 et
2826 2425 3328 2523 concipiendo
3371 2448 3675 2523 compo-

2131 2553 2517 2643 sitionem,
2547 2572 2700 2621 non
2745 2547 2991 2621 solum
3029 2544 3543 2617 abstrahendo
3577 2544 3672 2618 ab

2132 2669 2342 2744 omni
2387 2667 2611 2741 modo
2644 2660 3161 2761 significandi,
3199 2660 3329 2735 sed
3373 2661 3673 2735 abstra-

2132 2788 2385 2862 hendo
2418 2786 2512 2860 ab
2564 2783 2774 2858 omni
2844 2781 3112 2855 ordine
3173 2779 3266 2853 ad
3344 2787 3667 2875 tempus.

2131 2906 2256 2979 Sic
2315 2904 2406 2978 de
2476 2902 2744 2977 eodem
2813 2907 2924 2973 est
2989 2896 3179 2970 fides
3249 2904 3534 2985 nostra,
3601 2904 3675 2969 et

2130 3022 2481 3112 istorum,
2529 3018 2712 3117 quia
2744 3040 2877 3115 pro
2929 3014 3197 3095 eodem
3252 3020 3672 3111 potuerunt

2130 3137 2533 3235 concipere
2581 3159 2596 3209 :
2660 3133 3007 3208 Christus
3046 3135 3156 3204 esc
3209 3128 3666 3212 nasciturus,

2134 3265 2384 3330 tamen
2430 3252 2612 3350 quia
2655 3256 3049 3348 respectus
3108 3254 3673 3342 consequentes

2129 3379 2311 3445 sunt
2368 3369 2523 3454 alii,
2589 3367 2759 3441 ideo
2833 3361 3404 3461 complexiones
3493 3370 3675 3435 sunt

2129 3485 2300 3560 aliae
2353 3482 2765 3557 formaliter
2817 3503 2950 3577 per
3015 3477 3666 3574 comparationem

2128 3604 2223 3677 ad
2269 3612 2568 3699 tempus
2632 3596 3106 3697 praeteritum
3163 3607 3236 3670 et
3292 3595 3661 3668 futurum.

2226 3718 2335 3792 Ad
2374 3718 2734 3816 primum,
2772 3714 2947 3787 lieet
2976 3713 3184 3786 Deus
3215 3712 3424 3784 daret
3460 3714 3670 3786 habi·
3828 3727 3894 3792 9.
3929 3754 3936 3761 ·

2126 3844 2287 3910 tum
2351 3832 2737 3924 credendi,
2813 3853 2965 3903 non
3032 3827 3433 3902 assentiret
3493 3829 3666 3925 quis
3714 3837 3792 3889 Ad
3832 3845 3988 3915 ις]-

2128 3952 2463 4045 creditis,
2536 3949 2681 4022 nisi
2753 3942 3157 4021 doceretur
3225 3943 3663 4019 immediate
3696 3916 4017 4027 gss‘g‘sg‘ffi:

2128 4095 2174 4142 a
2254 4068 2439 4156 De0‚
2512 4067 2633 4140 vel
2706 4064 2799 4138 ab
2862 4061 3204 4136 Ecclesia
3262 4089 3286 4144 ,·
3356 4062 3666 4136 habitus
3698 4027 4016 4164 1³23„ssssss-

2127 4185 2332 4260 enim
2363 4182 2704 4258 scientia}
2740 4180 3058 4253 inclinat
3098 4178 3192 4251 ad
3249 4178 3663 4276 objectum,
3697 4159 4012 4274 ᾱξξῗοῖζῗξῑ

2127 4301 2309 4399 quia
2358 4307 2719 4374 causatur
2786 4319 2877 4370 ex
2923 4294 3309 4369 evidentia
3341 4294 3663 4391 objecti3
3753 4281 3918 4343 ‘¹⁰³¹‘
3951 4282 3975 4328 ‘·’

2126 4419 2236 4492 sic
2286 4440 2441 4490 non
2503 4424 2613 4489 est
2672 4415 2820 4503 hie,
2894 4410 3076 4508 quia
3135 4410 3443 4485 habitus
3512 4434 3666 4486 non

2124 4535 2450 4609 includit
2504 4531 2915 4628 objectum.
3000 4531 3091 4602 Et
3148 4528 3319 4602 ideo
3371 4539 3671 4628 oportet

2126 4654 2408 4727 habere
2469 4651 2888 4739 doctorem,
2943 4646 3076 4743 qui
3141 4647 3495 4744 suppleat
3550 4649 3670 4720 vi-

2126 4791 2290 4843 cem
2335 4766 2640 4864 objecti,
2692 4772 2772 4837 ut
2812 4770 3018 4860 patet
3055 4761 3128 4833 in
3163 4760 3543 4860 baptizato
3576 4765 3668 4840 de

2123 4909 2354 4972 nom,
2405 4892 2477 4958 et
2517 4905 2670 4955 non
2730 4879 3026 4971 edocto,
3060 4877 3191 4973 qui
3225 4879 3365 4953 etsi
3408 4904 3671 4979 appre-

2125 4999 2412 5075 hendat
2442 4998 2647 5072 mori
2686 5005 2759 5070 et
2826 5016 3250 5089 resumere,
3315 5004 3389 5068 et
3447 4996 3671 5072 faciat

2124 5117 2788 5215 compositionem,
2852 5135 3007 5184 non
3075 5112 3394 5185 assentit
3462 5116 3667 5210 quod

2122 5235 2222 5310 sit
2248 5232 2641 5331 possibile,
2689 5229 2836 5304 nisi
2875 5228 3266 5301 doceatur.

2220 5351 2333 5424 Ad
2375 5349 2581 5423 aliud
2642 5370 2796 5420 non
2860 5345 3089 5436 valet,
3158 5367 3331 5417 cum
3393 5347 3775 5442 AngeliAd
3816 5389 4010 5427 secun-

2124 5491 2394 5543 omnes
2437 5491 2587 5540 non
2650 5462 2945 5562 possint
3007 5485 3468 5556 cognoscere
3512 5489 3666 5538 om-
3783 5439 3927 5489 ‘'¹¹¹¹'’

2125 5584 2254 5658 nia
2282 5583 2757 5674 naturaliter,
2794 5601 2970 5676 quae
3006 5580 3233 5651 homo
3286 5603 3664 5676 superna-
