4295 6326
1417 428 1643 495 DIST.
1695 427 1849 496 XV.
1904 424 2323 504 QUAESTIO
2381 426 2611 497 UNlC.

391 602 652 701 passio
704 602 1157 677 substantiae
1221 624 1547 699 corpus3
1595 598 1727 673 sed
1789 620 1943 671 non

390 718 747 815 sequitur
777 717 1044 792 eadem
1089 717 1343 815 passio
1396 716 1620 813 plura
1670 736 1947 811 suppo·

389 834 541 907 sita
580 833 1075 927 immediata3
1123 833 1357 929 igitur
1387 840 1684 930 oportet
1737 828 1942 926 quod

391 951 547 1025 sint
591 960 695 1025 tot
734 951 1198 1049 quantitates
1232 950 1304 1022 in
1351 959 1519 1024 actu
1568 947 1699 1040 ibi,
1759 954 1944 1042 quot

390 1070 802 1161 elementa,
885 1076 958 1143 ct
1020 1079 1200 1141 tunc
1252 1066 1395 1141 erit
1439 1063 1942 1163 juxtapositio

387 1187 981 1281 elementorum,
1018 1197 1091 1261 et
1124 1210 1277 1259 non
1341 1184 1688 1258 mixtum.

490 1306 706 1392 Item,
760 1314 1077 1403 apparet
1121 1304 1322 1403 quod
1396 1303 1714 1376 mixtum
1768 1323 1940 1374 cor-

387 1422 776 1518 rumpitur
842 1422 918 1494 in
984 1444 1220 1494 unum
1302 1420 1799 1509 elementum,
1856 1426 1938 1490 ut

387 1539 716 1635 lignum,
788 1540 865 1612 in
947 1539 1232 1635 ignem.
1306 1546 1381 1611 et
1446 1559 1537 1610 ex
1606 1560 1757 1609 uno
1791 1536 1936 1610 ele-

385 1664 647 1729 mento
717 1664 964 1752 potest
1012 1653 1331 1727 mixtum
1397 1652 1779 1750 generari,
1856 1659 1936 1725 ut

386 1770 716 1846 habetur
741 1794 834 1846 ex
866 1771 1263 1868 Scriptura
1296 1768 1565 1843 Genes.
1613 1793 1661 1840 1.
1701 1767 1935 1863 igitur

380 1897 497 1962 est
537 1888 710 1963 talis
743 1886 1469 1986 incompossibilitas
1508 1884 1703 1958 inter
1739 1884 1933 1957 mix-

380 2014 542 2079 tum
578 2016 652 2080 et
692 2006 1190 2097 elementum,
1223 2003 1420 2077 sicut
1450 2002 1650 2077 inter
1680 2001 1933 2077 termi-

381 2147 569 2197 num
622 2149 670 2197 a
718 2146 893 2220 quc,
948 2130 1022 2197 et
1079 2120 1487 2195 terminum
1523 2119 1627 2194 ad
1674 2144 1925 2218 quem,

380 2239 835 2337 accipiendo
867 2238 1279 2314 terminum
1328 2263 1374 2313 cz
1434 2262 1608 2336 quc,
1669 2262 1804 2337 pro
1838 2261 1928 2313 eo

379 2355 587 2453 quod
666 2364 781 2429 est
838 2378 1223 2429 annexum
1299 2352 1736 2452 privationi,
1827 2353 1930 2428 ita

378 2472 587 2568 quod
658 2471 735 2543 in
805 2495 896 2545 eo
966 2471 1401 2545 necessario
1456 2481 1570 2545 est
1602 2469 1927 2568 privatio

385 2587 691 2663 termini
752 2586 856 2662 ad
916 2610 1139 2685 quem
1184 2616 1202 2681 3
1259 2587 1493 2684 igitur
1548 2610 1699 2660 non
1749 2595 1930 2661 sunt

379 2703 612 2776 simul
657 2702 732 2775 in
776 2703 1069 2781 eodem.

190 2839 242 2902 6,
482 2820 885 2907 Quomodo
919 2820 1154 2917 igitur
1185 2830 1498 2895 manent
1548 2823 1930 2896 elementa

306 2982 324 2993 ·
385 2938 460 3009 in
513 2937 819 3010 mixto?
858 2937 1046 3011 Dico
1106 2937 1308 3036 quod
1356 2937 1554 3011 sicut
1611 2961 1926 3013 necesse

384 3062 501 3127 est
532 3053 947 3128 convenire
995 3053 1329 3127 medium
1395 3053 1736 3149 ejusdem
1790 3078 1927 3150 ge-

306 3185 319 3195 ·
383 3170 593 3244 neris
687 3192 860 3243 cum
958 3168 1347 3261 extremis»,
1458 3168 1655 3242 sicut
1762 3170 1928 3242 vult

379 3286 980 3379 Commentator,
1064 3286 1267 3383 quod
1343 3286 1549 3360 calor
1629 3286 1927 3361 medius

379 3403 869 3501 componitur
922 3426 1015 3477 ex
1080 3402 1467 3488 extremis,
1536 3411 1610 3476 et
1669 3411 1919 3476 tamen

378 3530 490 3594 est
522 3520 875 3617 simplex,
912 3519 1015 3592 ita
1048 3518 1249 3616 quod
1287 3541 1438 3592 non
1478 3519 1651 3616 plus
1676 3527 1787 3592 est
1820 3518 1922 3590 ibi

377 3661 497 3711 res
549 3647 623 3711 et
682 3660 832 3730 reS,
903 3658 1133 3733 quam
1194 3634 1269 3707 in
1321 3643 1662 3710 extremo
1719 3665 1734 3724 ;
1790 3635 1920 3708 sed

376 3778 509 3851 pro
553 3763 764 3827 tanto
796 3752 1077 3826 dicitur
1118 3751 1476 3850 componi
1528 3774 1619 3825 ex
1668 3761 1922 3827 extre-

378 3872 546 3958 mis,
582 3869 766 3967 quia
832 3879 946 3944 est
1009 3868 1112 3942 ibi
1169 3868 1713 3942 convenientia
1745 3892 1920 3942 cum

374 3997 741 4079 extremo,
823 3985 1074 4082 qualis
1160 4009 1314 4058 non
1396 3992 1508 4059 est
1602 3985 1919 4059 extremi

374 4127 543 4178 cum
600 4104 778 4178 alio.
841 4102 965 4177 Sic
1026 4103 1406 4177 elementa
1468 4112 1778 4176 manent
1842 4103 1915 4175 in

379 4221 638 4312 mixtO,
704 4220 902 4294 sicut
960 4219 1036 4292 in
1112 4218 1429 4292 materia
1494 4219 1913 4313 communi,

378 4337 572 4410 sicut
619 4337 1027 4433 qualitates
1079 4345 1442 4410 extrema}
1489 4334 1565 4407 in
1634 4336 1910 4409 medio.

76 4453 317 4510 flemma
380 4451 594 4526 Unde
672 4451 1119 4525 Aristoteles
1172 4472 1644 4547 quamquam
1698 4451 1919 4525 vide-

66 4535 347 4643 w‘ffiuifl‘r.
382 4577 499 4642 tur
541 4570 733 4643 velle
770 4567 1268 4659 contrarium,
1321 4565 1564 4662 magis
1612 4566 1916 4640 videtur

76 4651 321 4760 {255⁶ssssss
381 4680 685 4756 intentio
745 4703 886 4754 sua
962 4702 1099 4777 pro
1177 4679 1319 4752 ista
1396 4688 1633 4776 parte.
1715 4679 1915 4753 Dicit

66 4766 331 4833 mptum.
381 4797 576 4871 enim
618 4799 688 4871 in
724 4821 875 4872 uno
913 4797 1080 4871 loco
1121 4796 1326 4893 quod
1376 4796 1742 4870 actualior
1799 4806 1913 4872 est

383 4914 609 4989 forma
634 4913 1008 5010 generati,
1045 4923 1119 4988 et
1149 4912 1637 5011 potentialior
1668 4913 1911 4987 forma

380 5031 722 5106 elementi
790 5055 884 5106 ex
914 5053 1093 5127 quo.
1134 5031 1224 5103 Et
1264 5053 1438 5104 cum
1480 5029 1663 5103 dicit
1703 5031 1907 5128 quod

380 5157 674 5222 manent
726 5149 1139 5239 elementa,
1216 5145 1499 5239 subdit,
1567 5145 1910 5220 salvatur

380 5265 567 5338 enim
622 5265 866 5340 virtus
921 5287 1184 5338 eorum
1221 5291 1240 5357 3
1278 5263 1449 5337 ideo
1511 5262 1755 5360 magis
1786 5263 1907 5337 vi-

376 5378 582 5455 detur
642 5404 959 5479 ponere,
1016 5379 1183 5476 ipsa
1243 5403 1555 5455 manere
1610 5379 1686 5452 in
1749 5380 1906 5454 vir-

3508 438 3591 506 (55

2147 596 2327 671 Ideo
2359 598 2528 672 dico
2563 601 2764 697 quod
2821 626 3218 701 nunquam
3283 617 3397 681 est
3455 631 3596 682 ne-

2049 735 2261 788 cesse
2332 716 2536 811 quod
2595 729 3007 813 generetur
3095 721 3412 798 mixtum
3502 748 3594 800 ex

2048 838 2380 925 quatuor
2455 833 2855 909 elementis
2922 841 3587 937 concurrentibuS,

2047 945 2343 1019 etiamsi
2389 962 2852 1026 concurrant
2881 979 3017 1052 per
3063 956 3418 1033 virtutem
3474 960 3597 1034 di—

2046 1063 2336 1157 vinam,
2401 1067 2516 1139 vel
2597 1070 3290 1171 qualitercumque,
3384 1101 3592 1151 nun-

2045 1201 2274 1275 quam
2313 1205 2403 1255 ex
2437 1181 2547 1257 eis
2588 1197 3005 1280 generatur
3048 1190 3393 1265 mixtum.
3441 1194 3591 1269 Sed

2046 1296 2365 1371 materia
2396 1305 2551 1372 tota
2583 1297 2666 1371 fit
2716 1302 2860 1376 sub
2920 1304 3162 1380 forma
3213 1307 3454 1403 mixti,
3519 1321 3593 1386 et

2041 1414 2310 1489 eodem
2406 1417 2629 1491 modo
2726 1418 2968 1515 fieret,
3058 1424 3119 1498 si
3196 1434 3350 1501 tota
3462 1428 3591 1503 illa

2042 1531 2364 1606 materia
2405 1536 2836 1630 praefuisset
2866 1540 3010 1614 sub
3054 1542 3295 1617 forma
3359 1545 3592 1620 unius

2041 1647 2429 1721 elementi.
2467 1651 2692 1726 Nunc
2724 1664 2982 1729 autem
3017 1657 3079 1730 si
3123 1660 3588 1735 conveniant

2040 1764 2421 1840 elementa
2498 1780 2854 1865 quatuor,
2935 1772 3406 1873 impossibile
3475 1790 3591 1855 est

2039 1880 2245 1976 quod
2315 1898 2812 1982 corrumpant
2877 1911 2958 1963 se
3027 1901 3323 1987 mutuO,
3405 1896 3587 1991 quia

2044 1993 2197 2067 sint
2251 1994 2431 2089 duo,
2475 1998 2542 2070 A
2590 2009 2663 2072 et
2723 2000 2822 2094 B,
2879 2008 3451 2104 corrumpentia
3499 2034 3580 2086 se
3660 2029 3930 2106 Quatuoc,

2039 2119 2332 2200 mutuo,
2399 2112 2475 2184 in
2547 2112 2689 2188 isto
2759 2102 3071 2192 instanti
3130 2121 3204 2194 in
3278 2146 3424 2221 quo
3509 2092 3939 2211 Βὲὲῗιῗὲιῗῑῑιῗιῗῖ

2036 2227 2555 2326 corrumpitur
2594 2231 2688 2305 ab
2719 2231 2819 2321 A,
2892 2247 3189 2334 oportet
3242 2241 3309 2313 A
3374 2266 3569 2339 esse,
3632 2231 3885 2349 ξξξρζοξξ

2035 2342 2460 2419 aliternihil
2488 2359 2688 2423 esset
2718 2374 3220 2453 corrumpens
3243 2356 3319 2432 in
3353 2368 3522 2434 actu
3556 2388 3574 2454 ;
3610 2361 3666 2401 ⁸⁰
3699 2353 3906 2399 ¹¹¹⁰²⁰⁰·

2035 2455 2270 2553 igitur
2301 2460 2375 2534 in
2413 2461 2554 2536 isto
2589 2463 2901 2540 instanti
2946 2494 3097 2544 non
3150 2476 3582 2573 corrumpi-

2040 2587 2161 2651 tur
2217 2577 2343 2672 A,
2400 2578 2634 2676 igitur
2692 2582 2755 2657 si
2820 2584 2897 2657 in
2946 2587 3125 2682 atio,
3172 2613 3217 2665 a
3281 2591 3356 2664 B
3407 2617 3582 2667 cor-

2036 2692 2422 2790 rumpitur
2494 2695 2594 2783 A,
2668 2697 2911 2774 nihilo
2971 2712 3140 2778 actu
3189 2718 3575 2803 manento,

2036 2808 2289 2883 adhuc
2346 2809 2900 2908 impossibilius
2959 2829 3074 2892 est
3149 2823 3355 2918 quod
3423 2847 3583 2898 cor-

2037 2926 2465 3022 rumpendo
2585 2952 2666 3002 se
2774 2931 3104 3009 invicem
3209 2953 3583 3034 generent

2035 3040 2386 3135 mixtum,
2453 3043 2636 3139 quia
2703 3046 3175 3145 impossibile
3244 3065 3357 3129 est
3442 3059 3583 3132 sor-

2036 3182 2239 3232 mam
2313 3159 2522 3234 mixti
2573 3186 2740 3238 esse
2791 3163 3182 3244 inductam
3235 3183 3408 3249 ante
3470 3176 3582 3250 in-

2033 3288 2246 3351 stans
2334 3282 2849 3378 corruptionis
2953 3288 3574 3388 elementorum3

2035 3391 2268 3488 igitur
2370 3395 2448 3468 in
2546 3396 2675 3470 illo
2771 3398 3083 3476 instanti
3171 3406 3582 3484 inducetur

2032 3507 2276 3582 forma
2319 3510 2528 3583 mixti
2563 3536 2652 3586 ex
2687 3514 2928 3589 nihilo
2962 3530 3261 3615 agente.

2131 3635 2425 3712 Praeter
2457 3640 2598 3713 hoc
2646 3664 2958 3718 necesse
2992 3655 3105 3720 est
3136 3671 3377 3745 agens
3409 3676 3577 3729 esse

2030 3775 2252 3849 aeque
2339 3755 2759 3851 perfectum
2873 3783 3049 3835 cum
3155 3766 3576 3865 producto;

2028 3868 2330 3941 nullum
2410 3870 2897 3958 clementum,
2999 3899 3141 3952 nec
3245 3892 3581 3978 quatuor

2027 3981 2285 4071 simul,
2385 3993 2564 4058 sunt
2650 4010 2872 4085 aeque
2968 3994 3304 4088 perfecta
3398 4022 3573 4073 cum

2028 4096 2317 4191 mixt03
2371 4098 2541 4173 ideo
2626 4101 2794 4177 dico
2877 4107 3082 4202 quod
3178 4109 3580 4208 {equaliter

2029 4224 2699 4313 manentquatuor
2738 4222 3120 4298 elementa
3168 4227 3244 4300 in
3309 4230 3570 4328 mixto,

2022 4329 2086 4402 si
2114 4341 2530 4426 generetur
2559 4357 2648 4408 ex
2707 4360 2859 4411 uno
2911 4340 3318 4438 elementO,
3374 4347 3571 4424 sicut

2021 4446 2085 4520 si
2117 4459 2531 4544 generetur
2571 4474 2662 4525 ex
2694 4453 2844 4527 alio
2878 4455 3140 4530 mixto.

2116 4565 2229 4638 Ad
2263 4566 2595 4663 primum
2630 4569 3077 4669 principale,
3140 4599 3314 4651 cum
3376 4580 3565 4655 dici·
3718 4618 3785 4686 7·

2019 4681 2168 4770 tur,
2207 4688 2317 4756 est
2345 4684 2528 4757 unio
2561 4684 3085 4784 alteratorzcm,
3112 4716 3380 4769 verum
3416 4708 3554 4786 est,
3636 4732 3719 4783 Ad
3745 4734 3851 4797 pri·

2018 4818 2195 4893 quae
2239 4798 2548 4873 suerunt
2605 4802 2950 4897 alterata,
3004 4815 3077 4881 et
3134 4832 3342 4887 nunc
3389 4837 3561 4889 cor-
3591 4809 3913 4910 mfflnffffl‘

2016 4921 2449 5009 ruptorum.
2512 4917 2601 4989 Et
2649 4941 2820 4992 cum
2875 4920 3178 5019 dicitur,
3235 4930 3418 5004 unio
3453 4939 3562 5008 est
3643 4927 3847 4974 eontra.

2013 5030 2334 5125 entium,
2400 5056 2668 5108 verum
2730 5048 2844 5112 est
2921 5039 3349 5121 virtualiter
3433 5073 3560 5124 en-

2017 5146 2233 5241 tium,
2327 5150 2511 5248 quia
2599 5152 2861 5228 mixtio
2967 5167 3081 5232 cst
3163 5168 3558 5257 generatio

2014 5263 2252 5338 mixti.
2303 5265 2522 5341 Unde
2564 5267 2762 5342 sicut
2791 5270 3072 5348 dicitur
3102 5279 3305 5373 quod
3341 5306 3562 5380 vege-

2008 5380 2244 5453 tativa
2312 5391 2386 5456 et
2439 5384 2807 5460 sensitiva
2859 5388 3234 5466 uniuntur
3309 5396 3387 5469 in
3449 5399 3559 5473 in-

380 5505 523 5570 tute
577 5520 805 5595 quam
878 5495 1303 5571 secundum
1377 5496 1655 5570 formas
1722 5521 1903 5594 pro-
2007 5498 2414 5586 tellectiva‚
2497 5511 2570 5575 et
2636 5502 2712 5575 in
2788 5505 3065 5580 rubore
3152 5511 3423 5588 albedo
3483 5526 3556 5592 et

382 5612 588 5708 prias.

620 5757 761 5812 Tou.
808 5755 1002 5809 xxm.

2008 5613 2354 5708 nigrch,
2415 5640 2564 5691 non
2619 5629 2865 5694 tamen
2927 5635 3233 5699 manent
3280 5627 3422 5704 ista
3474 5632 3548 5705 in

3266 5773 3294 5822 5
