4295 6326
609 411 735 477 322

611 585 998 682 passibilis
1037 596 1112 662 et
1144 586 1668 685 impassibiliS,
1719 596 1793 661 et
1841 610 1995 661 non
2031 611 2157 662 se-

609 701 897 798 quitur,
947 712 1063 777 est
1117 702 1646 801 impassibilis,
1703 703 1937 799 igitur
1995 727 2152 777 non

611 828 724 892 est
812 820 1203 918 passibilis
1304 822 1381 895 in
1453 823 1714 921 aliqua
1801 823 2149 918 materia,

619 936 864 1030 gratia
921 939 1210 1012 formae.
1267 938 1549 1013 Tamen
1615 940 1924 1036 quando
1995 964 2151 1014 non

608 1060 724 1126 est
763 1051 866 1125 ibi
911 1054 1060 1127 nisi
1098 1078 1253 1128 una
1283 1064 1559 1129 natura
1591 1055 1666 1127 in
1719 1055 2149 1153 supposito,

606 1178 815 1243 tenet
888 1171 1134 1266 gratia
1196 1173 1561 1266 materiae,
1651 1183 1725 1248 et
1800 1173 2155 1248 similiter

605 1285 850 1379 gratia
893 1287 1156 1362 sormae
1206 1297 1440 1381 tenet,
1491 1288 1620 1363 ubi
1696 1299 1876 1362 sunt
1945 1289 2149 1382 duae,

607 1399 753 1473 hoc
818 1410 932 1476 est
989 1402 1492 1499 impassibile,
1549 1404 1784 1500 igitur
1831 1428 1987 1478 non
2041 1413 2156 1479 est

609 1517 975 1612 passibile
1030 1519 1326 1595 ratione
1383 1520 1593 1595 illius
1653 1529 1981 1615 naturae,
2027 1545 2156 1596 ra-

609 1633 815 1707 tione
857 1635 1078 1731 cujus
1110 1646 1224 1711 est
1254 1636 1732 1736 impassibile
1758 1639 2147 1724 absolute;

611 1760 861 1825 tamen
913 1777 1064 1826 non
1108 1754 1483 1851 sequitur,
1557 1755 1687 1830 ubi
1753 1766 1933 1829 sunt
1977 1756 2154 1829 duae

611 1876 908 1943 naturoe
941 1870 1015 1942 in
1052 1870 1210 1964 illo,
1248 1871 1340 1945 de
1382 1895 1535 1968 quo
1571 1871 1852 1946 dicitur
1910 1895 2151 1946 unum

268 2008 581 2056 tsieestcae-
611 1985 985 2082 privative
1081 1988 1639 2084 oppositorum.
1700 1988 1919 2064 Unde
1995 2014 2152 2064 non

266 2081 581 2181 ξὲῗίνῗὲἔῧε
611 2102 986 2198 sequitur,
1040 2102 1182 2177 iste
1224 2114 1338 2177 est
1380 2127 1659 2191 coecuS,
1724 2105 1958 2201 igitur
1996 2130 2151 2179 non

258 2207 562 2319 ζξξῷξᾟῖ.
610 2227 723 2291 est
764 2217 1058 2304 videns,
1099 2217 1246 2293 nisi
1286 2219 1531 2315 gratia
1563 2221 1931 2314 materiae,
1968 2222 2153 2318 quia

360 2325 465 2371 ²⁰¹²
610 2356 760 2406 non
801 2335 1026 2408 habet
1059 2335 1209 2409 nisi
1246 2359 1477 2409 unam
1510 2346 1892 2431 naturam,
1929 2338 2153 2433 cujus

608 2456 722 2520 est
765 2471 920 2521 una
963 2448 1183 2522 visio,
1234 2450 1312 2522 Si
1357 2450 1561 2524 enim
1609 2451 1922 2526 haberet
1961 2452 2156 2526 duas

608 2576 951 2660 naturaS,
997 2590 1324 2665 quarum
1381 2578 1638 2644 essent
1694 2571 1870 2645 duae
1917 2570 2156 2646 visio-

606 2705 771 2776 neS,
829 2707 982 2756 non
1036 2694 1517 2781 sequeretur,
1562 2685 1709 2759 nisi
1777 2687 1981 2783 quod
2025 2711 2149 2761 so·

608 2799 766 2872 lum
792 2823 944 2873 non
989 2811 1191 2875 esset
1230 2801 1501 2875 videns
1569 2803 1998 2877 secundum
2057 2804 2152 2878 il-

603 2918 754 2989 lam
814 2925 1201 3010 naturam,
1238 2919 1663 2992 secundum
1733 2942 1966 3017 quam
2037 2930 2152 2995 est

605 3055 886 3124 caecus,
924 3033 1095 3107 ideo
1139 3057 1294 3108 non
1328 3034 1677 3133 sequitur
1713 3060 1727 3110 :
1772 3036 1834 3110 si
1886 3036 2153 3111 Chris-

602 3158 727 3222 tus
794 3157 908 3223 est
1000 3157 1400 3245 creatura3
1488 3150 1722 3248 igitur
1817 3177 1972 3227 non
2034 3163 2149 3230 est

604 3275 860 3340 creato
874 3289 931 3358 r,
961 3265 1108 3339 nisi
1135 3266 1651 3364 significatum
1677 3269 2147 3368 hujusvoca·

602 3382 764 3457 buli
832 3389 1183 3457 creatura
1241 3393 1441 3458 esset
1494 3384 1713 3479 illud,
1761 3410 1912 3461 non
1976 3411 2144 3463 esse

608 3508 1061 3573 creatorem.

393 3643 456 3708 5,
707 3615 1063 3689 Secunda
1100 3640 1256 3689 non
1291 3619 1518 3712 valet,
1566 3618 1657 3693 de
1693 3619 2141 3696 habitudine

611 3734 703 3807 ad
755 3743 1136 3820 naturam,
1200 3734 1383 3833 quia
1450 3736 1796 3811 absolute
1864 3761 2147 3813 conce-

607 3850 944 3923 dendum
975 3858 1087 3923 est
1118 3850 1325 3946 quod
1357 3850 1706 3926 Christus
1747 3862 1861 3926 est
1893 3852 2144 3928 minor

605 3968 853 4041 Patre.
938 3967 1102 4041 Hoc
1157 3969 1320 4042 vult
1369 3970 1849 4066 Augustinus
1909 3996 2145 4070 super

601 4086 788 4159 illud
866 4084 1148 4158 Psalrn.
1222 4087 1292 4158 8.
1355 4086 1609 4160 Paulo
1678 4089 1936 4162 minus
1993 4090 2142 4165 mi-

597 4202 863 4293 unisti,
928 4207 1064 4275 etc.
1148 4212 1222 4275 et
1302 4212 1550 4276 tamen
1631 4204 1889 4278 minor
1959 4206 2140 4280 dicit

597 4320 1154 4394 habitudinem.
1203 4318 1422 4393 Unde
1464 4320 1526 4392 si
1577 4344 1816 4394 unum
1876 4344 2138 4396 exem-

594 4441 802 4536 plum
843 4444 1119 4529 teneat,
1155 4437 1424 4510 fallunt
1465 4436 1728 4511 decem
1765 4464 1784 4531 3
1830 4438 2001 4514 ideo
2043 4462 2133 4513 ex

597 4581 748 4629 uno
845 4554 1194 4651 exemplo
1275 4577 1428 4627 non
1488 4563 1736 4651 potest
1837 4555 2127 4649 inferri,

595 4673 800 4769 quod
860 4671 963 4744 ita
1017 4680 1131 4744 est
1192 4669 1752 4746 universaliter.
1827 4673 1985 4747 Nec
2019 4682 2133 4748 est

595 4793 739 4864 hoc
806 4812 1040 4862 causa
1105 4787 1498 4863 sussiciens
1557 4789 1868 4883 alicubi,
1925 4791 2128 4889 quod

593 4907 772 5005 qnia
813 4904 994 4979 dicit
1029 4904 1550 4980 habitudinem
1589 4907 1680 4978 ad
1740 4916 2122 5000 naturam,

590 5025 760 5097 idco
807 5047 955 5095 non
1005 5021 1334 5118 pertinet
1374 5023 1465 5094 ad
1492 5023 2129 5097 communicatio-

591 5165 762 5214 nem
818 5139 1294 5211 idiomatum.
1370 5138 1517 5211 Sed
1591 5137 1719 5212 ubi
1790 5163 1940 5211 non
2012 5151 2126 5214 est

588 5257 949 5354 expressa
1023 5254 1561 5350 repugnantia,
1645 5256 1893 5328 solum
1973 5256 2123 5340 illa,

586 5397 762 5470 quae
823 5369 1206 5468 pertinent
1269 5369 1360 5442 ad
1436 5369 1827 5460 unionem,
1925 5378 2123 5443 tam-

584 5513 817 5586 quain
865 5483 1438 5583 praeintellecta,
1477 5507 1630 5557 non
1686 5485 2123 5558 communi-

583 5614 785 5680 cant.

2024 415 2266 483 LIBRI
2313 415 2439 487 111.

2361 587 2600 663 Aliter
2667 585 2974 679 dicitur,
3033 582 3238 682 quod
3294 584 3647 655 creatura
3696 579 3809 648 est
3838 597 4004 648 varro
4042 597 4128 647 hic

2262 705 2647 802 quoddam
2676 725 3086 778 commune
3111 693 3801 782 denominativum,
3837 666 4027 723 qumi.
4062 674 4157 712 ¹¹⁰·

2262 819 2456 893 sicut
2528 828 2958 911 causatum,
3030 826 3104 891 et
3170 838 3251 889 se
3314 809 3654 887 extendit
3710 803 3805 880 ad

2263 957 2495 1008 omne
2527 943 2961 1025 causatum,
3007 940 3082 1005 et
3111 929 3221 1004 sic
3261 935 3511 1027 potest
3548 920 3810 996 Chris-

2263 1061 2387 1123 tus
2419 1048 2568 1122 dici
2604 1059 2980 1122 creatura.
3029 1044 3192 1119 Hoc
3227 1050 3432 1141 patet
3462 1061 3600 1137 per
3638 1057 3813 1110 auc-

2266 1168 2609 1242 toritates
2695 1167 3181 1241 Sanctorum.
3278 1162 3808 1234 Damascenus

2264 1310 2429 1382 cap.
2468 1284 2587 1357 50.
2626 1281 3040 1380 dicitquod
3066 1279 3416 1354 Christus
3456 1284 3571 1350 est
3602 1295 3806 1347 crea-

2260 1410 2387 1477 tus
2454 1411 2527 1475 et
2584 1401 2995 1486 increatus,
3068 1409 3142 1473 et
3198 1420 3364 1495 cap.
3432 1392 3550 1465 92.
3625 1388 3809 1463 dicit

2263 1517 2468 1614 quod
2557 1516 2904 1591 Christus
2999 1514 3284 1589 dicitur
3366 1513 3721 1583 creatura
3781 1530 3801 1596 3

2264 1657 2429 1731 cap.
2468 1633 2586 1705 50.
2625 1632 2806 1706 dicit
2837 1632 3039 1730 quod
3053 1653 3200 1729 per
3256 1626 3644 1724 Virqz'nem
3686 1643 3808 1695 vo·

2264 1750 2408 1825 lecit
2427 1750 2817 1850 plasmari
2843 1778 2861 1844 3
2899 1758 2971 1825 et
3004 1750 3149 1823 hoc
3188 1745 3524 1821 vultLeo
3558 1743 3798 1837 Papa,

2262 1865 3122 1964 etAugustinus,'quod
3171 1871 3468 1939 creator
3527 1858 3808 1933 dicitur

2263 1984 2530 2058 creari.
2641 1983 2901 2058 Sancti
2995 1993 3253 2056 tamen
3324 1985 3805 2075 negaverunt

2261 2101 2649 2174 Christum
2732 2123 2900 2175 esse
2971 2109 3400 2174 creaturam
3497 2103 3810 2193 propter

2262 2217 2434 2309 hoc,
2498 2216 2705 2315 quod
2756 2218 3175 2290 noluerunt
3232 2210 3806 2288 communicare

2262 2359 2434 2410 cum
2483 2336 2894 2429 haereticiS,
2940 2336 3071 2434 qui
3139 2335 3499 2409 dixerunt
3542 2331 3807 2405 Chris-

2263 2463 2421 2527 tum
2466 2476 2632 2527 esse
2673 2475 2943 2551 puram
2995 2460 3455 2526 creaturam.

2794 2767 3158 2825 SCHOLIUM
3194 2767 3268 2824 11.

2332 2920 2591 2992 Explicat
2620 2921 2915 2993 quomodo
2954 2920 3026 2978 de
3081 2920 3268 2992 rigore
3315 2919 3476 2975 vocis
3528 2920 3809 2976 sustineri

2261 3014 2471 3083 potest,
2529 3010 2825 3067 Christum
2887 3026 2998 3066 non
3061 3026 3184 3066 esse
3244 3000 3603 3077 creaturam,
3671 3011 3812 3081 quia

2260 3101 2470 3157 creatio
2525 3101 2749 3169 stricte,
2811 3099 3093 3174 supponit
3141 3100 3384 3157 omnino
3439 3116 3547 3156 non
3592 3116 3724 3171 esse,
3757 3105 3814 3157 et

2260 3192 2499 3264 respicit
2534 3191 2871 3248 immediate
2902 3190 3159 3264 primurn
3194 3189 3457 3247 efficiens
3497 3191 3643 3246 dans
3691 3190 3811 3262 pri·

2264 3300 2424 3340 mum
2473 3299 2605 3353 esse,
2652 3289 2708 3340 et
2751 3283 2906 3357 large
2956 3292 3193 3354 sumpta
3238 3280 3511 3355 supponit
3558 3298 3666 3337 non
3698 3298 3812 3338 esse

2258 3373 2453 3430 totale.
2487 3372 2813 3444 Utrumque
2846 3377 3132 3444 repugnat
3180 3370 3429 3438 Christe,
3477 3370 3613 3443 quia
3662 3387 3810 3427 nun-

2258 3479 2428 3534 quam
2464 3463 2573 3517 fuit
2604 3465 2711 3518 sub
2743 3478 2853 3519 non
2881 3477 3016 3532 osse,
3048 3466 3104 3519 et
3137 3477 3251 3517 non
3285 3460 3458 3516 habet
3486 3476 3599 3516 esse
3627 3459 3804 3518 totale

2259 3572 2465 3622 unum,
2499 3572 2598 3628 per
2647 3571 2708 3611 se
2745 3556 3037 3611 resultans
3098 3571 3167 3610 ex
3226 3553 3457 3609 duobus
3510 3553 3804 3621 extremiS,

2257 3646 2406 3716 quod
2453 3646 2579 3701 fuss
2637 3644 2884 3715 explicat
2943 3660 3045 3717 per
3105 3643 3383 3715 optimam
3446 3641 3799 3698 doctrinam.

2255 3733 2395 3789 Vide
2426 3733 2702 3805 ipsumin
2746 3734 2929 3789 Oxou.
2985 3732 3080 3788 htc
3129 3750 3161 3788 a
3211 3749 3373 3787 num.
3423 3731 3479 3784 7.
3533 3731 3631 3786 ubi
3682 3748 3798 3787 non

2252 3828 2429 3894 vetat,
2463 3824 2510 3879 si
2546 3824 2727 3887 dicas,
2759 3824 3056 3879 Christum
3090 3839 3218 3877 esse
3248 3830 3573 3878 creaturam
3605 3820 3798 3876 salva-

2253 3912 2329 3967 tis
2394 3911 2711 3967 salvandis.
2772 3911 2971 3968 Sancti
3029 3916 3249 3980 autern,
3305 3911 3390 3982 (ut
3452 3909 3533 3965 ait
3590 3908 3798 3981 Varro)

2252 4002 2684 4057 abhorruerunt
2734 4002 2805 4058 ab
2855 4002 2982 4068 boc,
3023 4010 3254 4073 propter
3303 3999 3800 4056 haereticos.Vido

2251 4108 2352 4163 pro
2386 4091 2493 4146 boc
2526 4092 2648 4147 loca
2678 4091 3013 4162 Augustini,
3050 4090 3380 4162 Hieronymi
3413 4097 3470 4145 et
3503 4089 3801 4152 Damasce-

2250 4182 2326 4245 ni,
2360 4181 2512 4251 apud
2542 4179 2869 4249 Doctorem‚
2904 4197 3068 4237 num.
3102 4180 3155 4234 6.
3189 4187 3244 4236 et
3289 4186 3640 4251 argumenta
3693 4194 3795 4249 pro

2251 4270 2355 4325 hoc
2427 4277 2565 4325 sunt
2640 4270 3071 4342 urgentissima,
3152 4268 3365 4341 quibus
3449 4267 3795 4325 difficillime

2247 4358 2475 4413 satisfit.
2512 4356 2653 4414 Vide
2685 4359 2743 4414 in
2776 4358 3185 4415 solutionibus.
3320 4360 3331 4371 ⁶

2342 4557 2528 4631 Dico
2566 4568 2813 4631 tamen
2859 4556 2953 4630 ad
2994 4554 3531 4655 quaestionem,
3577 4555 3783 4652 quod
3950 4588 4014 4654 5,

2244 4677 2390 4750 ista
2426 4685 2675 4774 potest
2720 4675 2986 4771 negari
3056 4674 3147 4747 de
3192 4673 3468 4747 virtute
3508 4672 3723 4748 vocis
3762 4695 3778 4746 ε
3874 4705 4092 4778 creauq

2249 4792 2593 4867 Christus
2651 4799 2757 4867 esc
2819 4797 3194 4866 creatura.
3255 4789 3541 4879 Primo,
3600 4788 3784 4885 quia
3813 4765 4142 4892 ξξξῶὀςῖἕ.

2243 4910 2526 4985 creatio
2570 4909 2821 5006 passio
2864 4908 3069 4982 addit
3113 4910 3315 4983 ultra
3373 4905 3778 4980 factionem
3812 4891 4144 5003 ‘³⁰„23ff‘nssffl‘

2241 5025 2623 5123 passivam
2696 5025 2875 5118 diro,
2940 5023 3123 5121 quia
3171 5022 3395 5096 factio
3473 5020 3781 5117 passiva
3812 5015 4136 5128 gssogff‘jjf

2240 5137 2421 5212 dicit
2461 5137 2807 5212 ordinem
2850 5137 2942 5211 ad
2986 5134 3356 5226 efficienS,
3392 5134 3582 5208 etad
3625 5157 3781 5208 non
3810 5145 3857 5253 {-
3877 5141 4134 5268 glss-grg·

2239 5277 2395 5327 esse
2425 5254 2894 5351 praecedens.
2938 5252 3151 5326 Ultra
3198 5250 3532 5350 primum
3570 5249 3782 5324 addit
3846 5240 3857 5252 ’
3931 5238 3948 5254 ’
3985 5241 3995 5252 ’
4067 5243 4077 5253 ’
4121 5241 4135 5254 ’

2237 5371 2518 5445 creatio
2548 5371 2803 5444 stricte
2872 5379 3210 5467 accepta,
3274 5367 3618 5441 ordinem
3680 5366 3775 5439 ad

2236 5511 2544 5562 causam
2610 5485 2962 5584 primam,
3034 5511 3079 5559 a
3135 5507 3292 5582 qua
3348 5483 3431 5556 fit
3497 5482 3777 5556 imme-

2236 5602 2462 5678 diate.
2504 5604 2719 5678 Ultra
2749 5604 3175 5678 secundum
3223 5601 3431 5678 addit
3461 5599 3772 5675 habitu-
