4295 6326
658 428 745 495 94
2076 423 2317 491 LIBRI
2366 423 2452 491 11.

339 624 502 668 nante
532 618 637 669 dis·
666 601 791 695 tis,
836 600 1005 675 dico
1043 607 1122 672 ut
1175 598 1419 696 prius,
1489 605 1863 694 quantum
1934 594 2027 669 ad
2060 595 2206 669 ali-
2321 595 2668 691 ejusdem
2720 595 3065 689 rationis,
3102 595 3166 668 si
3234 603 3477 668 totum
3546 590 3644 666 sit
3699 613 3865 664 cor-

312 692 638 808 i‘ini'tiffissff'
668 717 881 816 quid,
917 716 1102 815 quia
1131 715 1194 791 si
1235 714 1409 813 quis
1440 712 1822 812 posuisset
1865 711 2203 809 aliquem
2318 711 2679 809 ruptibile
2706 712 3134 787 secundum
3169 720 3451 809 partes,
3489 709 3583 783 sit
3630 706 3859 782 etiarn

327 809 607 858 mostata.
663 834 742 907 in
794 836 1082 932 ignem,
1149 832 1412 908 fuisset
1478 831 1928 904 combustus
1987 837 2196 915 tuno,

660 953 861 1028 sicut
905 975 1140 1026 nunc.
1215 949 1368 1026 Sed
1442 956 1687 1023 stante
1751 944 2204 1021 innocentia

662 1068 1106 1156 universali,
1162 1067 1428 1141 nullus
1467 1063 1842 1164 potuisset
1902 1086 2010 1156 se,
2057 1084 2201 1137 nec

655 1186 978 1260 alterum
1012 1207 1300 1283 ponere
1335 1182 1413 1256 in
1456 1181 1748 1278 ignem,
1782 1202 1924 1254 nec
1966 1177 2197 1253 etiam

653 1302 731 1375 in
761 1326 1072 1402 aquam,
1117 1324 1259 1376 nec
1301 1299 1378 1372 in
1429 1308 1742 1391 terram,
1804 1318 1981 1396 quae
2025 1318 2199 1369 cor-

652 1430 1024 1519 rumpunt
1086 1418 1465 1510 similiter,
1535 1417 1719 1514 quia
1788 1413 2199 1512 prohibent

652 1537 1266 1634 respirationem,
1344 1535 1499 1607 imo
1577 1532 1905 1628 majores
1936 1539 2199 1605 custo-

654 1652 1022 1729 divissent
1055 1653 1448 1752 parvulOS,
1496 1651 1741 1724 donec
1782 1648 2065 1722 scirent
2113 1669 2195 1720 se

653 1772 1065 1847 custodire.

752 1884 1124 1972 Quartum
1158 1893 1272 1958 est
1301 1881 1736 1974 continenS,
1759 1888 2022 1971 utaer,
2057 1877 2192 1975 qui

651 2026 804 2077 non
843 2003 945 2077 ita
982 2000 1445 2077 sensibiliter
1485 1995 1932 2095 corrumpit,
2001 1994 2188 2069 illud

647 2145 802 2194 non
873 2120 1201 2194 multum
1271 2115 1715 2209 nocuisset3
1789 2112 1973 2213 quia
2042 2110 2188 2210 ipsi

644 2238 967 2314 fuissent
1034 2246 1218 2311 tunc
1306 2234 1383 2308 in
1470 2232 1760 2332 optima
1835 2230 2181 2327 regione,

648 2355 776 2429 ubi
807 2379 942 2431 aer
970 2363 1086 2430 est
1116 2352 1443 2429 maxime
1475 2357 1979 2447 temperatus,

743 2473 1113 2561 Quintum
1156 2480 1271 2546 est
1300 2466 1688 2567 corruptio
1748 2467 1843 2542 ab
1893 2463 2187 2540 extrin-

643 2614 818 2665 seco
894 2612 1033 2687 per
1107 2585 1583 2678 violentiam,
1647 2592 1730 2657 ut
1795 2580 2067 2683 bestia,
2138 2604 2185 2656 a

641 2730 798 2804 qua
854 2729 1008 2780 non
1062 2704 1331 2778 fuisset
1396 2700 1677 2799 aliquis
1742 2707 2177 2797 corruptuS,

641 2824 824 2920 quia
855 2823 1072 2897 nulla
1111 2820 1375 2896 fuisset
1413 2828 1599 2891 tunc
1666 2839 1980 2891 nocens.
2028 2814 2179 2890 Sed

642 2940 892 3012 malus
958 2937 1300 3033 Angelus
1368 2933 1768 3032 potuisset,
1839 2931 1971 3006 sed
2021 2953 2178 3004 non

2314 828 2743 902 secundum
2844 838 3114 923 totum,
3205 827 3388 926 quia
3480 827 3862 901 elementa

2314 956 2493 1019 sunt
2534 945 3060 1045 corruptibilia
3103 945 3529 1021 secundum
3570 951 3853 1041 partes,

2312 1072 2386 1138 et
2424 1087 2578 1138 non
2622 1065 3055 1140 secundum
3086 1072 3359 1156 totum,
3391 1060 3574 1159 quia
3603 1082 3857 1158 quan-

2311 1180 2406 1255 do
2436 1205 2528 1256 ex
2576 1205 2731 1256 una
2786 1192 3001 1280 parte
3068 1179 3590 1278 corrumpitur
3616 1176 3846 1276 ignis,

2310 1321 2403 1373 ex
2434 1298 2587 1374 alia
2611 1310 2826 1397 parte
2857 1308 3299 1396 generatur.

2405 1417 2516 1490 Ad
2560 1416 2796 1510 aliud,
2833 1417 3172 1492 concedo
3214 1415 3421 1514 quod
3460 1413 3554 1488 ab
3582 1412 3848 1488 eadem
3881 1413 3967 1464 Ad

2306 1533 2588 1608 virtute
2619 1534 2894 1628 activa,
2922 1558 2967 1609 a
2994 1557 3147 1632 qua
3175 1542 3422 1631 potest
3461 1530 3644 1629 quid
3685 1553 3854 1627 pro·

2306 1649 2519 1743 duci,
2576 1659 2826 1750 potest
2891 1648 3311 1747 corrumpi,
3393 1657 3849 1722 nontamen

2308 1765 2580 1842 fuisset
2616 1776 2803 1844 tunc
2842 1776 3318 1865 corruptum.

2400 1882 2513 1956 Ad
2553 1882 2793 1973 aliud,
2847 1883 3018 1960 dico
3060 1883 3264 1983 quod
3298 1906 3453 1957 non
3498 1882 3639 1956 fuit
3705 1878 3851 1954 ali-

2304 2020 2459 2096 qua
2509 1999 2874 2074 violentia
2923 2000 3259 2098 partium
3326 1999 3401 2073 in
3475 2009 3660 2094 toto,
3705 2024 3850 2077 nec
3938 2008 4173 2124 Aguffir·

2301 2116 2788 2213 qualitatum,
2840 2116 3024 2216 quia
3080 2117 3258 2194 licet
3317 2116 3609 2216 aliquid
3663 2142 3850 2216 pos-

2299 2242 2414 2308 set
2442 2233 2590 2307 dici
2651 2233 3031 2310 violenter
3078 2234 3233 2333 pati
3280 2234 3707 2311 secundum
3765 2259 3848 2311 se

2297 2350 2892 2438 consideratum,
2948 2353 3095 2427 hoc
3161 2376 3317 2427 non
3377 2361 3489 2428 est
3550 2351 3848 2430 violen-

2300 2477 2457 2543 tum
2527 2468 2907 2563 absolute,
2988 2468 3172 2567 quia
3237 2468 3608 2568 quaelibet
3663 2492 3848 2569 pars

2296 2585 2540 2682 magis
2573 2584 3029 2661 naturaliter
3067 2597 3183 2662 est
3237 2585 3316 2660 in
3359 2595 3548 2681 toto,
3605 2610 3839 2686 quam

2293 2701 2373 2776 in
2416 2726 2574 2777 esse
2627 2713 3009 2802 separato,
3054 2715 3128 2779 et
3176 2705 3386 2802 quod
3425 2714 3682 2803 partes
3722 2705 3833 2780 sic

2292 2818 2553 2893 sintin
2588 2830 2774 2914 toto,
2833 2830 2948 2896 est
3015 2824 3364 2897 naturale
3430 2822 3594 2916 toti,
3667 2821 3846 2897 licet

2292 2959 2446 3009 non
2483 2935 2635 3033 pati
2676 2936 3100 3011 secundum
3150 2961 3231 3012 se
3293 2936 3834 3012 consideratae.

3998 1428 4209 1465 secun-

3973 1477 4131 1528 dum.

2387 3051 2498 3125 Ad
2532 3052 2737 3126 aliud
2766 3053 2858 3126 ad
2902 3053 3600 3151 opppositum,dico
3632 3051 3840 3150 quod
3872 3067 3957 3117 Ad
3988 3072 4234 3135 opposi-

2291 3173 2383 3246 de
2426 3171 2617 3245 facto
2651 3171 2755 3245 ita
2785 3181 2926 3265 est,
2984 3172 3188 3270 quod
3256 3195 3464 3247 mors
3522 3171 3849 3247 intravit
3968 3137 4125 3187 tum.

2277 3310 2426 3385 per
2452 3296 2884 3385 peccatum,
2931 3288 3238 3386 praefuit
3288 3297 3544 3364 tamen
3578 3298 3845 3387 poten-

2292 3404 2423 3478 tia.

639 3056 906 3130 fuisset
963 3052 1412 3153 permissuS,
1475 3050 1672 3124 sicut
1733 3071 1939 3122 nunc
1997 3072 2181 3146 pos-

639 3185 779 3268 set,
816 3184 890 3248 et
936 3197 1090 3248 non
1161 3169 1629 3270 permittitur
1695 3190 1965 3242 omnes
2006 3190 2181 3241 cor-

639 3314 1020 3388 rumpere,
1061 3312 1254 3386 quos
1285 3288 1540 3362 vellet.
1601 3286 1869 3382 Neque
1911 3284 2181 3360 fuisset

638 3409 869 3481 homo
938 3414 1347 3505 corruptus
1416 3402 1510 3477 ab
1605 3402 1754 3476 alio
1832 3400 2174 3495 homine,

635 3533 882 3600 stante
990 3520 1432 3597 innocentia
1542 3521 1618 3593 in
1702 3518 2172 3612 universali3
2384 3521 2497 3596 Ad
2592 3522 2933 3599 rationes
3047 3523 3320 3621 primae
3411 3520 4238 3648 opinioniffiffffg'zssae·

632 3643 830 3717 bene
886 3651 1139 3716 tamen
1207 3637 1581 3738 potuisset
1660 3646 1905 3711 stante
1966 3636 2181 3710 inno·
2289 3662 2465 3713 cum
2505 3640 2810 3735 dicitur,
2864 3664 3095 3739 poena
3142 3665 3299 3715 non
3342 3640 3612 3717 fuisset
3660 3651 3836 3748 ante
3867 3655 4206 3764 effac-3333,-

2293 3758 2631 3855 culpam,
2676 3757 2845 3832 dico
2879 3757 3082 3856 quod
3122 3767 3300 3832 tunc
3356 3782 3515 3832 non
3568 3757 3839 3832 fuisset
3932 3777 4161 3840 cuzpae.

113 4899 120 4910 .
272 4832 353 4882 Ad
370 4846 595 4907 'nt-gum.

95 4917 120 4962 ÷3
167 4951 172 4952 ⁷
213 4925 220 4930 -
303 4908 534 4960 primum

95 5015 106 5024 .
269 4956 578 5022 principale.

633 3758 883 3834 centia
945 3758 1018 3831 in
1084 3755 1525 3856 particulari
1612 3753 1691 3827 in
1772 3752 2173 3848 moriente,

632 3873 817 3971 quia
888 3875 1140 3949 bonus
1199 3881 1413 3971 pater
1489 3869 1861 3968 potuisset
1939 3892 2180 3966 gene-

632 4013 841 4065 rasse
878 3990 1162 4064 malum
1209 3986 1483 4061 filium.
1550 3984 1699 4059 Sed
1732 3985 1942 4058 Deus
2014 4007 2175 4059 non

630 4105 1109 4205 permisisset
1141 4104 1371 4178 talem
1406 4102 1693 4175 malum
1741 4098 2175 4176 interficere

629 4226 1151 4309 innocentem,
1193 4220 1375 4318 quia
1417 4221 1538 4295 vel
1584 4221 1870 4293 malum
1901 4219 1997 4293 ab
2031 4220 2175 4293 ha-

631 4340 1000 4415 bitatione
1044 4339 1421 4414 bonorum
1484 4336 1931 4434 expulisset,
1976 4335 2176 4410 sicut

631 4457 1065 4532 fecitAdam
1095 4456 1187 4531 de
1237 4454 1648 4553 paradiso;
1702 4454 1823 4527 vel
1876 4451 1939 4525 si
1982 4477 2168 4547 non,

630 4576 762 4650 sed
821 4574 1049 4648 simul
1121 4572 1538 4664 stetissent,
1621 4577 2173 4667 praeservasset

627 4694 918 4766 bonum
954 4714 996 4765 a
1034 4691 1260 4764 malo.

727 4809 837 4882 Ad
871 4808 1206 4907 primum
1257 4805 1708 4904 principale,
1750 4805 1919 4880 dico
1963 4804 2168 4902 quod

630 4949 908 5024 corpus
976 4924 1164 4998 illud
1234 4922 1654 5021 accepisset
1734 4921 2169 4996 nutrimen-

626 5052 819 5129 tum,
860 5051 934 5116 et
964 5050 1204 5115 toturn
1256 5038 1631 5138 potuisset
1695 5037 1930 5114 fuisse
1998 5062 2169 5113 cor-

624 5168 967 5259 ruptum,
1020 5158 1219 5233 sicut
1282 5180 1489 5255 parS,
1534 5155 1668 5230 sed
1709 5155 1923 5254 prius
1990 5154 2171 5228 fuis-

622 5284 738 5351 set
783 5276 1266 5351 translatum.
1339 5272 1501 5348 Nec
1559 5269 1790 5346 etiam
1866 5279 2168 5370 oportet

623 5394 828 5493 quod
917 5392 1225 5491 quando
1293 5414 1472 5488 pars
1559 5397 1634 5464 et
1691 5399 1931 5464 totum
1985 5398 2168 5465 sunt

2290 3896 2525 3968 mors»,
2588 3874 2721 3949 sed
2788 3875 3441 3969 transferrentur3
3505 3872 3712 3972 quod
3770 3873 3836 3947 si

2288 4013 2444 4064 non
2503 3991 3122 4082 transferrentur,
3197 3992 3329 4067 sed
3379 4000 3838 4090 sequeretur

2286 4130 2520 4195 mors,
2584 4108 2790 4206 quod
2845 4117 3024 4183 tunc
3069 4132 3275 4183 mors
3351 4132 3505 4183 non
3565 4108 3837 4183 fuisset

2289 4247 2541 4319 prena,
2625 4223 2805 4321 quia
2891 4224 3226 4299 conditio
3286 4223 3661 4299 naturalis
3720 4226 3834 4301 rei

2287 4361 2441 4414 non
2475 4340 2757 4415 dicitur
2785 4364 3015 4439 poena
3057 4364 3267 4435 ,non
3311 4341 3519 4416 enim
3598 4342 3835 4415 mori-

2285 4464 2412 4545 tur
2450 4456 2624 4553 quis
2674 4455 2752 4528 in
2820 4480 3128 4554 poenam
3196 4456 3528 4554 alicujus
3588 4459 3832 4532 male-

2285 4574 2500 4668 facti3
2534 4574 2703 4649 ideo
2745 4598 2976 4671 poena
3015 4577 3264 4650 solum
3299 4575 3580 4650 dicitur
3645 4599 3831 4673 pro-

2281 4691 2446 4788 prie
2476 4691 2763 4788 aliquid
2807 4690 3186 4767 inflictum
3220 4692 3313 4767 ad
3342 4692 3827 4791 puniendum

2279 4806 2358 4881 in
2420 4807 2836 4883 vindictam
2908 4808 3315 4883 malefacti.
3374 4808 3596 4884 Unde
3664 4810 3832 4883 vult

2279 4924 2761 5020 Augustinus
2792 4927 2863 4999 3.
2911 4924 3003 5000 de
3035 4923 3311 4999 Libero
3353 4925 3617 5000 arbitr.
3653 4925 3837 5000 Etsi

2278 5041 2494 5116 Deus
2525 5041 2835 5138 lecisset
2894 5041 3287 5115 hominem
3334 5041 3415 5116 in
3473 5042 3827 5136 miseria,

2278 5156 2525 5233 adhuc
2565 5157 2846 5256 fuisset
2871 5156 3331 5252 laudanda-3,
3400 5181 3557 5233 non
3620 5159 3825 5232 enim

2277 5273 2558 5372 fuisset
2618 5273 3197 5373 vituperanduS,
3271 5298 3355 5350 eo
3398 5273 3605 5372 quod
3673 5298 3832 5349 non

2270 5389 2589 5488 fecisset
2623 5388 2776 5464 sibi
2803 5389 3205 5489 injuriam.

1904 5572 2509 5622 m-
