<?xml version="1.0" encoding="UTF-8"?>
<!DOCTYPE html PUBLIC "-//W3C//DTD XHTML 1.0 Transitional//EN"
    "http://www.w3.org/TR/xhtml1/DTD/xhtml1-transitional.dtd">
<html xmlns="http://www.w3.org/1999/xhtml" xml:lang="en" lang="en">
 <head>
  <title>
</title>
<meta http-equiv="Content-Type" content="text/html;charset=utf-8" />
  <meta name='ocr-system' content='tesseract 3.04.00' />
  <meta name='ocr-capabilities' content='ocr_page ocr_carea ocr_par ocr_line ocrx_word'/>
</head>
<body>
  <div class='ocr_page' id='page_1' title='image "./joannisdunsscot00waddgoog_0324.png"; bbox 0 0 4295 6326; ppageno 0'>
   <div class='ocr_carea' id='block_1_1' title="bbox 594 434 722 503">
    <p class='ocr_par' dir='ltr' id='par_1_1' title="bbox 594 434 722 503">
     <span class='ocr_line' id='line_1_1' title="bbox 594 434 722 503; baseline -0.016 0"><span class='ocrx_word' id='word_1_1' title='bbox 594 434 722 503; x_wconf 87' lang='lat'>302</span> 
     </span>
    </p>
   </div>
   <div class='ocr_carea' id='block_1_2' title="bbox 2017 432 2427 504">
    <p class='ocr_par' dir='ltr' id='par_1_2' title="bbox 2017 432 2427 504">
     <span class='ocr_line' id='line_1_2' title="bbox 2017 432 2427 504; baseline 0.005 -3"><span class='ocrx_word' id='word_1_2' title='bbox 2017 432 2259 502; x_wconf 89' lang='lat' dir='ltr'>LIBRI</span> <span class='ocrx_word' id='word_1_3' title='bbox 2303 433 2427 504; x_wconf 84' lang='grc' dir='ltr'><strong>ΙΙΙ.</strong></span> 
     </span>
    </p>
   </div>
   <div class='ocr_carea' id='block_1_3' title="bbox 598 597 3804 711">
    <p class='ocr_par' dir='ltr' id='par_1_3' title="bbox 598 597 3804 711">
     <span class='ocr_line' id='line_1_3' title="bbox 598 597 3804 711; baseline -0.004 -30"><span class='ocrx_word' id='word_1_4' title='bbox 598 633 805 684; x_wconf 91' lang='lat' dir='ltr'>nunc</span> <span class='ocrx_word' id='word_1_5' title='bbox 837 619 1092 685; x_wconf 91' lang='lat' dir='ltr'>autem</span> <span class='ocrx_word' id='word_1_6' title='bbox 1141 611 1450 711; x_wconf 80' lang='lat' dir='ltr'>aliquod</span> <span class='ocrx_word' id='word_1_7' title='bbox 1498 610 1706 686; x_wconf 91' lang='lat' dir='ltr'>aliud</span> <span class='ocrx_word' id='word_1_8' title='bbox 1750 606 2146 706; x_wconf 88' lang='lat' dir='ltr'>glorifica-</span> <span class='ocrx_word' id='word_1_9' title='bbox 2256 606 2361 680; x_wconf 92' lang='lat' dir='ltr'>tio</span> <span class='ocrx_word' id='word_1_10' title='bbox 2405 615 2660 680; x_wconf 91' lang='lat' dir='ltr'>autem</span> <span class='ocrx_word' id='word_1_11' title='bbox 2703 627 2940 703; x_wconf 88' lang='lat' dir='ltr'>quare</span> <span class='ocrx_word' id='word_1_12' title='bbox 2983 604 3059 678; x_wconf 92' lang='lat' dir='ltr'>in</span> <span class='ocrx_word' id='word_1_13' title='bbox 3094 603 3263 679; x_wconf 87' lang='lat' dir='ltr'>aliis</span> <span class='ocrx_word' id='word_1_14' title='bbox 3296 597 3804 702; x_wconf 63' lang='lat' dir='ltr'>praedestina-</span> 
     </span>
    </p>
   </div>
   <div class='ocr_carea' id='block_1_4' title="bbox 598 724 2145 826">
    <p class='ocr_par' dir='ltr' id='par_1_4' title="bbox 598 724 2145 826">
     <span class='ocr_line' id='line_1_4' title="bbox 598 724 2145 826; baseline -0.002 -26"><span class='ocrx_word' id='word_1_15' title='bbox 598 726 749 800; x_wconf 90' lang='lat' dir='ltr'>bile</span> <span class='ocrx_word' id='word_1_16' title='bbox 792 737 1038 826; x_wconf 89' lang='lat' dir='ltr'>potest</span> <span class='ocrx_word' id='word_1_17' title='bbox 1080 728 1418 803; x_wconf 89' lang='lat' dir='ltr'>ordinari</span> <span class='ocrx_word' id='word_1_18' title='bbox 1445 728 1538 803; x_wconf 88' lang='lat' dir='ltr'>ad</span> <span class='ocrx_word' id='word_1_19' title='bbox 1572 725 1921 824; x_wconf 78' lang='lat' dir='ltr'>gloriam,</span> <span class='ocrx_word' id='word_1_20' title='bbox 1947 733 2020 799; x_wconf 89' lang='lat' dir='ltr'>et</span> <span class='ocrx_word' id='word_1_21' title='bbox 2052 724 2145 798; x_wconf 92' lang='lat' dir='ltr'>ad</span> 
     </span>
    </p>
   </div>
   <div class='ocr_carea' id='block_1_5' title="bbox 2259 721 3798 821">
    <p class='ocr_par' dir='ltr' id='par_1_5' title="bbox 2259 721 3798 821">
     <span class='ocr_line' id='line_1_5' title="bbox 2259 721 3798 821; baseline -0.006 -24"><span class='ocrx_word' id='word_1_22' title='bbox 2259 723 2594 798; x_wconf 84' lang='lat' dir='ltr'>tionibus</span> <span class='ocrx_word' id='word_1_23' title='bbox 2662 723 2910 820; x_wconf 89' lang='lat' dir='ltr'>primo</span> <span class='ocrx_word' id='word_1_24' title='bbox 2973 721 3283 821; x_wconf 80' lang='lat' dir='ltr'>respicit</span> <span class='ocrx_word' id='word_1_25' title='bbox 3363 739 3798 818; x_wconf 75' lang='lat' dir='ltr'>personam,</span> 
     </span>
    </p>
   </div>
   <div class='ocr_carea' id='block_1_6' title="bbox 600 831 3800 942">
    <p class='ocr_par' dir='ltr' id='par_1_6' title="bbox 600 831 3800 942">
     <span class='ocr_line' id='line_1_6' title="bbox 600 831 3800 942; baseline -0.005 -23"><span class='ocrx_word' id='word_1_26' title='bbox 600 867 693 919; x_wconf 92' lang='lat' dir='ltr'>ea</span> <span class='ocrx_word' id='word_1_27' title='bbox 759 868 935 942; x_wconf 77' lang='lat' dir='ltr'>quoe</span> <span class='ocrx_word' id='word_1_28' title='bbox 978 855 1158 921; x_wconf 90' lang='lat' dir='ltr'>sunt</span> <span class='ocrx_word' id='word_1_29' title='bbox 1197 845 1547 920; x_wconf 89' lang='lat' dir='ltr'>ordinata</span> <span class='ocrx_word' id='word_1_30' title='bbox 1589 846 1683 920; x_wconf 91' lang='lat' dir='ltr'>ad</span> <span class='ocrx_word' id='word_1_31' title='bbox 1754 843 2027 942; x_wconf 81' lang='lat' dir='ltr'>ipsam,</span> <span class='ocrx_word' id='word_1_32' title='bbox 2073 856 2147 917; x_wconf 89' lang='lat' dir='ltr'>et</span> <span class='ocrx_word' id='word_1_33' title='bbox 2253 849 2391 931; x_wconf 86' lang='lat' dir='ltr'>est,</span> <span class='ocrx_word' id='word_1_34' title='bbox 2432 840 2612 937; x_wconf 91' lang='lat' dir='ltr'>quia</span> <span class='ocrx_word' id='word_1_35' title='bbox 2669 839 2777 913; x_wconf 91' lang='lat' dir='ltr'>illi</span> <span class='ocrx_word' id='word_1_36' title='bbox 2837 848 3131 913; x_wconf 85' lang='lat' dir='ltr'>naturae</span> <span class='ocrx_word' id='word_1_37' title='bbox 3198 833 3644 912; x_wconf 77' lang='lat' dir='ltr'>subsistenti</span> <span class='ocrx_word' id='word_1_38' title='bbox 3722 831 3800 903; x_wconf 91' lang='lat' dir='ltr'>in</span> 
     </span>
    </p>
   </div>
   <div class='ocr_carea' id='block_1_7' title="bbox 600 961 2141 1060">
    <p class='ocr_par' dir='ltr' id='par_1_7' title="bbox 600 961 2141 1060">
     <span class='ocr_line' id='line_1_7' title="bbox 600 961 2141 1060; baseline -0.002 -25"><span class='ocrx_word' id='word_1_39' title='bbox 600 961 888 1060; x_wconf 91' lang='lat' dir='ltr'>aliquid</span> <span class='ocrx_word' id='word_1_40' title='bbox 958 972 1071 1039; x_wconf 88' lang='lat' dir='ltr'>est</span> <span class='ocrx_word' id='word_1_41' title='bbox 1163 963 1593 1038; x_wconf 89' lang='lat' dir='ltr'>ordinabile</span> <span class='ocrx_word' id='word_1_42' title='bbox 1689 962 1781 1036; x_wconf 91' lang='lat' dir='ltr'>ad</span> <span class='ocrx_word' id='word_1_43' title='bbox 1853 969 2141 1035; x_wconf 78' lang='lat' dir='ltr'>tantam</span> 
     </span>
    </p>
   </div>
   <div class='ocr_carea' id='block_1_8' title="bbox 2248 950 3804 1054">
    <p class='ocr_par' dir='ltr' id='par_1_8' title="bbox 2248 950 3804 1054">
     <span class='ocr_line' id='line_1_8' title="bbox 2248 950 3804 1054; baseline -0.006 -23"><span class='ocrx_word' id='word_1_44' title='bbox 2248 958 2502 1034; x_wconf 90' lang='lat' dir='ltr'>Verbo</span> <span class='ocrx_word' id='word_1_45' title='bbox 2561 958 2923 1031; x_wconf 80' lang='lat' dir='ltr'>convenit</span> <span class='ocrx_word' id='word_1_46' title='bbox 2990 956 3238 1054; x_wconf 89' lang='lat' dir='ltr'>primo</span> <span class='ocrx_word' id='word_1_47' title='bbox 3311 950 3804 1052; x_wconf 73' lang='lat' dir='ltr'>praedestina-</span> 
     </span>
    </p>
   </div>
   <div class='ocr_carea' id='block_1_9' title="bbox 555 1075 3802 1296">
    <p class='ocr_par' dir='ltr' id='par_1_9' title="bbox 555 1075 3802 1296">
     <span class='ocr_line' id='line_1_9' title="bbox 598 1075 3802 1183; baseline -0.002 -32"><span class='ocrx_word' id='word_1_48' title='bbox 598 1078 949 1174; x_wconf 82' lang='lat' dir='ltr'>gloriam,</span> <span class='ocrx_word' id='word_1_49' title='bbox 995 1080 1089 1155; x_wconf 89' lang='lat' dir='ltr'>ad</span> <span class='ocrx_word' id='word_1_50' title='bbox 1132 1088 1496 1183; x_wconf 89' lang='lat' dir='ltr'>quantam</span> <span class='ocrx_word' id='word_1_51' title='bbox 1552 1103 1705 1153; x_wconf 90' lang='lat' dir='ltr'>non</span> <span class='ocrx_word' id='word_1_52' title='bbox 1765 1078 1981 1153; x_wconf 88' lang='lat' dir='ltr'>decet</span> <span class='ocrx_word' id='word_1_53' title='bbox 2021 1103 2144 1151; x_wconf 91' lang='lat' dir='ltr'>or-</span> <span class='ocrx_word' id='word_1_54' title='bbox 2255 1076 2381 1170; x_wconf 89' lang='lat' dir='ltr'>tio,</span> <span class='ocrx_word' id='word_1_55' title='bbox 2414 1086 2487 1152; x_wconf 90' lang='lat' dir='ltr'>et</span> <span class='ocrx_word' id='word_1_56' title='bbox 2529 1101 2681 1150; x_wconf 90' lang='lat' dir='ltr'>non</span> <span class='ocrx_word' id='word_1_57' title='bbox 2721 1099 3101 1174; x_wconf 73' lang='lat' dir='ltr'>personae,</span> <span class='ocrx_word' id='word_1_58' title='bbox 3157 1075 3329 1149; x_wconf 91' lang='lat' dir='ltr'>ideo</span> <span class='ocrx_word' id='word_1_59' title='bbox 3390 1075 3534 1149; x_wconf 90' lang='lat' dir='ltr'>ista</span> <span class='ocrx_word' id='word_1_60' title='bbox 3600 1096 3802 1169; x_wconf 85' lang='lat' dir='ltr'>prac-</span> 
     </span>
     <span class='ocr_line' id='line_1_10' title="bbox 555 1193 3798 1296; baseline -0.003 -23"><span class='ocrx_word' id='word_1_61' title='bbox 555 1197 864 1273; x_wconf 75' lang='lat' dir='ltr'>-dinare</span> <span class='ocrx_word' id='word_1_62' title='bbox 943 1222 1215 1296; x_wconf 87' lang='lat' dir='ltr'>puram</span> <span class='ocrx_word' id='word_1_63' title='bbox 1287 1207 1745 1276; x_wconf 88' lang='lat' dir='ltr'>creaturam.</span> <span class='ocrx_word' id='word_1_64' title='bbox 1829 1196 2144 1272; x_wconf 89' lang='lat' dir='ltr'>Subsis—</span> <span class='ocrx_word' id='word_1_65' title='bbox 2248 1197 2657 1272; x_wconf 83' lang='lat' dir='ltr'>destinatio</span> <span class='ocrx_word' id='word_1_66' title='bbox 2693 1205 2804 1272; x_wconf 87' lang='lat' dir='ltr'>est</span> <span class='ocrx_word' id='word_1_67' title='bbox 2865 1207 3191 1289; x_wconf 88' lang='lat' dir='ltr'>naturae,</span> <span class='ocrx_word' id='word_1_68' title='bbox 3248 1205 3328 1269; x_wconf 91' lang='lat' dir='ltr'>ut</span> <span class='ocrx_word' id='word_1_69' title='bbox 3381 1203 3682 1286; x_wconf 87' lang='lat' dir='ltr'>natura,</span> <span class='ocrx_word' id='word_1_70' title='bbox 3719 1193 3798 1265; x_wconf 90' lang='lat' dir='ltr'>in</span> 
     </span>
    </p>
   </div>
   <div class='ocr_carea' id='block_1_10' title="bbox 243 1314 2140 3290">
    <p class='ocr_par' dir='ltr' id='par_1_10' title="bbox 595 1314 2140 1530">
     <span class='ocr_line' id='line_1_11' title="bbox 595 1314 2139 1413; baseline 0.001 -27"><span class='ocrx_word' id='word_1_71' title='bbox 595 1314 780 1387; x_wconf 90' lang='lat' dir='ltr'>tenti</span> <span class='ocrx_word' id='word_1_72' title='bbox 827 1314 1031 1390; x_wconf 90' lang='lat' dir='ltr'>enim</span> <span class='ocrx_word' id='word_1_73' title='bbox 1075 1316 1155 1390; x_wconf 92' lang='lat' dir='ltr'>in</span> <span class='ocrx_word' id='word_1_74' title='bbox 1187 1316 1474 1413; x_wconf 61' lang='lat' dir='ltr'>Ver-bc,</span> <span class='ocrx_word' id='word_1_75' title='bbox 1517 1316 1734 1391; x_wconf 87' lang='lat' dir='ltr'>decet</span> <span class='ocrx_word' id='word_1_76' title='bbox 1783 1315 2139 1389; x_wconf 90' lang='lat' dir='ltr'>ordinare</span> 
     </span>
     <span class='ocr_line' id='line_1_12' title="bbox 600 1431 2140 1530; baseline 0.002 -27"><span class='ocrx_word' id='word_1_77' title='bbox 600 1431 963 1529; x_wconf 88' lang='lat' dir='ltr'>majorem</span> <span class='ocrx_word' id='word_1_78' title='bbox 1019 1432 1371 1529; x_wconf 82' lang='lat' dir='ltr'>gloriam,</span> <span class='ocrx_word' id='word_1_79' title='bbox 1428 1454 1662 1530; x_wconf 88' lang='lat' dir='ltr'>quam</span> <span class='ocrx_word' id='word_1_80' title='bbox 1703 1431 1932 1506; x_wconf 89' lang='lat' dir='ltr'>alicui</span> <span class='ocrx_word' id='word_1_81' title='bbox 1993 1457 2140 1530; x_wconf 92' lang='lat' dir='ltr'>pu—</span> 
     </span>
    </p>

    <p class='ocr_par' dir='ltr' id='par_1_11' title="bbox 596 1548 2138 1644">
     <span class='ocr_line' id='line_1_13' title="bbox 596 1548 2138 1644; baseline 0.002 -24"><span class='ocrx_word' id='word_1_82' title='bbox 596 1572 703 1623; x_wconf 86' lang='lat' dir='ltr'>rae</span> <span class='ocrx_word' id='word_1_83' title='bbox 745 1558 1118 1624; x_wconf 80' lang='lat' dir='ltr'>creaturae</span> <span class='ocrx_word' id='word_1_84' title='bbox 1159 1549 1514 1624; x_wconf 79' lang='lat' dir='ltr'>existenti</span> <span class='ocrx_word' id='word_1_85' title='bbox 1553 1549 1628 1623; x_wconf 90' lang='lat' dir='ltr'>in</span> <span class='ocrx_word' id='word_1_86' title='bbox 1663 1574 1776 1644; x_wconf 85' lang='lat' dir='ltr'>sc,</span> <span class='ocrx_word' id='word_1_87' title='bbox 1836 1558 1909 1625; x_wconf 91' lang='lat' dir='ltr'>et</span> <span class='ocrx_word' id='word_1_88' title='bbox 1968 1548 2138 1623; x_wconf 88' lang='lat' dir='ltr'>talis</span> 
     </span>
    </p>

    <p class='ocr_par' dir='ltr' id='par_1_12' title="bbox 594 1663 2131 1763">
     <span class='ocr_line' id='line_1_14' title="bbox 594 1663 2131 1763; baseline 0.001 -26"><span class='ocrx_word' id='word_1_89' title='bbox 594 1663 839 1759; x_wconf 90' lang='lat' dir='ltr'>gloria</span> <span class='ocrx_word' id='word_1_90' title='bbox 881 1688 1035 1739; x_wconf 91' lang='lat' dir='ltr'>non</span> <span class='ocrx_word' id='word_1_91' title='bbox 1070 1674 1319 1763; x_wconf 88' lang='lat' dir='ltr'>potest</span> <span class='ocrx_word' id='word_1_92' title='bbox 1342 1665 1614 1740; x_wconf 91' lang='lat' dir='ltr'>cadere</span> <span class='ocrx_word' id='word_1_93' title='bbox 1637 1665 1789 1740; x_wconf 27' lang='lat' dir='ltr'>*sub</span> <span class='ocrx_word' id='word_1_94' title='bbox 1820 1665 2131 1759; x_wconf 90' lang='lat' dir='ltr'>merito3</span> 
     </span>
    </p>

    <p class='ocr_par' dir='ltr' id='par_1_13' title="bbox 524 1780 2137 1995">
     <span class='ocr_line' id='line_1_15' title="bbox 524 1780 2135 1880; baseline 0.002 -29"><span class='ocrx_word' id='word_1_95' title='bbox 524 1865 530 1871; x_wconf 90' lang='lat'>.</span> <span class='ocrx_word' id='word_1_96' title='bbox 595 1780 765 1855; x_wconf 90' lang='lat' dir='ltr'>ideo</span> <span class='ocrx_word' id='word_1_97' title='bbox 802 1780 971 1854; x_wconf 91' lang='lat' dir='ltr'>talis</span> <span class='ocrx_word' id='word_1_98' title='bbox 1015 1790 1288 1855; x_wconf 88' lang='lat' dir='ltr'>natura</span> <span class='ocrx_word' id='word_1_99' title='bbox 1328 1790 1575 1880; x_wconf 89' lang='lat' dir='ltr'>potest</span> <span class='ocrx_word' id='word_1_100' title='bbox 1634 1780 1971 1855; x_wconf 89' lang='lat' dir='ltr'>ordinari</span> <span class='ocrx_word' id='word_1_101' title='bbox 2041 1781 2135 1855; x_wconf 90' lang='lat' dir='ltr'>ad</span> 
     </span>
     <span class='ocr_line' id='line_1_16' title="bbox 592 1896 2137 1995; baseline 0 -25"><span class='ocrx_word' id='word_1_102' title='bbox 592 1897 821 1970; x_wconf 87' lang='lat' dir='ltr'>talem</span> <span class='ocrx_word' id='word_1_103' title='bbox 856 1896 1253 1991; x_wconf 88' lang='lat' dir='ltr'>unionem,</span> <span class='ocrx_word' id='word_1_104' title='bbox 1300 1920 1475 1995; x_wconf 77' lang='lat' dir='ltr'>quoe</span> <span class='ocrx_word' id='word_1_105' title='bbox 1509 1908 1620 1972; x_wconf 85' lang='lat' dir='ltr'>est</span> <span class='ocrx_word' id='word_1_106' title='bbox 1662 1907 1958 1971; x_wconf 85' lang='lat' dir='ltr'>naturae</span> <span class='ocrx_word' id='word_1_107' title='bbox 2001 1898 2137 1970; x_wconf 92' lang='lat' dir='ltr'>hu-</span> 
     </span>
    </p>

    <p class='ocr_par' dir='ltr' id='par_1_14' title="bbox 598 2017 2133 2116">
     <span class='ocr_line' id='line_1_17' title="bbox 598 2017 2133 2116; baseline 0 -26"><span class='ocrx_word' id='word_1_108' title='bbox 598 2040 847 2091; x_wconf 80' lang='lat' dir='ltr'>manae</span> <span class='ocrx_word' id='word_1_109' title='bbox 879 2017 976 2090; x_wconf 89' lang='lat' dir='ltr'>ad</span> <span class='ocrx_word' id='word_1_110' title='bbox 1014 2017 1383 2111; x_wconf 82' lang='lat' dir='ltr'>Verbum,</span> <span class='ocrx_word' id='word_1_111' title='bbox 1412 2041 1587 2116; x_wconf 76' lang='lat' dir='ltr'>quae</span> <span class='ocrx_word' id='word_1_112' title='bbox 1621 2027 1733 2093; x_wconf 90' lang='lat' dir='ltr'>est</span> <span class='ocrx_word' id='word_1_113' title='bbox 1760 2017 2008 2116; x_wconf 90' lang='lat' dir='ltr'>prima</span> <span class='ocrx_word' id='word_1_114' title='bbox 2039 2017 2133 2090; x_wconf 92' lang='lat' dir='ltr'>ad</span> 
     </span>
    </p>

    <p class='ocr_par' dir='ltr' id='par_1_15' title="bbox 591 2135 2134 2351">
     <span class='ocr_line' id='line_1_18' title="bbox 591 2135 2134 2233; baseline 0 -26"><span class='ocrx_word' id='word_1_115' title='bbox 591 2142 879 2208; x_wconf 88' lang='lat' dir='ltr'>tantam</span> <span class='ocrx_word' id='word_1_116' title='bbox 950 2135 1304 2231; x_wconf 88' lang='lat' dir='ltr'>gloriam,</span> <span class='ocrx_word' id='word_1_117' title='bbox 1345 2144 1633 2233; x_wconf 90' lang='lat' dir='ltr'>quanta</span> <span class='ocrx_word' id='word_1_118' title='bbox 1701 2142 1814 2210; x_wconf 88' lang='lat' dir='ltr'>est</span> <span class='ocrx_word' id='word_1_119' title='bbox 1858 2136 2134 2209; x_wconf 90' lang='lat' dir='ltr'>collata</span> 
     </span>
     <span class='ocr_line' id='line_1_19' title="bbox 592 2251 2133 2351; baseline -0.001 -25"><span class='ocrx_word' id='word_1_120' title='bbox 592 2252 920 2347; x_wconf 82' lang='lat' dir='ltr'>ChristO,</span> <span class='ocrx_word' id='word_1_121' title='bbox 957 2262 1030 2327; x_wconf 91' lang='lat' dir='ltr'>et</span> <span class='ocrx_word' id='word_1_122' title='bbox 1061 2261 1243 2327; x_wconf 90' lang='lat' dir='ltr'>tunc</span> <span class='ocrx_word' id='word_1_123' title='bbox 1286 2261 1399 2328; x_wconf 87' lang='lat' dir='ltr'>est</span> <span class='ocrx_word' id='word_1_124' title='bbox 1442 2252 1949 2351; x_wconf 79' lang='lat' dir='ltr'>congruentia</span> <span class='ocrx_word' id='word_1_125' title='bbox 1990 2251 2133 2326; x_wconf 91' lang='lat' dir='ltr'>ali—</span> 
     </span>
    </p>

    <p class='ocr_par' dir='ltr' id='par_1_16' title="bbox 593 2370 2133 2468">
     <span class='ocr_line' id='line_1_20' title="bbox 593 2370 2133 2468; baseline 0.001 -25"><span class='ocrx_word' id='word_1_126' title='bbox 593 2392 773 2467; x_wconf 90' lang='lat' dir='ltr'>qua,</span> <span class='ocrx_word' id='word_1_127' title='bbox 818 2392 1056 2467; x_wconf 87' lang='lat' dir='ltr'>quare</span> <span class='ocrx_word' id='word_1_128' title='bbox 1111 2370 1372 2467; x_wconf 90' lang='lat' dir='ltr'>aliqua</span> <span class='ocrx_word' id='word_1_129' title='bbox 1416 2370 1660 2466; x_wconf 89' lang='lat' dir='ltr'>gloria</span> <span class='ocrx_word' id='word_1_130' title='bbox 1713 2378 1962 2468; x_wconf 90' lang='lat' dir='ltr'>potest</span> <span class='ocrx_word' id='word_1_131' title='bbox 2002 2394 2133 2444; x_wconf 90' lang='lat' dir='ltr'>ca-</span> 
     </span>
    </p>

    <p class='ocr_par' dir='ltr' id='par_1_17' title="bbox 591 2487 2132 2585">
     <span class='ocr_line' id='line_1_21' title="bbox 591 2487 2132 2585; baseline 0.002 -25"><span class='ocrx_word' id='word_1_132' title='bbox 591 2487 769 2562; x_wconf 89' lang='lat' dir='ltr'>dere</span> <span class='ocrx_word' id='word_1_133' title='bbox 812 2489 956 2562; x_wconf 90' lang='lat' dir='ltr'>suh</span> <span class='ocrx_word' id='word_1_134' title='bbox 992 2489 1262 2563; x_wconf 92' lang='lat' dir='ltr'>merito</span> <span class='ocrx_word' id='word_1_135' title='bbox 1306 2498 1709 2583; x_wconf 59' lang='lat' dir='ltr'>creaturae,</span> <span class='ocrx_word' id='word_1_136' title='bbox 1746 2498 1819 2565; x_wconf 91' lang='lat' dir='ltr'>et</span> <span class='ocrx_word' id='word_1_137' title='bbox 1872 2488 2132 2585; x_wconf 87' lang='lat' dir='ltr'>aliqua</span> 
     </span>
    </p>

    <p class='ocr_par' dir='ltr' id='par_1_18' title="bbox 590 2603 2131 2705">
     <span class='ocr_line' id='line_1_22' title="bbox 590 2603 2131 2705; baseline -0.001 -26"><span class='ocrx_word' id='word_1_138' title='bbox 590 2628 746 2679; x_wconf 88' lang='lat' dir='ltr'>non</span> <span class='ocrx_word' id='word_1_139' title='bbox 813 2613 1086 2703; x_wconf 87' lang='lat' dir='ltr'>potest,</span> <span class='ocrx_word' id='word_1_140' title='bbox 1135 2614 1207 2680; x_wconf 93' lang='lat' dir='ltr'>et</span> <span class='ocrx_word' id='word_1_141' title='bbox 1247 2603 1351 2679; x_wconf 88' lang='lat' dir='ltr'>ibi</span> <span class='ocrx_word' id='word_1_142' title='bbox 1422 2606 1704 2681; x_wconf 89' lang='lat' dir='ltr'>decens</span> <span class='ocrx_word' id='word_1_143' title='bbox 1772 2605 2131 2705; x_wconf 84' lang='lat' dir='ltr'>praeordi-</span> 
     </span>
    </p>

    <p class='ocr_par' dir='ltr' id='par_1_19' title="bbox 589 2721 2132 2940">
     <span class='ocr_line' id='line_1_23' title="bbox 589 2721 2129 2823; baseline 0 -26"><span class='ocrx_word' id='word_1_144' title='bbox 589 2746 775 2797; x_wconf 86' lang='lat' dir='ltr'>nare</span> <span class='ocrx_word' id='word_1_145' title='bbox 838 2721 1231 2818; x_wconf 91' lang='lat' dir='ltr'>unionem,</span> <span class='ocrx_word' id='word_1_146' title='bbox 1306 2747 1481 2822; x_wconf 76' lang='lat' dir='ltr'>quae</span> <span class='ocrx_word' id='word_1_147' title='bbox 1550 2734 1663 2799; x_wconf 91' lang='lat' dir='ltr'>est</span> <span class='ocrx_word' id='word_1_148' title='bbox 1721 2724 1971 2823; x_wconf 89' lang='lat' dir='ltr'>prima</span> <span class='ocrx_word' id='word_1_149' title='bbox 2035 2724 2129 2797; x_wconf 91' lang='lat' dir='ltr'>ad</span> 
     </span>
     <span class='ocr_line' id='line_1_24' title="bbox 592 2841 2132 2940; baseline 0 -25"><span class='ocrx_word' id='word_1_150' title='bbox 592 2850 879 2915; x_wconf 88' lang='lat' dir='ltr'>tantam</span> <span class='ocrx_word' id='word_1_151' title='bbox 929 2841 1282 2937; x_wconf 89' lang='lat' dir='ltr'>gloriam,</span> <span class='ocrx_word' id='word_1_152' title='bbox 1319 2851 1610 2940; x_wconf 86' lang='lat' dir='ltr'>quanta</span> <span class='ocrx_word' id='word_1_153' title='bbox 1670 2866 1824 2917; x_wconf 89' lang='lat' dir='ltr'>non</span> <span class='ocrx_word' id='word_1_154' title='bbox 1884 2850 2132 2940; x_wconf 90' lang='lat' dir='ltr'>potest</span> 
     </span>
    </p>

    <p class='ocr_par' dir='ltr' id='par_1_20' title="bbox 591 2958 2123 3058">
     <span class='ocr_line' id='line_1_25' title="bbox 591 2958 2123 3058; baseline -0.001 -26"><span class='ocrx_word' id='word_1_155' title='bbox 591 2958 861 3032; x_wconf 89' lang='lat' dir='ltr'>cadere</span> <span class='ocrx_word' id='word_1_156' title='bbox 922 2959 1063 3032; x_wconf 91' lang='lat' dir='ltr'>sub</span> <span class='ocrx_word' id='word_1_157' title='bbox 1110 2959 1376 3034; x_wconf 90' lang='lat' dir='ltr'>merito</span> <span class='ocrx_word' id='word_1_158' title='bbox 1436 2983 1652 3058; x_wconf 88' lang='lat' dir='ltr'>purae</span> <span class='ocrx_word' id='word_1_159' title='bbox 1727 2968 2123 3035; x_wconf 83' lang='lat' dir='ltr'>creaturae.</span> 
     </span>
    </p>

    <p class='ocr_par' dir='ltr' id='par_1_21' title="bbox 243 3072 2134 3290">
     <span class='ocr_line' id='line_1_26' title="bbox 245 3072 2134 3173; baseline -0.003 -20"><span class='ocrx_word' id='word_1_160' title='bbox 245 3081 417 3153; x_wconf 55' lang='lat' dir='ltr'>ramo</span> <span class='ocrx_word' id='word_1_161' title='bbox 451 3080 565 3143; x_wconf 76' lang='lat' dir='ltr'>elo·</span> <span class='ocrx_word' id='word_1_162' title='bbox 692 3073 801 3146; x_wconf 86' lang='lat' dir='ltr'>Ex</span> <span class='ocrx_word' id='word_1_163' title='bbox 842 3072 980 3146; x_wconf 86' lang='lat' dir='ltr'>isto</span> <span class='ocrx_word' id='word_1_164' title='bbox 1022 3081 1228 3172; x_wconf 89' lang='lat' dir='ltr'>patet</span> <span class='ocrx_word' id='word_1_165' title='bbox 1274 3074 1477 3172; x_wconf 90' lang='lat' dir='ltr'>quod</span> <span class='ocrx_word' id='word_1_166' title='bbox 1538 3073 1786 3172; x_wconf 89' lang='lat' dir='ltr'>primo</span> <span class='ocrx_word' id='word_1_167' title='bbox 1837 3097 2134 3173; x_wconf 77' lang='lat' dir='ltr'>praeor—</span> 
     </span>
     <span class='ocr_line' id='line_1_27' title="bbox 243 3158 2129 3290; baseline 0.005 -32"><span class='ocrx_word' id='word_1_168' title='bbox 243 3158 564 3258; x_wconf 52' lang='lat' dir='ltr'>ffrffiffiffl‘*</span> <span class='ocrx_word' id='word_1_169' title='bbox 594 3190 903 3265; x_wconf 90' lang='lat' dir='ltr'>dinatur</span> <span class='ocrx_word' id='word_1_170' title='bbox 951 3189 1129 3265; x_wconf 88' lang='lat' dir='ltr'>finis</span> <span class='ocrx_word' id='word_1_171' title='bbox 1161 3215 1205 3266; x_wconf 92' lang='lat' dir='ltr'>a</span> <span class='ocrx_word' id='word_1_172' title='bbox 1244 3193 1615 3290; x_wconf 87' lang='lat' dir='ltr'>sapiente,</span> <span class='ocrx_word' id='word_1_173' title='bbox 1679 3202 1751 3267; x_wconf 90' lang='lat' dir='ltr'>et</span> <span class='ocrx_word' id='word_1_174' title='bbox 1792 3194 2129 3268; x_wconf 91' lang='lat' dir='ltr'>secundo</span> 
     </span>
    </p>
   </div>
   <div class='ocr_carea' id='block_1_11' title="bbox 280 3271 2129 3406">
    <p class='ocr_par' dir='ltr' id='par_1_22' title="bbox 280 3271 2129 3406">
     <span class='ocr_line' id='line_1_28' title="bbox 280 3271 2129 3406; baseline 0.001 -24"><span class='ocrx_word' id='word_1_175' title='bbox 280 3271 507 3384; x_wconf 54' lang='lat' dir='ltr'>Cabeffiiss&#39;</span> <span class='ocrx_word' id='word_1_176' title='bbox 594 3307 747 3381; x_wconf 90' lang='lat' dir='ltr'>alia</span> <span class='ocrx_word' id='word_1_177' title='bbox 784 3330 959 3404; x_wconf 77' lang='lat' dir='ltr'>quae</span> <span class='ocrx_word' id='word_1_178' title='bbox 988 3316 1168 3380; x_wconf 86' lang='lat' dir='ltr'>sunt</span> <span class='ocrx_word' id='word_1_179' title='bbox 1199 3308 1291 3381; x_wconf 90' lang='lat' dir='ltr'>ad</span> <span class='ocrx_word' id='word_1_180' title='bbox 1326 3307 1557 3383; x_wconf 88' lang='lat' dir='ltr'>finem</span> <span class='ocrx_word' id='word_1_181' title='bbox 1597 3336 1615 3402; x_wconf 99' lang='lat'>3</span> <span class='ocrx_word' id='word_1_182' title='bbox 1649 3307 1860 3383; x_wconf 89' lang='lat' dir='ltr'>etsie</span> <span class='ocrx_word' id='word_1_183' title='bbox 1884 3309 2129 3406; x_wconf 88' lang='lat' dir='ltr'>primo</span> 
     </span>
    </p>
   </div>
   <div class='ocr_carea' id='block_1_12' title="bbox 220 3395 2132 5634">
    <p class='ocr_par' dir='ltr' id='par_1_23' title="bbox 294 3395 1973 3445">
     <span class='ocr_line' id='line_1_29' title="bbox 294 3395 1973 3445; baseline -0.002 -2"><span class='ocrx_word' id='word_1_184' title='bbox 294 3397 421 3445; x_wconf 88' lang='lat' dir='ltr'>unio</span> <span class='ocrx_word' id='word_1_185' title='bbox 452 3395 518 3445; x_wconf 81' lang='lat' dir='ltr'>ad</span> <span class='ocrx_word' id='word_1_186' title='bbox 908 3424 921 3437; x_wconf 88' lang='lat'>-</span> <span class='ocrx_word' id='word_1_187' title='bbox 1376 3425 1389 3438; x_wconf 85' lang='lat'>.</span> <span class='ocrx_word' id='word_1_188' title='bbox 1961 3427 1973 3439; x_wconf 90' lang='lat'>.</span> 
     </span>
    </p>

    <p class='ocr_par' dir='ltr' id='par_1_24' title="bbox 273 3424 2132 4572">
     <span class='ocr_line' id='line_1_30' title="bbox 273 3424 2124 3523; baseline 0.003 -27"><span class='ocrx_word' id='word_1_189' title='bbox 273 3459 527 3510; x_wconf 79' lang='lat' dir='ltr'>verbum.</span> <span class='ocrx_word' id='word_1_190' title='bbox 593 3424 1161 3523; x_wconf 76' lang='lat' dir='ltr'>proeordtnatur</span> <span class='ocrx_word' id='word_1_191' title='bbox 1199 3427 1444 3521; x_wconf 77' lang='lat' dir='ltr'>gloria</span> <span class='ocrx_word' id='word_1_192' title='bbox 1466 3449 1769 3499; x_wconf 86' lang='lat' dir='ltr'>summa</span> <span class='ocrx_word' id='word_1_193' title='bbox 1800 3426 2124 3518; x_wconf 82' lang='lat' dir='ltr'>Chr1stO‚</span> 
     </span>
     <span class='ocr_line' id='line_1_31' title="bbox 592 3541 2132 3642; baseline 0.003 -29"><span class='ocrx_word' id='word_1_194' title='bbox 592 3541 869 3616; x_wconf 89' lang='lat' dir='ltr'>deinde</span> <span class='ocrx_word' id='word_1_195' title='bbox 913 3541 1098 3616; x_wconf 89' lang='lat' dir='ltr'>unio</span> <span class='ocrx_word' id='word_1_196' title='bbox 1132 3552 1428 3616; x_wconf 65' lang='lat' dir='ltr'>natura}</span> <span class='ocrx_word' id='word_1_197' title='bbox 1470 3543 1563 3616; x_wconf 88' lang='lat' dir='ltr'>ad</span> <span class='ocrx_word' id='word_1_198' title='bbox 1595 3542 1962 3633; x_wconf 86' lang='lat' dir='ltr'>Verbum,</span> <span class='ocrx_word' id='word_1_199' title='bbox 1998 3568 2132 3642; x_wconf 90' lang='lat' dir='ltr'>per</span> 
     </span>
     <span class='ocr_line' id='line_1_32' title="bbox 591 3658 2126 3756; baseline 0.001 -24"><span class='ocrx_word' id='word_1_200' title='bbox 591 3681 824 3756; x_wconf 90' lang='lat' dir='ltr'>quam</span> <span class='ocrx_word' id='word_1_201' title='bbox 906 3667 1155 3756; x_wconf 89' lang='lat' dir='ltr'>potest</span> <span class='ocrx_word' id='word_1_202' title='bbox 1230 3658 1602 3754; x_wconf 88' lang='lat' dir='ltr'>attingere</span> <span class='ocrx_word' id='word_1_203' title='bbox 1671 3660 1763 3733; x_wconf 89' lang='lat' dir='ltr'>ad</span> <span class='ocrx_word' id='word_1_204' title='bbox 1839 3670 2126 3734; x_wconf 82' lang='lat' dir='ltr'>tantam</span> 
     </span>
     <span class='ocr_line' id='line_1_33' title="bbox 591 3773 2127 3873; baseline 0.002 -25"><span class='ocrx_word' id='word_1_205' title='bbox 591 3774 941 3871; x_wconf 86' lang='lat' dir='ltr'>gloriam,</span> <span class='ocrx_word' id='word_1_206' title='bbox 990 3773 1172 3873; x_wconf 90' lang='lat' dir='ltr'>quia</span> <span class='ocrx_word' id='word_1_207' title='bbox 1216 3773 1752 3851; x_wconf 86' lang='lat' dir='ltr'>universaliter</span> <span class='ocrx_word' id='word_1_208' title='bbox 1794 3776 2127 3873; x_wconf 89' lang='lat' dir='ltr'>primum</span> 
     </span>
     <span class='ocr_line' id='line_1_34' title="bbox 590 3890 2130 3991; baseline 0.003 -28"><span class='ocrx_word' id='word_1_209' title='bbox 590 3891 666 3964; x_wconf 90' lang='lat' dir='ltr'>in</span> <span class='ocrx_word' id='word_1_210' title='bbox 701 3890 1125 3966; x_wconf 91' lang='lat' dir='ltr'>intentione</span> <span class='ocrx_word' id='word_1_211' title='bbox 1157 3891 1230 3963; x_wconf 92' lang='lat' dir='ltr'>in</span> <span class='ocrx_word' id='word_1_212' title='bbox 1266 3891 1628 3967; x_wconf 88' lang='lat' dir='ltr'>omnibus</span> <span class='ocrx_word' id='word_1_213' title='bbox 1660 3894 2130 3991; x_wconf 83' lang='lat' dir='ltr'>exequendis</span> 
     </span>
     <span class='ocr_line' id='line_1_35' title="bbox 588 4007 2127 4102; baseline -0.001 -19"><span class='ocrx_word' id='word_1_214' title='bbox 588 4008 1100 4083; x_wconf 31' lang='lat' dir='ltr'>estfultimum</span> <span class='ocrx_word' id='word_1_215' title='bbox 1150 4007 1226 4080; x_wconf 92' lang='lat' dir='ltr'>in</span> <span class='ocrx_word' id='word_1_216' title='bbox 1273 4007 1769 4102; x_wconf 86' lang='lat' dir='ltr'>executione3</span> <span class='ocrx_word' id='word_1_217' title='bbox 1814 4009 1984 4084; x_wconf 91' lang='lat' dir='ltr'>ideo</span> <span class='ocrx_word' id='word_1_218' title='bbox 2051 4010 2127 4082; x_wconf 90' lang='lat' dir='ltr'>in</span> 
     </span>
     <span class='ocr_line' id='line_1_36' title="bbox 586 4123 2127 4221; baseline -0.001 -23"><span class='ocrx_word' id='word_1_219' title='bbox 586 4125 1037 4198; x_wconf 82' lang='lat' dir='ltr'>executione</span> <span class='ocrx_word' id='word_1_220' title='bbox 1089 4123 1304 4221; x_wconf 88' lang='lat' dir='ltr'>prius</span> <span class='ocrx_word' id='word_1_221' title='bbox 1363 4123 1504 4197; x_wconf 86' lang='lat' dir='ltr'>suit</span> <span class='ocrx_word' id='word_1_222' title='bbox 1565 4124 1749 4198; x_wconf 90' lang='lat' dir='ltr'>unio</span> <span class='ocrx_word' id='word_1_223' title='bbox 1802 4124 1896 4197; x_wconf 90' lang='lat' dir='ltr'>ad</span> <span class='ocrx_word' id='word_1_224' title='bbox 1938 4124 2127 4199; x_wconf 90' lang='lat' dir='ltr'>Ver-</span> 
     </span>
     <span class='ocr_line' id='line_1_37' title="bbox 581 4240 2129 4338; baseline -0.001 -22"><span class='ocrx_word' id='word_1_225' title='bbox 581 4243 766 4316; x_wconf 91' lang='lat' dir='ltr'>bum</span> <span class='ocrx_word' id='word_1_226' title='bbox 844 4263 1071 4338; x_wconf 90' lang='lat' dir='ltr'>quam</span> <span class='ocrx_word' id='word_1_227' title='bbox 1149 4264 1453 4315; x_wconf 88' lang='lat' dir='ltr'>summa</span> <span class='ocrx_word' id='word_1_228' title='bbox 1533 4240 1779 4338; x_wconf 88' lang='lat' dir='ltr'>gloria</span> <span class='ocrx_word' id='word_1_229' title='bbox 1854 4243 2129 4316; x_wconf 89' lang='lat' dir='ltr'>collata</span> 
     </span>
     <span class='ocr_line' id='line_1_38' title="bbox 583 4357 2125 4456; baseline 0 -23"><span class='ocrx_word' id='word_1_230' title='bbox 583 4359 913 4446; x_wconf 89' lang='lat' dir='ltr'>Christo,</span> <span class='ocrx_word' id='word_1_231' title='bbox 961 4366 1034 4433; x_wconf 89' lang='lat' dir='ltr'>et</span> <span class='ocrx_word' id='word_1_232' title='bbox 1091 4357 1201 4433; x_wconf 93' lang='lat' dir='ltr'>sic</span> <span class='ocrx_word' id='word_1_233' title='bbox 1270 4357 1485 4456; x_wconf 87' lang='lat' dir='ltr'>prius</span> <span class='ocrx_word' id='word_1_234' title='bbox 1551 4358 2125 4456; x_wconf 55' lang='lat' dir='ltr'>pra-§destinatio</span> 
     </span>
     <span class='ocr_line' id='line_1_39' title="bbox 583 4475 1873 4572; baseline -0.002 -22"><span class='ocrx_word' id='word_1_235' title='bbox 583 4476 676 4550; x_wconf 91' lang='lat' dir='ltr'>ad</span> <span class='ocrx_word' id='word_1_236' title='bbox 722 4476 1089 4550; x_wconf 87' lang='lat' dir='ltr'>unionem</span> <span class='ocrx_word' id='word_1_237' title='bbox 1123 4497 1352 4572; x_wconf 91' lang='lat' dir='ltr'>quam</span> <span class='ocrx_word' id='word_1_238' title='bbox 1388 4475 1481 4550; x_wconf 91' lang='lat' dir='ltr'>ad</span> <span class='ocrx_word' id='word_1_239' title='bbox 1524 4475 1873 4571; x_wconf 88' lang='lat' dir='ltr'>gloriam.</span> 
     </span>
    </p>

    <p class='ocr_par' dir='ltr' id='par_1_25' title="bbox 220 4591 2128 5160">
     <span class='ocr_line' id='line_1_40' title="bbox 352 4591 2122 4689; baseline 0.002 -25"><span class='ocrx_word' id='word_1_240' title='bbox 352 4596 417 4666; x_wconf 88' lang='lat'>3.</span> <span class='ocrx_word' id='word_1_241' title='bbox 675 4592 928 4684; x_wconf 79' lang='lat' dir='ltr'>DiceS,</span> <span class='ocrx_word' id='word_1_242' title='bbox 960 4600 1258 4688; x_wconf 89' lang='lat' dir='ltr'>oportet</span> <span class='ocrx_word' id='word_1_243' title='bbox 1298 4591 1500 4688; x_wconf 91' lang='lat' dir='ltr'>quod</span> <span class='ocrx_word' id='word_1_244' title='bbox 1553 4591 2122 4689; x_wconf 76' lang='lat' dir='ltr'>praedestinatio</span> 
     </span>
     <span class='ocr_line' id='line_1_41' title="bbox 226 4707 2125 4826; baseline 0.001 -43"><span class='ocrx_word' id='word_1_245' title='bbox 226 4710 521 4826; x_wconf 52' lang='lat' dir='ltr'>ffffigeffgss</span> <span class='ocrx_word' id='word_1_246' title='bbox 577 4710 793 4809; x_wconf 89' lang='lat' dir='ltr'>prius</span> <span class='ocrx_word' id='word_1_247' title='bbox 826 4707 1182 4806; x_wconf 85' lang='lat' dir='ltr'>respiciat</span> <span class='ocrx_word' id='word_1_248' title='bbox 1209 4731 1617 4806; x_wconf 88' lang='lat' dir='ltr'>personam</span> <span class='ocrx_word' id='word_1_249' title='bbox 1644 4732 1876 4806; x_wconf 90' lang='lat' dir='ltr'>quam</span> <span class='ocrx_word' id='word_1_250' title='bbox 1910 4721 2125 4784; x_wconf 90' lang='lat' dir='ltr'>natu·</span> 
     </span>
     <span class='ocr_line' id='line_1_42' title="bbox 225 4823 2123 4924; baseline -0.001 -22"><span class='ocrx_word' id='word_1_251' title='bbox 225 4839 546 4903; x_wconf 74' lang='lat' dir='ltr'>picitvrimo</span> <span class='ocrx_word' id='word_1_252' title='bbox 579 4850 790 4920; x_wconf 86' lang='lat' dir='ltr'>ram3</span> <span class='ocrx_word' id='word_1_253' title='bbox 828 4849 982 4899; x_wconf 91' lang='lat' dir='ltr'>non</span> <span class='ocrx_word' id='word_1_254' title='bbox 1026 4823 1231 4898; x_wconf 91' lang='lat' dir='ltr'>enim</span> <span class='ocrx_word' id='word_1_255' title='bbox 1267 4833 1514 4923; x_wconf 88' lang='lat' dir='ltr'>potest</span> <span class='ocrx_word' id='word_1_256' title='bbox 1581 4826 1827 4923; x_wconf 89' lang='lat' dir='ltr'>primo</span> <span class='ocrx_word' id='word_1_257' title='bbox 1879 4827 2123 4924; x_wconf 86' lang='lat' dir='ltr'>respi-</span> 
     </span>
     <span class='ocr_line' id='line_1_43' title="bbox 225 4916 2119 5043; baseline 0.004 -30"><span class='ocrx_word' id='word_1_258' title='bbox 225 4916 511 5016; x_wconf 53' lang='lat' dir='ltr'>peffioffin</span> <span class='ocrx_word' id='word_1_259' title='bbox 577 4969 749 5020; x_wconf 90' lang='lat' dir='ltr'>cere</span> <span class='ocrx_word' id='word_1_260' title='bbox 784 4952 1170 5018; x_wconf 89' lang='lat' dir='ltr'>naturam.</span> <span class='ocrx_word' id='word_1_261' title='bbox 1198 4942 1388 5016; x_wconf 90' lang='lat' dir='ltr'>Dico</span> <span class='ocrx_word' id='word_1_262' title='bbox 1413 4944 1619 5040; x_wconf 89' lang='lat' dir='ltr'>quod</span> <span class='ocrx_word' id='word_1_263' title='bbox 1650 4967 2119 5043; x_wconf 90' lang='lat' dir='ltr'>quamquam</span> 
     </span>
     <span class='ocr_line' id='line_1_44' title="bbox 220 5032 2121 5160; baseline -0.005 -16"><span class='ocrx_word' id='word_1_264' title='bbox 220 5032 512 5145; x_wconf 52' lang='lat' dir='ltr'>chIi-iffiifiin.</span> <span class='ocrx_word' id='word_1_265' title='bbox 575 5063 653 5136; x_wconf 90' lang='lat' dir='ltr'>in</span> <span class='ocrx_word' id='word_1_266' title='bbox 688 5061 857 5136; x_wconf 91' lang='lat' dir='ltr'>aliis</span> <span class='ocrx_word' id='word_1_267' title='bbox 897 5058 1469 5159; x_wconf 57' lang='lat' dir='ltr'>praedestinatio</span> <span class='ocrx_word' id='word_1_268' title='bbox 1512 5060 1869 5159; x_wconf 88' lang='lat' dir='ltr'>respiciat</span> <span class='ocrx_word' id='word_1_269' title='bbox 1916 5085 2121 5160; x_wconf 73' lang='lat' dir='ltr'>prae-</span> 
     </span>
    </p>

    <p class='ocr_par' dir='ltr' id='par_1_26' title="bbox 571 5179 2123 5634">
     <span class='ocr_line' id='line_1_45' title="bbox 576 5179 2120 5281; baseline -0.002 -23"><span class='ocrx_word' id='word_1_270' title='bbox 576 5184 729 5258; x_wconf 90' lang='lat' dir='ltr'>cise</span> <span class='ocrx_word' id='word_1_271' title='bbox 764 5203 1173 5281; x_wconf 87' lang='lat' dir='ltr'>personam</span> <span class='ocrx_word' id='word_1_272' title='bbox 1207 5179 1484 5277; x_wconf 88' lang='lat' dir='ltr'>primo,</span> <span class='ocrx_word' id='word_1_273' title='bbox 1521 5205 1674 5255; x_wconf 88' lang='lat' dir='ltr'>non</span> <span class='ocrx_word' id='word_1_274' title='bbox 1718 5190 1970 5256; x_wconf 89' lang='lat' dir='ltr'>tamen</span> <span class='ocrx_word' id='word_1_275' title='bbox 2008 5191 2120 5258; x_wconf 88' lang='lat' dir='ltr'>est</span> 
     </span>
     <span class='ocr_line' id='line_1_46' title="bbox 576 5296 2123 5396; baseline -0.001 -23"><span class='ocrx_word' id='word_1_276' title='bbox 576 5321 891 5375; x_wconf 88' lang='lat' dir='ltr'>necesse</span> <span class='ocrx_word' id='word_1_277' title='bbox 933 5297 1139 5395; x_wconf 91' lang='lat' dir='ltr'>quod</span> <span class='ocrx_word' id='word_1_278' title='bbox 1181 5318 1485 5393; x_wconf 89' lang='lat' dir='ltr'>semper</span> <span class='ocrx_word' id='word_1_279' title='bbox 1534 5296 1890 5394; x_wconf 87' lang='lat' dir='ltr'>respiciat</span> <span class='ocrx_word' id='word_1_280' title='bbox 1933 5323 2123 5396; x_wconf 62' lang='lat' dir='ltr'>prze-</span> 
     </span>
     <span class='ocr_line' id='line_1_47' title="bbox 573 5412 2119 5516; baseline -0.001 -24"><span class='ocrx_word' id='word_1_281' title='bbox 573 5417 727 5493; x_wconf 90' lang='lat' dir='ltr'>cise</span> <span class='ocrx_word' id='word_1_282' title='bbox 799 5436 1238 5516; x_wconf 88' lang='lat' dir='ltr'>personam.</span> <span class='ocrx_word' id='word_1_283' title='bbox 1303 5412 1561 5487; x_wconf 89' lang='lat' dir='ltr'>Potest</span> <span class='ocrx_word' id='word_1_284' title='bbox 1629 5414 1833 5488; x_wconf 90' lang='lat' dir='ltr'>enim</span> <span class='ocrx_word' id='word_1_285' title='bbox 1911 5416 2119 5490; x_wconf 89' lang='lat' dir='ltr'>Deus</span> 
     </span>
     <span class='ocr_line' id='line_1_48' title="bbox 571 5534 2114 5634; baseline -0.002 -23"><span class='ocrx_word' id='word_1_286' title='bbox 571 5545 970 5634; x_wconf 87' lang='lat' dir='ltr'>acceptare</span> <span class='ocrx_word' id='word_1_287' title='bbox 1004 5534 1294 5607; x_wconf 90' lang='lat' dir='ltr'>bonum</span> <span class='ocrx_word' id='word_1_288' title='bbox 1341 5541 1667 5627; x_wconf 83' lang='lat' dir='ltr'>naturae,</span> <span class='ocrx_word' id='word_1_289' title='bbox 1705 5543 1782 5608; x_wconf 93' lang='lat' dir='ltr'>ut</span> <span class='ocrx_word' id='word_1_290' title='bbox 1814 5542 2114 5624; x_wconf 83' lang='lat' dir='ltr'>natura,</span> 
     </span>
    </p>
   </div>
   <div class='ocr_carea' id='block_1_13' title="bbox 571 5653 2121 5753">
    <p class='ocr_par' dir='ltr' id='par_1_27' title="bbox 571 5653 2121 5753">
     <span class='ocr_line' id='line_1_49' title="bbox 571 5653 2121 5753; baseline 0 -27"><span class='ocrx_word' id='word_1_291' title='bbox 571 5655 1025 5753; x_wconf 86' lang='lat' dir='ltr'>priusquam</span> <span class='ocrx_word' id='word_1_292' title='bbox 1058 5672 1439 5750; x_wconf 79' lang='lat' dir='ltr'>personae,</span> <span class='ocrx_word' id='word_1_293' title='bbox 1469 5659 1553 5722; x_wconf 91' lang='lat' dir='ltr'>ut</span> <span class='ocrx_word' id='word_1_294' title='bbox 1589 5673 1944 5749; x_wconf 90' lang='lat' dir='ltr'>persona.</span> <span class='ocrx_word' id='word_1_295' title='bbox 1980 5653 2121 5727; x_wconf 86' lang='lat' dir='ltr'>Ra-</span> 
     </span>
    </p>
   </div>
   <div class='ocr_carea' id='block_1_14' title="bbox 2236 1310 3795 2696">
    <p class='ocr_par' dir='ltr' id='par_1_28' title="bbox 2236 1310 3795 2696">
     <span class='ocr_line' id='line_1_50' title="bbox 2245 1310 3795 1412; baseline -0.003 -25"><span class='ocrx_word' id='word_1_296' title='bbox 2245 1314 2493 1412; x_wconf 90' lang='lat' dir='ltr'>primo</span> <span class='ocrx_word' id='word_1_297' title='bbox 2529 1313 2839 1387; x_wconf 88' lang='lat' dir='ltr'>instanti</span> <span class='ocrx_word' id='word_1_298' title='bbox 2904 1323 3253 1399; x_wconf 83' lang='lat' dir='ltr'>naturae3</span> <span class='ocrx_word' id='word_1_299' title='bbox 3318 1312 3394 1385; x_wconf 89' lang='lat' dir='ltr'>in</span> <span class='ocrx_word' id='word_1_300' title='bbox 3456 1310 3795 1385; x_wconf 92' lang='lat' dir='ltr'>secundo</span> 
     </span>
     <span class='ocr_line' id='line_1_51' title="bbox 2245 1427 3793 1528; baseline -0.003 -25"><span class='ocrx_word' id='word_1_301' title='bbox 2245 1430 2557 1506; x_wconf 88' lang='lat' dir='ltr'>instanti</span> <span class='ocrx_word' id='word_1_302' title='bbox 2599 1440 2899 1504; x_wconf 79' lang='lat' dir='ltr'>naturae</span> <span class='ocrx_word' id='word_1_303' title='bbox 2941 1440 3056 1504; x_wconf 84' lang='lat' dir='ltr'>est</span> <span class='ocrx_word' id='word_1_304' title='bbox 3085 1428 3658 1528; x_wconf 61' lang='lat' dir='ltr'>praedestinatio</span> <span class='ocrx_word' id='word_1_305' title='bbox 3701 1427 3793 1499; x_wconf 89' lang='lat' dir='ltr'>ad</span> 
     </span>
     <span class='ocr_line' id='line_1_52' title="bbox 2248 1546 3603 1644; baseline -0.004 -21"><span class='ocrx_word' id='word_1_306' title='bbox 2248 1548 2643 1642; x_wconf 90' lang='lat' dir='ltr'>unionem,</span> <span class='ocrx_word' id='word_1_307' title='bbox 2681 1550 2799 1623; x_wconf 91' lang='lat' dir='ltr'>vel</span> <span class='ocrx_word' id='word_1_308' title='bbox 2845 1548 2937 1622; x_wconf 88' lang='lat' dir='ltr'>ad</span> <span class='ocrx_word' id='word_1_309' title='bbox 2981 1548 3133 1623; x_wconf 88' lang='lat' dir='ltr'>alia</span> <span class='ocrx_word' id='word_1_310' title='bbox 3174 1546 3603 1644; x_wconf 88' lang='lat' dir='ltr'>sequentia.</span> 
     </span>
     <span class='ocr_line' id='line_1_53' title="bbox 2342 1661 3793 1762; baseline -0.005 -23"><span class='ocrx_word' id='word_1_311' title='bbox 2342 1664 2698 1740; x_wconf 85' lang='lat' dir='ltr'>Secundo</span> <span class='ocrx_word' id='word_1_312' title='bbox 2732 1664 2901 1738; x_wconf 92' lang='lat' dir='ltr'>dico</span> <span class='ocrx_word' id='word_1_313' title='bbox 2938 1663 3141 1762; x_wconf 93' lang='lat' dir='ltr'>quod</span> <span class='ocrx_word' id='word_1_314' title='bbox 3180 1664 3404 1737; x_wconf 87' lang='lat' dir='ltr'>unica</span> <span class='ocrx_word' id='word_1_315' title='bbox 3448 1672 3563 1737; x_wconf 89' lang='lat' dir='ltr'>est</span> <span class='ocrx_word' id='word_1_316' title='bbox 3589 1661 3793 1734; x_wconf 86' lang='lat' dir='ltr'>ordi-</span> 
     </span>
     <span class='ocr_line' id='line_1_54' title="bbox 2244 1779 3789 1879; baseline -0.004 -24"><span class='ocrx_word' id='word_1_317' title='bbox 2244 1782 2480 1876; x_wconf 82' lang='lat' dir='ltr'>natiO,</span> <span class='ocrx_word' id='word_1_318' title='bbox 2517 1806 2669 1879; x_wconf 88' lang='lat' dir='ltr'>qua</span> <span class='ocrx_word' id='word_1_319' title='bbox 2712 1781 3255 1856; x_wconf 87' lang='lat' dir='ltr'>denominatur</span> <span class='ocrx_word' id='word_1_320' title='bbox 3305 1779 3789 1878; x_wconf 83' lang='lat' dir='ltr'>suppositum</span> 
     </span>
     <span class='ocr_line' id='line_1_55' title="bbox 2242 1895 3792 1994; baseline -0.003 -22"><span class='ocrx_word' id='word_1_321' title='bbox 2242 1898 2501 1992; x_wconf 88' lang='lat' dir='ltr'>Verbi,</span> <span class='ocrx_word' id='word_1_322' title='bbox 2536 1907 2609 1972; x_wconf 88' lang='lat' dir='ltr'>et</span> <span class='ocrx_word' id='word_1_323' title='bbox 2648 1898 2774 1972; x_wconf 92' lang='lat' dir='ltr'>ille</span> <span class='ocrx_word' id='word_1_324' title='bbox 2811 1900 3067 1991; x_wconf 84' lang='lat' dir='ltr'>homo,</span> <span class='ocrx_word' id='word_1_325' title='bbox 3105 1897 3302 1971; x_wconf 91' lang='lat' dir='ltr'>sicut</span> <span class='ocrx_word' id='word_1_326' title='bbox 3361 1896 3577 1994; x_wconf 84' lang='lat' dir='ltr'>prius</span> <span class='ocrx_word' id='word_1_327' title='bbox 3631 1895 3792 1968; x_wconf 90' lang='lat' dir='ltr'>dic-</span> 
     </span>
     <span class='ocr_line' id='line_1_56' title="bbox 2241 2013 3790 2115; baseline -0.002 -26"><span class='ocrx_word' id='word_1_328' title='bbox 2241 2025 2401 2090; x_wconf 89' lang='lat' dir='ltr'>tum</span> <span class='ocrx_word' id='word_1_329' title='bbox 2426 2025 2567 2106; x_wconf 82' lang='lat' dir='ltr'>est,</span> <span class='ocrx_word' id='word_1_330' title='bbox 2615 2016 2818 2115; x_wconf 89' lang='lat' dir='ltr'>quod</span> <span class='ocrx_word' id='word_1_331' title='bbox 2866 2015 3093 2089; x_wconf 86' lang='lat' dir='ltr'>unica</span> <span class='ocrx_word' id='word_1_332' title='bbox 3132 2024 3245 2090; x_wconf 89' lang='lat' dir='ltr'>est</span> <span class='ocrx_word' id='word_1_333' title='bbox 3316 2013 3598 2112; x_wconf 82' lang='lat' dir='ltr'>passiO,</span> <span class='ocrx_word' id='word_1_334' title='bbox 3638 2036 3790 2110; x_wconf 89' lang='lat' dir='ltr'>qua</span> 
     </span>
     <span class='ocr_line' id='line_1_57' title="bbox 2241 2136 3789 2233; baseline -0.001 -23"><span class='ocrx_word' id='word_1_335' title='bbox 2241 2139 2479 2211; x_wconf 91' lang='lat' dir='ltr'>multa</span> <span class='ocrx_word' id='word_1_336' title='bbox 2511 2137 3111 2212; x_wconf 89' lang='lat' dir='ltr'>denominantur</span> <span class='ocrx_word' id='word_1_337' title='bbox 3141 2136 3219 2209; x_wconf 94' lang='lat' dir='ltr'>in</span> <span class='ocrx_word' id='word_1_338' title='bbox 3258 2136 3581 2210; x_wconf 78' lang='lat' dir='ltr'>factione</span> <span class='ocrx_word' id='word_1_339' title='bbox 3624 2158 3789 2233; x_wconf 91' lang='lat' dir='ltr'>pas-</span> 
     </span>
     <span class='ocr_line' id='line_1_58' title="bbox 2237 2249 3788 2351; baseline -0.003 -25"><span class='ocrx_word' id='word_1_340' title='bbox 2237 2252 2428 2346; x_wconf 89' lang='lat' dir='ltr'>siva,</span> <span class='ocrx_word' id='word_1_341' title='bbox 2536 2251 2640 2326; x_wconf 91' lang='lat' dir='ltr'>ita</span> <span class='ocrx_word' id='word_1_342' title='bbox 2763 2252 2969 2351; x_wconf 87' lang='lat' dir='ltr'>quod</span> <span class='ocrx_word' id='word_1_343' title='bbox 3091 2249 3595 2350; x_wconf 78' lang='lat' dir='ltr'>praeordinari</span> <span class='ocrx_word' id='word_1_344' title='bbox 3712 2258 3788 2324; x_wconf 90' lang='lat' dir='ltr'>et</span> 
     </span>
     <span class='ocr_line' id='line_1_59' title="bbox 2237 2367 3777 2466; baseline -0.002 -24"><span class='ocrx_word' id='word_1_345' title='bbox 2237 2369 2757 2466; x_wconf 74' lang='lat' dir='ltr'>praeordinare</span> <span class='ocrx_word' id='word_1_346' title='bbox 2863 2370 3102 2445; x_wconf 88' lang='lat' dir='ltr'>multa</span> <span class='ocrx_word' id='word_1_347' title='bbox 3190 2367 3692 2443; x_wconf 87' lang='lat' dir='ltr'>denominant</span> <span class='ocrx_word' id='word_1_348' title='bbox 3759 2395 3777 2460; x_wconf 99' lang='lat'>3</span> 
     </span>
     <span class='ocr_line' id='line_1_60' title="bbox 2236 2485 3783 2584; baseline -0.001 -25"><span class='ocrx_word' id='word_1_349' title='bbox 2236 2485 2407 2560; x_wconf 90' lang='lat' dir='ltr'>ideo</span> <span class='ocrx_word' id='word_1_350' title='bbox 2450 2485 2686 2560; x_wconf 88' lang='lat' dir='ltr'>Filius</span> <span class='ocrx_word' id='word_1_351' title='bbox 2718 2486 2856 2561; x_wconf 91' lang='lat' dir='ltr'>Dei</span> <span class='ocrx_word' id='word_1_352' title='bbox 2915 2485 3165 2584; x_wconf 91' lang='lat' dir='ltr'>primo</span> <span class='ocrx_word' id='word_1_353' title='bbox 3232 2495 3346 2561; x_wconf 89' lang='lat' dir='ltr'>est</span> <span class='ocrx_word' id='word_1_354' title='bbox 3410 2485 3783 2584; x_wconf 79' lang='lat' dir='ltr'>praeordi-</span> 
     </span>
     <span class='ocr_line' id='line_1_61' title="bbox 2237 2603 3772 2696; baseline 0.001 -21"><span class='ocrx_word' id='word_1_355' title='bbox 2237 2611 2463 2677; x_wconf 90' lang='lat' dir='ltr'>natus</span> <span class='ocrx_word' id='word_1_356' title='bbox 2494 2626 2660 2677; x_wconf 89' lang='lat' dir='ltr'>esse</span> <span class='ocrx_word' id='word_1_357' title='bbox 2694 2604 2971 2696; x_wconf 89' lang='lat' dir='ltr'>homo;</span> <span class='ocrx_word' id='word_1_358' title='bbox 3009 2603 3350 2678; x_wconf 88' lang='lat' dir='ltr'>secundo</span> <span class='ocrx_word' id='word_1_359' title='bbox 3400 2626 3439 2678; x_wconf 91' lang='lat' dir='ltr'>e</span> <span class='ocrx_word' id='word_1_360' title='bbox 3482 2612 3772 2696; x_wconf 89' lang='lat' dir='ltr'>contra,</span> 
     </span>
    </p>
   </div>
   <div class='ocr_carea' id='block_1_15' title="bbox 3866 2603 4143 2653">
    <p class='ocr_par' dir='ltr' id='par_1_29' title="bbox 3866 2603 4143 2653">
     <span class='ocr_line' id='line_1_62' title="bbox 3866 2603 4143 2653; baseline 0 0"><span class='ocrx_word' id='word_1_361' title='bbox 3866 2603 4007 2653; x_wconf 89' lang='lat' dir='ltr'>Ordo</span> <span class='ocrx_word' id='word_1_362' title='bbox 4037 2606 4097 2653; x_wconf 84' lang='lat' dir='ltr'>in</span> <span class='ocrx_word' id='word_1_363' title='bbox 4140 2614 4143 2615; x_wconf 72' lang='grc'>’</span> 
     </span>
    </p>
   </div>
   <div class='ocr_carea' id='block_1_16' title="bbox 3821 2667 4109 2730">
    <p class='ocr_par' dir='ltr' id='par_1_30' title="bbox 3821 2667 4109 2730">
     <span class='ocr_line' id='line_1_63' title="bbox 3821 2667 4109 2730; baseline 0.01 -15"><span class='ocrx_word' id='word_1_364' title='bbox 3821 2667 4109 2730; x_wconf 70' lang='lat' dir='ltr'>praedesti-</span> 
     </span>
    </p>
   </div>
   <div class='ocr_carea' id='block_1_17' title="bbox 2236 2718 4100 2816">
    <p class='ocr_par' dir='ltr' id='par_1_31' title="bbox 2236 2718 4100 2816">
     <span class='ocr_line' id='line_1_64' title="bbox 2236 2718 4100 2816; baseline 0 -25"><span class='ocrx_word' id='word_1_365' title='bbox 2236 2718 2362 2793; x_wconf 91' lang='lat' dir='ltr'>ille</span> <span class='ocrx_word' id='word_1_366' title='bbox 2426 2720 2656 2793; x_wconf 90' lang='lat' dir='ltr'>homo</span> <span class='ocrx_word' id='word_1_367' title='bbox 2734 2719 3327 2816; x_wconf 79' lang='lat' dir='ltr'>praedestinatus</span> <span class='ocrx_word' id='word_1_368' title='bbox 3415 2727 3529 2793; x_wconf 90' lang='lat' dir='ltr'>est</span> <span class='ocrx_word' id='word_1_369' title='bbox 3609 2743 3776 2793; x_wconf 87' lang='lat' dir='ltr'>esse</span> <span class='ocrx_word' id='word_1_370' title='bbox 3857 2731 4100 2780; x_wconf 75' lang='lat' dir='ltr'>natione·</span> 
     </span>
    </p>
   </div>
   <div class='ocr_carea' id='block_1_18' title="bbox 2224 2832 3790 4683">
    <p class='ocr_par' dir='ltr' id='par_1_32' title="bbox 2237 2832 3788 3375">
     <span class='ocr_line' id='line_1_65' title="bbox 2237 2832 3779 2923; baseline 0.003 -19"><span class='ocrx_word' id='word_1_371' title='bbox 2237 2832 2444 2908; x_wconf 83' lang='lat' dir='ltr'>filius</span> <span class='ocrx_word' id='word_1_372' title='bbox 2485 2833 2624 2908; x_wconf 92' lang='lat' dir='ltr'>Dei</span> <span class='ocrx_word' id='word_1_373' title='bbox 2663 2859 2677 2923; x_wconf 90' lang='lat'>3</span> <span class='ocrx_word' id='word_1_374' title='bbox 2724 2834 2999 2908; x_wconf 88' lang='lat' dir='ltr'>deinde</span> <span class='ocrx_word' id='word_1_375' title='bbox 3037 2835 3253 2909; x_wconf 90' lang='lat' dir='ltr'>tertio</span> <span class='ocrx_word' id='word_1_376' title='bbox 3317 2835 3498 2908; x_wconf 90' lang='lat' dir='ltr'>unio</span> <span class='ocrx_word' id='word_1_377' title='bbox 3553 2844 3779 2909; x_wconf 89' lang='lat' dir='ltr'>natu-</span> 
     </span>
     <span class='ocr_line' id='line_1_66' title="bbox 2241 2950 3783 3049; baseline 0.001 -26"><span class='ocrx_word' id='word_1_378' title='bbox 2241 2974 2344 3025; x_wconf 84' lang='lat' dir='ltr'>rae</span> <span class='ocrx_word' id='word_1_379' title='bbox 2386 2950 2479 3025; x_wconf 89' lang='lat' dir='ltr'>ad</span> <span class='ocrx_word' id='word_1_380' title='bbox 2510 2950 2848 3024; x_wconf 90' lang='lat' dir='ltr'>Verbum</span> <span class='ocrx_word' id='word_1_381' title='bbox 2892 2980 2910 3045; x_wconf 94' lang='lat'>3</span> <span class='ocrx_word' id='word_1_382' title='bbox 2958 2950 3232 3026; x_wconf 89' lang='lat' dir='ltr'>deinde</span> <span class='ocrx_word' id='word_1_383' title='bbox 3292 2960 3564 3049; x_wconf 90' lang='lat' dir='ltr'>quarto</span> <span class='ocrx_word' id='word_1_384' title='bbox 3635 2975 3783 3025; x_wconf 90' lang='lat' dir='ltr'>me-</span> 
     </span>
     <span class='ocr_line' id='line_1_67' title="bbox 2240 3067 3783 3166; baseline 0.002 -27"><span class='ocrx_word' id='word_1_385' title='bbox 2240 3067 2383 3141; x_wconf 88' lang='lat' dir='ltr'>rita</span> <span class='ocrx_word' id='word_1_386' title='bbox 2415 3069 2836 3143; x_wconf 86' lang='lat' dir='ltr'>electorum</span> <span class='ocrx_word' id='word_1_387' title='bbox 2874 3095 2892 3161; x_wconf 98' lang='lat'>3</span> <span class='ocrx_word' id='word_1_388' title='bbox 2932 3068 3207 3142; x_wconf 90' lang='lat' dir='ltr'>deinde</span> <span class='ocrx_word' id='word_1_389' title='bbox 3249 3068 3517 3166; x_wconf 76' lang='lat' dir='ltr'>quinto</span> <span class='ocrx_word' id='word_1_390' title='bbox 3560 3091 3783 3142; x_wconf 89' lang='lat' dir='ltr'>casus</span> 
     </span>
     <span class='ocr_line' id='line_1_68' title="bbox 2240 3183 3788 3283; baseline 0.003 -28"><span class='ocrx_word' id='word_1_391' title='bbox 2240 3185 2616 3257; x_wconf 88' lang='lat' dir='ltr'>malorum</span> <span class='ocrx_word' id='word_1_392' title='bbox 2652 3209 2667 3271; x_wconf 87' lang='lat'>3</span> <span class='ocrx_word' id='word_1_393' title='bbox 2715 3183 2991 3258; x_wconf 90' lang='lat' dir='ltr'>deinde</span> <span class='ocrx_word' id='word_1_394' title='bbox 3016 3184 3437 3283; x_wconf 88' lang='lat' dir='ltr'>redemptio</span> <span class='ocrx_word' id='word_1_395' title='bbox 3467 3209 3604 3283; x_wconf 90' lang='lat' dir='ltr'>per</span> <span class='ocrx_word' id='word_1_396' title='bbox 3638 3209 3788 3260; x_wconf 89' lang='lat' dir='ltr'>me-</span> 
     </span>
     <span class='ocr_line' id='line_1_69' title="bbox 2240 3299 2800 3375; baseline -0.005 -2"><span class='ocrx_word' id='word_1_397' title='bbox 2240 3300 2643 3375; x_wconf 87' lang='lat' dir='ltr'>diatorem.</span> <span class='ocrx_word' id='word_1_398' title='bbox 2789 3299 2800 3309; x_wconf 83' lang='lat'>&#39;</span> 
     </span>
    </p>

    <p class='ocr_par' dir='ltr' id='par_1_33' title="bbox 2224 3418 3790 4683">
     <span class='ocr_line' id='line_1_70' title="bbox 2334 3418 3790 3517; baseline 0.002 -26"><span class='ocrx_word' id='word_1_399' title='bbox 2334 3418 2589 3513; x_wconf 79' lang='lat' dir='ltr'>DiceS,</span> <span class='ocrx_word' id='word_1_400' title='bbox 2637 3427 2934 3516; x_wconf 88' lang='lat' dir='ltr'>oportet</span> <span class='ocrx_word' id='word_1_401' title='bbox 2997 3418 3203 3517; x_wconf 90' lang='lat' dir='ltr'>quod</span> <span class='ocrx_word' id='word_1_402' title='bbox 3284 3418 3790 3516; x_wconf 75' lang='lat' dir='ltr'>praedestina—</span> 
     </span>
     <span class='ocr_line' id='line_1_71' title="bbox 2238 3535 3785 3634; baseline 0.001 -27"><span class='ocrx_word' id='word_1_403' title='bbox 2238 3535 2526 3609; x_wconf 90' lang='lat' dir='ltr'>tionem</span> <span class='ocrx_word' id='word_1_404' title='bbox 2559 3536 2944 3633; x_wconf 78' lang='lat' dir='ltr'>praecedat</span> <span class='ocrx_word' id='word_1_405' title='bbox 2976 3535 3489 3634; x_wconf 89' lang='lat' dir='ltr'>suppositum,</span> <span class='ocrx_word' id='word_1_406' title='bbox 3527 3547 3600 3611; x_wconf 91' lang='lat' dir='ltr'>et</span> <span class='ocrx_word' id='word_1_407' title='bbox 3631 3560 3785 3609; x_wconf 90' lang='lat' dir='ltr'>non</span> 
     </span>
     <span class='ocr_line' id='line_1_72' title="bbox 2237 3648 3788 3751; baseline 0.001 -26"><span class='ocrx_word' id='word_1_408' title='bbox 2237 3652 2485 3725; x_wconf 89' lang='lat' dir='ltr'>solum</span> <span class='ocrx_word' id='word_1_409' title='bbox 2533 3661 2835 3726; x_wconf 90' lang='lat' dir='ltr'>natura.</span> <span class='ocrx_word' id='word_1_410' title='bbox 2870 3648 3057 3725; x_wconf 89' lang='lat' dir='ltr'>Dico</span> <span class='ocrx_word' id='word_1_411' title='bbox 3101 3650 3306 3749; x_wconf 90' lang='lat' dir='ltr'>quod</span> <span class='ocrx_word' id='word_1_412' title='bbox 3360 3676 3511 3725; x_wconf 87' lang='lat' dir='ltr'>non</span> <span class='ocrx_word' id='word_1_413' title='bbox 3569 3676 3788 3751; x_wconf 89' lang='lat' dir='ltr'>opor-</span> 
     </span>
     <span class='ocr_line' id='line_1_73' title="bbox 2236 3769 3780 3866; baseline 0.001 -25"><span class='ocrx_word' id='word_1_414' title='bbox 2236 3776 2341 3842; x_wconf 92' lang='lat' dir='ltr'>tet</span> <span class='ocrx_word' id='word_1_415' title='bbox 2380 3769 2586 3866; x_wconf 90' lang='lat' dir='ltr'>quod</span> <span class='ocrx_word' id='word_1_416' title='bbox 2645 3769 2833 3842; x_wconf 91' lang='lat' dir='ltr'>illud</span> <span class='ocrx_word' id='word_1_417' title='bbox 2906 3769 3111 3865; x_wconf 90' lang='lat' dir='ltr'>quod</span> <span class='ocrx_word' id='word_1_418' title='bbox 3190 3769 3780 3866; x_wconf 78' lang='lat' dir='ltr'>praeordinatur,</span> 
     </span>
     <span class='ocr_line' id='line_1_74' title="bbox 2236 3885 3781 3983; baseline 0.003 -27"><span class='ocrx_word' id='word_1_419' title='bbox 2236 3885 2621 3983; x_wconf 85' lang='lat' dir='ltr'>praecedat</span> <span class='ocrx_word' id='word_1_420' title='bbox 2735 3885 3248 3983; x_wconf 85' lang='lat' dir='ltr'>suppositum,</span> <span class='ocrx_word' id='word_1_421' title='bbox 3354 3885 3529 3959; x_wconf 90' lang='lat' dir='ltr'>licet</span> <span class='ocrx_word' id='word_1_422' title='bbox 3661 3888 3781 3961; x_wconf 88' lang='lat' dir='ltr'>cui</span> 
     </span>
     <span class='ocr_line' id='line_1_75' title="bbox 2236 4001 3784 4101; baseline 0.003 -28"><span class='ocrx_word' id='word_1_423' title='bbox 2236 4001 2802 4098; x_wconf 76' lang='lat' dir='ltr'>praeordinatur</span> <span class='ocrx_word' id='word_1_424' title='bbox 2870 4001 3253 4099; x_wconf 71' lang='lat' dir='ltr'>praecedat</span> <span class='ocrx_word' id='word_1_425' title='bbox 3313 4003 3784 4101; x_wconf 73' lang='lat' dir='ltr'>praeordina-</span> 
     </span>
     <span class='ocr_line' id='line_1_76' title="bbox 2236 4119 3780 4217; baseline 0.003 -26"><span class='ocrx_word' id='word_1_426' title='bbox 2236 4119 2653 4213; x_wconf 91' lang='lat' dir='ltr'>tum,sicut</span> <span class='ocrx_word' id='word_1_427' title='bbox 2696 4119 2759 4193; x_wconf 90' lang='lat' dir='ltr'>si</span> <span class='ocrx_word' id='word_1_428' title='bbox 2792 4119 3082 4217; x_wconf 89' lang='lat' dir='ltr'>aliquid</span> <span class='ocrx_word' id='word_1_429' title='bbox 3126 4121 3594 4217; x_wconf 56' lang='lat' dir='ltr'>praeordinat</span> <span class='ocrx_word' id='word_1_430' title='bbox 3635 4121 3780 4196; x_wconf 88' lang='lat' dir='ltr'>sibi</span> 
     </span>
     <span class='ocr_line' id='line_1_77' title="bbox 2236 4235 3779 4332; baseline 0.001 -23"><span class='ocrx_word' id='word_1_431' title='bbox 2236 4235 2547 4332; x_wconf 88' lang='lat' dir='ltr'>aliquod</span> <span class='ocrx_word' id='word_1_432' title='bbox 2613 4236 2931 4329; x_wconf 90' lang='lat' dir='ltr'>bonum,</span> <span class='ocrx_word' id='word_1_433' title='bbox 3009 4246 3089 4309; x_wconf 88' lang='lat' dir='ltr'>ut</span> <span class='ocrx_word' id='word_1_434' title='bbox 3174 4236 3265 4309; x_wconf 91' lang='lat' dir='ltr'>de</span> <span class='ocrx_word' id='word_1_435' title='bbox 3327 4236 3779 4311; x_wconf 88' lang='lat' dir='ltr'>celebrando</span> 
     </span>
     <span class='ocr_line' id='line_1_78' title="bbox 2224 4350 3777 4450; baseline 0.002 -25"><span class='ocrx_word' id='word_1_436' title='bbox 2224 4350 2385 4447; x_wconf 87' lang='lat' dir='ltr'>jam</span> <span class='ocrx_word' id='word_1_437' title='bbox 2426 4352 2772 4446; x_wconf 88' lang='lat' dir='ltr'>Missam,</span> <span class='ocrx_word' id='word_1_438' title='bbox 2803 4376 2958 4425; x_wconf 91' lang='lat' dir='ltr'>non</span> <span class='ocrx_word' id='word_1_439' title='bbox 3006 4361 3304 4450; x_wconf 90' lang='lat' dir='ltr'>oportet</span> <span class='ocrx_word' id='word_1_440' title='bbox 3343 4355 3546 4449; x_wconf 88' lang='lat' dir='ltr'>quod</span> <span class='ocrx_word' id='word_1_441' title='bbox 3590 4354 3777 4428; x_wconf 85' lang='lat' dir='ltr'>illud</span> 
     </span>
     <span class='ocr_line' id='line_1_79' title="bbox 2234 4470 3779 4569; baseline 0 -25"><span class='ocrx_word' id='word_1_442' title='bbox 2234 4470 2522 4544; x_wconf 90' lang='lat' dir='ltr'>bonum</span> <span class='ocrx_word' id='word_1_443' title='bbox 2557 4470 2940 4569; x_wconf 79' lang='lat' dir='ltr'>praecedat</span> <span class='ocrx_word' id='word_1_444' title='bbox 3008 4470 3194 4543; x_wconf 90' lang='lat' dir='ltr'>illud</span> <span class='ocrx_word' id='word_1_445' title='bbox 3238 4470 3361 4544; x_wconf 91' lang='lat' dir='ltr'>cui</span> <span class='ocrx_word' id='word_1_446' title='bbox 3406 4473 3779 4568; x_wconf 86' lang='lat' dir='ltr'>praeordi-</span> 
     </span>
     <span class='ocr_line' id='line_1_80' title="bbox 2233 4585 3773 4683; baseline 0.002 -25"><span class='ocrx_word' id='word_1_447' title='bbox 2233 4595 2486 4679; x_wconf 89' lang='lat' dir='ltr'>natur,</span> <span class='ocrx_word' id='word_1_448' title='bbox 2539 4585 2710 4660; x_wconf 89' lang='lat' dir='ltr'>ideo</span> <span class='ocrx_word' id='word_1_449' title='bbox 2787 4585 3032 4683; x_wconf 90' lang='lat' dir='ltr'>primo</span> <span class='ocrx_word' id='word_1_450' title='bbox 3120 4595 3232 4660; x_wconf 86' lang='lat' dir='ltr'>est</span> <span class='ocrx_word' id='word_1_451' title='bbox 3309 4586 3546 4661; x_wconf 89' lang='lat' dir='ltr'>Filius</span> <span class='ocrx_word' id='word_1_452' title='bbox 3638 4589 3773 4663; x_wconf 90' lang='lat' dir='ltr'>Dei</span> 
     </span>
    </p>
   </div>
   <div class='ocr_carea' id='block_1_19' title="bbox 2232 4703 3889 4800">
    <p class='ocr_par' dir='ltr' id='par_1_34' title="bbox 2232 4703 3889 4800">
     <span class='ocr_line' id='line_1_81' title="bbox 2232 4703 3889 4800; baseline 0.004 -25"><span class='ocrx_word' id='word_1_453' title='bbox 2232 4703 2821 4800; x_wconf 71' lang='lat' dir='ltr'>prfedestinatus</span> <span class='ocrx_word' id='word_1_454' title='bbox 2862 4726 3029 4778; x_wconf 90' lang='lat' dir='ltr'>esse</span> <span class='ocrx_word' id='word_1_455' title='bbox 3083 4703 3441 4797; x_wconf 90' lang='lat' dir='ltr'>hom0,et</span> <span class='ocrx_word' id='word_1_456' title='bbox 3495 4728 3775 4780; x_wconf 87' lang='lat' dir='ltr'>secun-</span> <span class='ocrx_word' id='word_1_457' title='bbox 3886 4780 3889 4783; x_wconf 76' lang='grc'>,</span> 
     </span>
    </p>
   </div>
   <div class='ocr_carea' id='block_1_20' title="bbox 2231 4821 3157 4896">
    <p class='ocr_par' dir='ltr' id='par_1_35' title="bbox 2231 4821 3157 4896">
     <span class='ocr_line' id='line_1_82' title="bbox 2231 4821 3157 4896; baseline 0 -2"><span class='ocrx_word' id='word_1_458' title='bbox 2231 4821 2327 4895; x_wconf 91' lang='lat' dir='ltr'>do</span> <span class='ocrx_word' id='word_1_459' title='bbox 2361 4821 2485 4896; x_wconf 87' lang='lat' dir='ltr'>ille</span> <span class='ocrx_word' id='word_1_460' title='bbox 2530 4823 2759 4896; x_wconf 91' lang='lat' dir='ltr'>homo</span> <span class='ocrx_word' id='word_1_461' title='bbox 2794 4846 2833 4896; x_wconf 92' lang='lat' dir='ltr'>e</span> <span class='ocrx_word' id='word_1_462' title='bbox 2867 4830 3157 4896; x_wconf 89' lang='lat' dir='ltr'>contra.</span> 
     </span>
    </p>
   </div>
   <div class='ocr_carea' id='block_1_21' title="bbox 2759 5078 3233 5136">
    <p class='ocr_par' dir='ltr' id='par_1_36' title="bbox 2759 5078 3233 5136">
     <span class='ocr_line' id='line_1_83' title="bbox 2759 5078 3233 5136; baseline 0.002 -1"><span class='ocrx_word' id='word_1_463' title='bbox 2759 5078 3122 5135; x_wconf 85' lang='lat' dir='ltr'>SCHOLIUM</span> <span class='ocrx_word' id='word_1_464' title='bbox 3165 5080 3233 5136; x_wconf 91' lang='lat'>11.</span> 
     </span>
    </p>
   </div>
   <div class='ocr_carea' id='block_1_22' title="bbox 2225 5227 3766 5750">
    <p class='ocr_par' dir='ltr' id='par_1_37' title="bbox 2225 5227 3766 5750">
     <span class='ocr_line' id='line_1_84' title="bbox 2300 5227 3764 5297; baseline 0.004 -14"><span class='ocrx_word' id='word_1_465' title='bbox 2300 5228 2552 5284; x_wconf 87' lang='lat' dir='ltr'>Verbum</span> <span class='ocrx_word' id='word_1_466' title='bbox 2587 5227 2766 5284; x_wconf 75' lang='lat' dir='ltr'>ruisse</span> <span class='ocrx_word' id='word_1_467' title='bbox 2805 5227 3253 5297; x_wconf 75' lang='lat' dir='ltr'>incarnandum,</span> <span class='ocrx_word' id='word_1_468' title='bbox 3303 5229 3536 5287; x_wconf 86' lang='lat' dir='ltr'>etiamsi</span> <span class='ocrx_word' id='word_1_469' title='bbox 3579 5234 3764 5289; x_wconf 85' lang='lat' dir='ltr'>Adam</span> 
     </span>
     <span class='ocr_line' id='line_1_85' title="bbox 2228 5318 3765 5391; baseline 0.005 -16"><span class='ocrx_word' id='word_1_470' title='bbox 2228 5335 2342 5375; x_wconf 88' lang='lat' dir='ltr'>non</span> <span class='ocrx_word' id='word_1_471' title='bbox 2376 5334 2663 5391; x_wconf 78' lang='lat' dir='ltr'>peccasse.</span> <span class='ocrx_word' id='word_1_472' title='bbox 2698 5320 2782 5373; x_wconf 82' lang='lat' dir='ltr'>Ita</span> <span class='ocrx_word' id='word_1_473' title='bbox 2812 5318 3085 5375; x_wconf 84' lang='lat' dir='ltr'>Doctores</span> <span class='ocrx_word' id='word_1_474' title='bbox 3124 5320 3283 5376; x_wconf 82' lang='lat' dir='ltr'>citati</span> <span class='ocrx_word' id='word_1_475' title='bbox 3312 5337 3443 5378; x_wconf 88' lang='lat' dir='ltr'>cum</span> <span class='ocrx_word' id='word_1_476' title='bbox 3476 5323 3665 5382; x_wconf 80' lang='lat' dir='ltr'>Scoto,</span> <span class='ocrx_word' id='word_1_477' title='bbox 3697 5327 3765 5383; x_wconf 86' lang='lat' dir='ltr'>Et</span> 
     </span>
     <span class='ocr_line' id='line_1_86' title="bbox 2227 5406 3762 5479; baseline 0.005 -16"><span class='ocrx_word' id='word_1_478' title='bbox 2227 5407 2388 5479; x_wconf 86' lang='lat' dir='ltr'>ponit</span> <span class='ocrx_word' id='word_1_479' title='bbox 2420 5408 2655 5464; x_wconf 88' lang='lat' dir='ltr'>modum</span> <span class='ocrx_word' id='word_1_480' title='bbox 2698 5406 2950 5463; x_wconf 83' lang='lat' dir='ltr'>solvendi</span> <span class='ocrx_word' id='word_1_481' title='bbox 2996 5408 3369 5466; x_wconf 82' lang='lat' dir='ltr'>auctoritates</span> <span class='ocrx_word' id='word_1_482' title='bbox 3417 5411 3477 5467; x_wconf 89' lang='lat' dir='ltr'>in</span> <span class='ocrx_word' id='word_1_483' title='bbox 3524 5420 3762 5470; x_wconf 86' lang='lat' dir='ltr'>contra-</span> 
     </span>
     <span class='ocr_line' id='line_1_87' title="bbox 2227 5491 3758 5569; baseline 0.008 -18"><span class='ocrx_word' id='word_1_484' title='bbox 2227 5497 2405 5563; x_wconf 86' lang='lat' dir='ltr'>rium,</span> <span class='ocrx_word' id='word_1_485' title='bbox 2430 5497 2579 5569; x_wconf 91' lang='lat' dir='ltr'>quod</span> <span class='ocrx_word' id='word_1_486' title='bbox 2614 5501 2838 5553; x_wconf 84' lang='lat' dir='ltr'>tautum</span> <span class='ocrx_word' id='word_1_487' title='bbox 2876 5496 3191 5553; x_wconf 85' lang='lat' dir='ltr'>intendunt</span> <span class='ocrx_word' id='word_1_488' title='bbox 3222 5515 3337 5555; x_wconf 89' lang='lat' dir='ltr'>non</span> <span class='ocrx_word' id='word_1_489' title='bbox 3395 5491 3581 5559; x_wconf 32' lang='lat' dir='ltr'>fuisse*</span> <span class='ocrx_word' id='word_1_490' title='bbox 3621 5523 3758 5563; x_wconf 85' lang='lat' dir='ltr'>ven·</span> 
     </span>
     <span class='ocr_line' id='line_1_88' title="bbox 2227 5586 3766 5670; baseline 0.003 -26"><span class='ocrx_word' id='word_1_491' title='bbox 2227 5594 2418 5644; x_wconf 85' lang='lat' dir='ltr'>turum</span> <span class='ocrx_word' id='word_1_492' title='bbox 2448 5586 2702 5644; x_wconf 86' lang='lat' dir='ltr'>Verbum</span> <span class='ocrx_word' id='word_1_493' title='bbox 2733 5588 2792 5643; x_wconf 89' lang='lat' dir='ltr'>in</span> <span class='ocrx_word' id='word_1_494' title='bbox 2840 5604 3011 5643; x_wconf 84' lang='lat' dir='ltr'>carne</span> <span class='ocrx_word' id='word_1_495' title='bbox 3052 5588 3337 5660; x_wconf 82' lang='lat' dir='ltr'>passibili,</span> <span class='ocrx_word' id='word_1_496' title='bbox 3384 5593 3484 5647; x_wconf 82' lang='lat' dir='ltr'>sed</span> <span class='ocrx_word' id='word_1_497' title='bbox 3538 5595 3595 5650; x_wconf 87' lang='lat' dir='ltr'>in</span> <span class='ocrx_word' id='word_1_498' title='bbox 3648 5598 3766 5670; x_wconf 87' lang='lat' dir='ltr'>glo-</span> 
     </span>
     <span class='ocr_line' id='line_1_89' title="bbox 2225 5676 3758 5750; baseline 0.005 -17"><span class='ocrx_word' id='word_1_499' title='bbox 2225 5677 2400 5746; x_wconf 81' lang='lat' dir='ltr'>riosa,</span> <span class='ocrx_word' id='word_1_500' title='bbox 2434 5676 2546 5735; x_wconf 87' lang='lat' dir='ltr'>nisi</span> <span class='ocrx_word' id='word_1_501' title='bbox 2581 5676 2785 5734; x_wconf 77' lang='lat' dir='ltr'>luisset</span> <span class='ocrx_word' id='word_1_502' title='bbox 2823 5681 3122 5749; x_wconf 80' lang='lat' dir='ltr'>peccatum</span> <span class='ocrx_word' id='word_1_503' title='bbox 3146 5679 3418 5750; x_wconf 86' lang='lat' dir='ltr'>passione</span> <span class='ocrx_word' id='word_1_504' title='bbox 3471 5685 3758 5747; x_wconf 68' lang='lat' dir='ltr'>rediment.</span> 
     </span>
    </p>
   </div>
  </div>
 </body>
</html>
