4295 6326
648 410 780 477 568

653 581 800 655 suit
824 591 1004 656 ωηο
1029 580 1328 679 privata
1348 604 1705 680 persona,
1736 590 1809 655 et
1837 604 1987 654 non
2014 604 2207 678 prae-

658 723 747 773 co
818 700 1059 795 legis3
1135 723 1276 773 nec
1346 699 1483 771 suit
1544 698 1971 796 discipulus
2039 698 2207 795 ejus

660 824 843 891 tunc
912 816 1308 912 temporiS,
1385 814 1696 912 quando
1777 814 1908 887 illa
1971 815 2206 888 verba

663 935 972 1008 luerunt
1029 932 1174 1005 sibi
1219 933 1446 1006 dicta.
1521 932 1679 1005 Nec
1736 931 1961 1004 etiam
2024 940 2205 1005 tunc

661 1049 1060 1123 institutus
1118 1058 1232 1122 est
1290 1049 1571 1146 primo,
1615 1048 1960 1144 *quando
2021 1048 2209 1120 dixit

660 1174 833 1265 post
868 1165 1510 1239 resurrectionem
1564 1164 1837 1238 Matth.
1895 1148 2199 1239 ultimo:

659 1286 802 1378 Ile,
876 1295 1020 1360 etc.
1070 1284 1555 1381 baptizantes
1631 1308 1782 1377 eos,
1845 1293 1985 1358 etc.
2025 1285 2208 1381 quia

660 1413 835 1478 ante
947 1403 1383 1501 passionem
1473 1402 1828 1501 discipuli
1928 1404 2208 1475 multos

662 1522 1268 1620 baptizaverunt.
1359 1520 1575 1595 Patet
1636 1519 1911 1594 Matth.
1984 1546 2055 1591 x.
2130 1519 2201 1589 5.

660 1637 970 1735 quando
1034 1637 1225 1710 dixit
1258 1638 1398 1730 eiS,
1461 1638 1541 1711 in
1590 1638 1797 1710 viam
1847 1635 2206 1708 Gentium

658 1778 753 1827 ne
780 1753 1154 1845 abieritis,
1180 1754 1316 1827 sed
1345 1755 1448 1827 ad
1471 1753 1671 1826 solos
1694 1752 1902 1848 filios
1931 1751 2201 1825 Israel.

663 1866 848 1940 Post
877 1865 1321 1965 passionem
1365 1875 1616 1939 autem
1679 1889 1830 1938 non
1862 1873 2023 1937 erat
2063 1866 2207 1938 hoc

662 1985 1249 2058 Sacramentum
1287 1984 1532 2080 primo
1567 1983 2027 2069 institutum,
2074 1980 2206 2055 sed

662 2100 968 2199 publice
997 2099 1495 2196 praedicatum
1531 2109 1604 2173 et
1636 2099 2203 2195 promulgatum

662 2240 858 2309 esse,
907 2225 981 2290 et
1050 2216 1323 2290 cadere
1394 2217 1537 2291 sub
1599 2224 2011 2313 praecept0‚
2054 2237 2208 2311 quo

661 2342 825 2408 erat
870 2334 1472 2430 promulgatum.
1556 2332 1766 2406 Licet
1831 2356 2014 2427 ergo
2070 2356 2212 2406 ne-

663 2449 954 2524 sciatur
978 2472 1021 2522 a
1045 2448 1267 2522 nobis
1288 2460 1579 2522 certum
1605 2460 1911 2546 tempus
1942 2448 2211 2546 primae

664 2564 1214 2662 impositionis,
1262 2564 1424 2638 sive
1468 2564 1970 2638 institutionis
2012 2565 2207 2659 ejus,

662 2692 959 2758 certum
1054 2692 1169 2756 est
1245 2691 1495 2756 tamen
1583 2683 1787 2779 quod
1870 2682 1964 2755 ab
2043 2682 2211 2780 ipso

660 2798 963 2872 Christo
1027 2796 1467 2871 immediate
1539 2797 1678 2871 suit
1717 2796 2206 2890 institutum3

663 2923 737 2990 et
793 2913 1210 2988 verisimile
1266 2922 1380 2987 est
1415 2913 1621 3010 quod
1655 2922 1863 3001 ωηο,
1901 2913 2212 3011 quando

663 3055 950 3104 vocans
1035 3029 1484 3127 discipulOS,
1549 3030 1734 3103 Luc.
1803 3030 1918 3102 10.
2000 3030 2218 3103 misit

665 3172 789 3223 eos
822 3146 1039 3222 binos
1098 3152 1273 3222 ante
1313 3147 1594 3245 faciem
1633 3171 1853 3221 suam
1906 3146 1984 3221 in
2045 3171 2213 3221 om-

664 3289 840 3338 nem
872 3265 1253 3339 civitatem
1288 3270 1363 3338 et
1382 3264 1655 3348 locum,
1681 3287 1825 3362 quo
1859 3270 2023 3338 erat
2049 3265 2214 3361 ipse

669 3387 1056 3474 venturas,
1102 3386 1178 3455 et
1212 3379 1423 3454 dedit
1448 3379 1568 3454 'eis
1600 3386 2047 3478 potestatem
2092 3405 2216 3455 cu-

668 3495 900 3570 randi
965 3494 1344 3590 infirmos,
1416 3506 1489 3569 et
1564 3496 2062 3592 praedicandi,
2140 3506 2214 3571 et

667 3613 1060 3686 daemones
1088 3611 1513 3708 effugandi3
1551 3621 1624 3687 et
1650 3613 2065 3688 verisimile
2098 3623 2213 3688 est

667 3729 871 3826 quod
918 3729 1116 3803 sicut
1157 3739 1339 3802 tunc
1372 3729 1579 3803 dedit
1607 3730 1718 3804 eis
1758 3739 2211 3828 potestatem

663 3845 1160 3943 praedicandi,
1239 3845 1591 3938 sanandi,
1675 3856 1750 3920 et
1815 3848 2212 3924 daemones

666 3959 1126 4056 expellendi,
1172 3959 1275 4033 ita
1314 3968 1389 4033 et
1419 3959 1878 4058 baptizandi.

764 4076 874 4151 De
926 4076 1422 4151 Sacramento
1475 4077 1981 4152 Eucharistiae
2042 4102 2211 4153 cer-

670 4205 828 4266 tum
862 4200 975 4266 est
1015 4193 1218 4290 quod
1273 4193 1709 4268 immediate
1779 4195 1917 4267 suit
1969 4196 2062 4268 ab
2118 4218 2209 4270 eo

661 4309 1127 4402 institutum,
1229 4333 1401 4382 cum
1502 4310 1689 4383 dixit
1803 4310 1877 4382 in
1975 4314 2212 4386 Coena

660 4425 930 4498 Matth.
978 4425 1097 4498 26.
1146 4424 1313 4498 Hoc
1340 4423 1576 4523 facite
1604 4426 1683 4499 in
1718 4450 1968 4501 meam
2016 4451 2212 4501 com-

659 4542 1326 4634 memorationem,
1426 4550 1499 4616 et
1595 4542 1668 4615 id
1762 4545 2210 4640 praedicavit

548 4755 556 4765 ι
661 4661 910 4758 primo
961 4661 1193 4734 Joan.
1231 4659 1300 4732 6.
1360 4659 1670 4757 quando
1727 4659 1964 4734 dixit:
2009 4661 2206 4735 Caro

661 4802 831 4853 mea
862 4800 1037 4850 vere
1069 4783 1180 4850 est
1200 4775 1438 4868 cibas,
1500 4783 1573 4850 et
1628 4778 1942 4873 sanquis
1994 4802 2210 4853 meas

657 4917 835 4968 vere
867 4898 980 4967 est
995 4900 1250 4988 potus,
1287 4901 1386 4984 et,
1424 4892 1583 4966 nisi
1616 4892 2210 4969 mandacaveri-

657 5012 756 5086 tis
797 5033 1107 5084 carnem
1143 5007 1302 5105 filii
1326 5008 1687 5100 hominiS,
1725 5015 1796 5082 el
1864 5009 2209 5085 biberitis

661 5129 825 5227 ejas
885 5126 1368 5224 sanquinem,
1438 5135 1579 5200 etc.
1642 5136 1951 5224 propter
1999 5128 2206 5223 quod

660 5243 878 5318 multi
933 5242 1291 5316 abierunt
1340 5250 1783 5332 retrorsum,
1861 5252 1940 5316 ut
2002 5255 2209 5342 patet

662 5363 742 5434 in
781 5359 1115 5434 Joanne.

762 5477 869 5550 De
956 5472 1539 5548 confirmatione
1628 5473 1906 5548 dicitur
1999 5478 2203 5572 quod

342 4089 618 4139 Eucharis-

427 4154 533 4203 tiae.

315 5500 612 5553 Confirma-

332 5566 498 5616 tionin
527 5565 605 5613 iti·

352 5629 577 5680 ,tumim
663 5590 1205 5665 instituebatur
1268 5589 1576 5686 quando
1636 5589 2058 5664 insufflavit
2126 5593 2203 5665 in

2066 406 2308 474 LIBRI
2347 406 2467 476 IV.

2313 579 2733 678 discipulos
2801 605 3009 669 suoS‚
3083 583 3346 658 dicens
3419 609 3434 657 :
3506 583 3857 682 Accipite

2320 696 2707 793 Spiritum
2738 708 3113 784 sanctum,
3151 724 3473 797 quorum
3544 701 3860 775 remise-

2313 811 2484 885 ritis
2515 819 2858 906 peccata,
2895 822 3037 886 etc.
3090 814 3376 887 Joann.
3432 815 3551 886 20.
3617 814 3856 888 Credo

2314 936 2568 1000 tamen
2608 928 2886 1002 melius
2953 930 3158 1026 quod
3230 931 3369 1003 luit
3424 930 3855 1004 institutum

2318 1042 2395 1115 in
2460 1044 2940 1138 Pentecoste,
3037 1048 3345 1144 quando
3421 1048 3654 1122 misso
3748 1047 3860 1120 eis

2318 1160 2606 1258 Spiritu
2637 1174 2901 1236 sancto
2934 1188 3026 1238 ex
3094 1167 3315 1258 coe10,
3382 1166 3614 1240 locuti
3680 1174 3863 1239 sunt

2316 1276 3025 1373 diversislinguis;
3090 1290 3292 1378 patet
3360 1306 3452 1356 ex
3515 1282 3861 1356 similitu-

2314 1394 2491 1467 dine
2556 1393 2900 1487 eft‘ectus,
2983 1398 3163 1494 quia
3263 1399 3571 1496 quando
3668 1399 3858 1473 alios

2317 1511 2879 1587 confirmabant
2950 1515 3287 1611 Apostoli
3333 1522 3500 1613 “per
3553 1514 3858 1613 imposi-

2314 1628 2600 1702 tionem
2708 1654 3105 1723 manuum,
3195 1632 3443 1705 statim
3533 1632 3859 1706 dabatur

2316 1744 2786 1820 confirmatis
2852 1747 3183 1844 Spiritus
3242 1760 3582 1840 sanctuS,
3645 1760 3717 1822 et
3759 1749 3860 1821 lo-

2315 1862 3006 1958 quebanturvariis
3034 1865 3345 1961 linguis.
3381 1866 3600 1939 Unde
3620 1866 3853 1939 Joan.

2313 1978 2432 2050 20.
2472 1978 2684 2071 dixit,
2718 1979 2972 2054 sedete
3001 1980 3123 2053 hic
3149 1982 3388 2055 donee
3420 1981 3864 2078 impleami—

2313 2095 2403 2169 ni
2433 2094 2737 2193 Spiritu
2774 2105 3033 2171 sancto
3077 2122 3174 2171 ea:
3203 2098 3381 2172 alto.
3424 2097 3644 2185 Quod
3676 2120 3861 2193 ergo

2314 2211 2530 2309 prius
2587 2211 3010 2286 insufflavit
3103 2214 3178 2285 in
3289 2214 3429 2308 eis,
3512 2216 3656 2288 hoc
3724 2214 3865 2288 fuit

2315 2327 2654 2423 signum,
2700 2329 2903 2425 quod
2947 2339 3210 2426 postea
3244 2340 3404 2404 erat
3463 2330 3574 2404 eis
3634 2330 3862 2404 datu—

2315 2468 2446 2517 rus
2525 2444 2598 2516 in
2672 2444 3152 2537 Pentecoste,
3234 2446 3543 2542 quando
3645 2445 3861 2520 daret

2315 2560 2683 2659 Spiritum
2760 2572 3137 2655 sanctum,
3220 2572 3292 2636 et
3368 2563 3860 2637 confirmaret

2314 2702 2471 2754 eos.

2412 2795 2522 2869 De
2565 2795 3027 2870 Poenitentia
3066 2797 3366 2871 videtur
3413 2796 3765 2889 dubium,
3812 2820 3856 2871 a
4021 2850 4064 2914 4

2316 2934 2468 3008 quo
2520 2910 3061 2986 instituebatur
3105 2912 3378 3009 primo.
3435 2914 3526 2986 Et
3578 2912 3856 2986 dicitur
3913 2900 4184 3016 poeniieu-
4261 2960 4262 2965 =

2317 3028 2519 3126 quod
2553 3050 2598 3102 a
2629 3028 2862 3102 Beato
2893 3029 3206 3115 JacobO,
3266 3030 3489 3127 cujus
3544 3029 3856 3104 institu-
4002 3030 4111 3078 ¹³³⁸·

2316 3144 2421 3218 tio
2462 3142 2886 3218 secundum
2932 3169 3063 3220 eos
3121 3145 3495 3244 accipitur
3561 3146 3655 3221 ab
3724 3145 3854 3220 illo

2316 3259 2582 3352 verbo,
2615 3259 2877 3334 Jacob.
2916 3260 2985 3332 5.
3030 3259 3532 3357 Confitemini
3573 3261 3860 3337 altera-

2317 3383 2519 3450 tram
2573 3388 2894 3473 peccata
2969 3384 3243 3467 vestra,
3316 3385 3389 3452 et
3444 3386 3653 3453 orate
3709 3401 3856 3476 pro

2319 3494 2644 3567 invicem
2735 3502 2818 3568 ut
2901 3495 3334 3569 salvemini.
3419 3496 3568 3571 Sed
3656 3496 3856 3570 istud
3989 3520 4122 3570 vide

2318 3634 2472 3684 non
2540 3612 2766 3686 credo
2822 3636 2988 3687 esse
3065 3636 3366 3708 verum,
3441 3614 3625 3711 quia
3702 3637 3857 3686 non
3895 3583 4201 3696 Assssffssffdg‘

2322 3728 2562 3824 magis
2595 3728 3139 3804 instituebatur
3189 3754 3327 3828 per
3398 3755 3639 3804 unum
3681 3754 3863 3805 ver-
3890 3709 4052 3759 ⁰⁰⁰¹·
4084 3711 4199 3773 ‘¹'⁹'

2317 3845 2499 3919 bum
2558 3844 2852 3938 Jacobi,
2898 3868 3128 3942 quarn
3199 3870 3336 3943 per
3412 3847 3667 3939 aliud;
3725 3847 3860 3922 sed

2319 3983 2470 4034 non
2507 3959 2835 4035 instituit
2862 3959 3445 4035 Sacramentum
3480 3961 3863 4037 Poeniten-

2317 4073 2444 4147 tiae
2477 4073 2784 4170 quando
2826 4072 3039 4166 dixit,
3087 4081 3299 4149 orate
3338 4098 3481 4171 pro
3529 4075 3859 4150 invicem

2315 4197 2398 4262 ut
2447 4189 2880 4263 salvemini.
2926 4191 3232 4265 Certum
3303 4199 3418 4265 est
3494 4215 3676 4288 ergo
3719 4216 3861 4266 nec

2316 4328 2453 4402 per
2487 4305 2645 4398 illa,
2682 4305 3161 4402 confitemini
3188 4307 3642 4382 alterutrum
3680 4332 3864 4405 pec-

2315 4428 2483 4496 cata
2521 4428 2793 4516 vestra,
2838 4424 3019 4519 quia
3075 4446 3229 4519 qua
3285 4424 3577 4499 ratione
3637 4424 3862 4499 insti-

2314 4548 2661 4613 tueretur
2700 4539 3282 4615 Sacramentum
3318 4564 3453 4638 per
3484 4544 3650 4616 haec
3682 4565 3863 4615 ver-

2316 4658 2437 4743 ba,
2485 4658 2749 4732 eadem
2792 4658 3080 4732 ratione
3115 4667 3189 4732 et
3239 4682 3375 4756 per
3425 4661 3852 4757 sequentia,

2317 4785 2401 4848 ut
2433 4782 2642 4850 orale
2671 4799 2818 4872 pro
2873 4776 3206 4850 invicem
3272 4783 3357 4850 ut
3418 4776 3853 4852 salvemini.

2425 4893 2639 4984 Item,
2722 4892 3120 4966 absolvere
3219 4893 3720 4989 poenitentem
3814 4919 3860 4966 a

2316 5009 2654 5107 peccatis
2687 5009 3172 5083 solummodo
3213 5010 3575 5108 competit
3605 5033 3859 5084 sacer·

2317 5128 2472 5201 doti
2516 5151 2608 5201 ex
2669 5127 2970 5220 offici03
3016 5128 3148 5201 sed
3209 5151 3383 5201 cum
3439 5127 3622 5201 dicit
3674 5152 3859 5202 con-

2312 5241 2671 5339 fitemini,
2717 5255 2858 5317 etc.
2934 5241 3325 5342 specificat
3391 5244 3852 5332 sacerdoteS,

2316 5360 2598 5458 quibus
2640 5359 3014 5434 incumbit
3054 5369 3390 5457 potestas
3430 5382 3475 5434 a
3525 5360 3859 5458 peccatis

2315 5476 2762 5550 absolvendi
2830 5476 3511 5569 sacramentaliter,
3612 5477 3858 5574 magis

2315 5614 2543 5689 quam
2589 5590 2825 5665 laicos
2858 5619 2877 5685 ;
2913 5592 3046 5667 sed
3093 5591 3617 5668 indifferenter
3676 5595 3858 5668 hor-
