4295 6326
444 1551 687 1600 Formam

403 1625 723 1677 Gaereorum

409 1689 574 1739 {uisse
596 1684 725 1734 olim

409 1754 606 1805 licitam
646 1751 699 1796 et

408 1818 542 1867 forte
570 1810 730 1862 modo

411 1880 729 1945 apudipsos.

735 453 865 522 580

739 624 966 700 matis
1005 622 1204 696 inter
1245 642 1378 694 eos
1410 637 1670 706 causa,
1730 618 1809 685 ut
1875 615 2079 707 patet
2146 628 2284 703 per

740 742 1192 841 Apostolum
1265 737 1331 809 1.
1410 729 1754 809 Corinth.
1822 728 1887 799 1.
1971 734 2045 799 et
2110 723 2283 796 ideo

744 863 836 935 ad
872 857 1387 935 amovendum
1453 871 1762 925 causam
1819 845 2042 917 istius
2109 864 2289 915 con-

742 974 1110 1052 tentionis
1142 974 1342 1044 inter
1372 992 1529 1057 eos,
1561 963 1937 1063 permissa
1962 968 2077 1032 est
2103 967 2287 1030 tunc

746 1097 990 1169 forma
1022 1090 1387 1189 praedicta
1426 1080 1845 1159 observari.
1883 1075 2030 1151 Sed
2061 1072 2288 1147 credo

750 1211 956 1312 quod
985 1209 1126 1283 nisi
1164 1230 1369 1281 nunc
1404 1199 1817 1278 cessentab
1850 1196 1982 1269 illa
2014 1193 2285 1278 forma,

750 1342 824 1406 et
864 1336 1172 1405 *teneant
1233 1326 1548 1399 formam
1594 1333 2081 1394 communem
2151 1309 2295 1381 Ec-

754 1448 1040 1541 clesiae,
1078 1444 1284 1543 quod
1317 1449 1630 1541 peccent
1664 1430 2106 1513 mortaliter,
2146 1421 2293 1497 nisi

762 1563 984 1641 luerit
1024 1584 1197 1635 cum
1251 1556 1361 1633 eis
1428 1554 1980 1650 dispensatum.
2044 1536 2293 1614 Latini

759 1708 970 1776 vero,
1043 1679 1172 1777 qui
1238 1673 1607 1751 veraciter
1664 1668 1985 1744 credunt
2048 1663 2296 1735 Deum

763 1804 1013 1878 solum
1065 1795 1419 1872 ellectum
1486 1784 1857 1885 Baptismi
1917 1781 2291 1863 conferre,

769 1930 846 1994 ut
878 1916 1359 1993 assistentem
1394 1931 1532 1982 suo
1576 1904 1825 1999 signe,
1889 1907 1970 1973 ut
2013 1896 2109 1971 sit
2167 1918 2301 1968 ve-

762 2059 959 2121 rum,
1006 2040 1079 2106 et
1119 2051 1274 2102 non
1308 2022 1742 2097 ministrum
1772 2014 2296 2116 {baptizantem

759 2151 1105 2226 conterre
1160 2141 1543 2231 effectum,
1625 2157 1854 2232 quem
1925 2127 2298 2224 designat,

756 2275 1022 2343 tenent
1079 2265 1397 2337 [ormam
1473 2251 1820 2328 traditam
1891 2248 1986 2322 ab
2040 2245 2301 2319 Eccle-

755 2388 895 2479 sia,
942 2377 1349 2458 indicando
1391 2390 1800 2472 personam
1846 2359 2301 2463 baptizantis

757 2528 893 2603 per
973 2497 1295 2573 verbum
1376 2487 1875 2564 indicativum
1963 2478 2295 2578 baptizo.

767 2617 1015 2695 Graeci
1069 2614 1296 2689 etiam
1363 2606 1636 2683 melius
1705 2600 2135 2700 potuissent
2196 2593 2301 2668 uti

762 2737 931 2813 aliis
984 2729 1238 2807 verbis
1296 2747 1528 2824 quam
1608 2718 1800 2811 istie,
1874 2713 2306 2811 baptizetur

760 2874 1021 2928 servus
1074 2842 1387 2936 Christi,
1434 2837 1616 2937 quia
1648 2856 1797 2908 non
1864 2839 1978 2904 est
2034 2849 2305 2902 servus

765 2966 1059 3045 Christi.
1129 2972 1541 3056 antequam
1620 2949 2074 3049 baptizatur,
2173 2941 2305 3017 sed

765 3084 1193 3184 baptizatur
1229 3087 1307 3150 ut
1347 3073 1478 3148 fiat
1545 3090 1814 3144 servus
1872 3060 2175 3145 Christi,
2236 3065 2309 3132 et

769 3205 939 3278 ideo
1026 3221 1180 3272 non
1236 3200 1534 3292 ponunt
1600 3182 2073 3261 conveniens
2133 3201 2309 3251 sus-

770 3317 1154 3416 ceptivum
1214 3303 1610 3405 Baptismi,
1670 3299 1948 3375 Verius
2016 3319 2197 3390 ergo
2240 3300 2313 3367 et

772 3434 1211 3531 expressius
1258 3421 1709 3520 exprimitur
1748 3415 2030 3491 veritas
2081 3410 2312 3505 liujus

776 3542 1246 3624 Sacramenti
1287 3563 1421 3637 per
1461 3538 1776 3610 formam
1822 3548 2312 3605 communem

777 3666 1129 3741 traditam
1175 3661 1270 3736 ab
1304 3654 1669 3738 Ecclesia,
1716 3672 1943 3748 quam
1998 3670 2132 3743 per
2175 3645 2317 3718 for-

782 3806 978 3857 mam
1024 3782 1496 3854 Graecorum.

879 3901 987 3974 Ad
1039 3893 1513 3995 propositum
1564 3887 1759 3970 dico,
1820 3881 2022 3980 quod
2072 3886 2320 3951 muta-

778 4020 881 4094 tio
916 4019 1105 4090 lacta
1146 4009 1571 4086 secundum
1608 3998 2111 4077 substantiam
2161 4017 2320 4067 ver-

780 4138 1083 4219 borum,
1130 4153 1286 4203 non
1334 4146 1638 4222 semper
1715 4116 2100 4191 mutatve!
2149 4112 2321 4185 des-

782 4256 963 4332 truit
995 4253 1606 4327 Sacramentum.
1676 4241 1888 4313 Patet
1919 4235 2009 4308 de
2070 4242 2322 4306 muta-

780 4374 987 4446 tione
1023 4368 1433 4443 verborum
1465 4360 1538 4431 in
1572 4360 1836 4446 torma,
1896 4375 2049 4449 qua
2092 4359 2323 4422 utun-

781 4501 904 4564 tur
976 4484 1248 4562 Graeci.
1322 4479 1662 4554 Verbum
1738 4471 1941 4547 enim
2015 4465 2320 4565 baptiso

782 4605 1221 4703 exprimens
1262 4605 1516 4672 actum
1560 4614 1695 4689 per
1754 4585 2065 4661 modum
2119 4581 2323 4654 indi-

784 4724 1148 4812 cativum,
1198 4722 1494 4790 mutant
1529 4707 1674 4807 ipsi
1744 4706 1815 4778 in
1897 4701 2322 4799 optativum

785 4839 1241 4939 baptizetur,
1274 4841 1347 4905 et
1383 4828 1510 4903 ubi
1545 4849 1684 4899 nos
1710 4825 1874 4896 loco
1907 4816 2329 4914 suscipien-

783 4957 880 5030 tis
934 4953 1293 5052 ponimus
1369 4955 1465 5038 le,
1517 4942 1616 5016 ibi
1684 4945 1983 5037 ponunt
2064 4955 2328 5007 servus

791 5073 1101 5156 Christi,
1149 5076 1506 5142 ettamen
1563 5068 1975 5152 utrumque
2028 5060 2143 5125 est
2202 5072 2328 5121 ne-

785 5188 1201 5265 cessarium
1248 5183 1859 5263 Sacramentum,
1898 5180 1969 5243 et
2005 5177 2326 5262 utraque

788 5311 1031 5383 forma
1063 5304 1301 5377 salvat
1339 5298 1953 5371 Sacramentum.

2098 429 2339 501 LIBRI
2390 427 2509 497 lV.

2921 586 3286 647 SCHOLIUM
3328 586 3403 641 11.

2462 744 2693 798 Certum
2726 756 2852 794 esse
2882 738 2963 793 ait
3002 734 3138 791 olim
3179 731 3435 788 voluisse
3466 723 3826 796 Baptismum
3873 719 3927 773 in

2394 833 2628 888 nomine
2687 830 2899 885 Christi
2966 830 3092 882 sine
3160 819 3530 890 expressione
3609 810 3928 875 Trinitatis,

2395 922 2566 978 modo
2628 931 2818 977 tamen
2879 918 2988 974 tale
3046 911 3345 987 Baptisma
3400 914 3488 965 est
3550 903 3933 961 dubium.1ta

2399 1012 2666 1067 Amliros.
2701 1012 2911 1065 citatus
2933 1008 3026 1063 hic
3058 1026 3086 1060 a
3141 1002 3371 1075 Magist.
3421 1008 3472 1054 et
3530 992 3823 1066 colligitur
3870 1005 3934 1044 cx

2395 1104 2517 1157 Act.
2543 1105 2594 1154 2.
2626 1104 2677 1155 8.
2714 1102 2798 1155 10.
2834 1106 2890 1154 et
2921 1100 3013 1154 19.
3052 1095 3150 1151 ubi
3184 1106 3266 1150 est
3301 1090 3519 1147 mentio
3573 1080 3845 1155 Baptismi
3876 1079 3931 1133 in

2399 1193 2634 1247 nornine
2664 1190 2869 1247 Christi
2902 1190 3025 1244 sine
3051 1182 3357 1242 Trinitatis
3390 1177 3705 1237 mentione.
3757 1172 3935 1226 Tenet

2400 1283 2549 1355 Mag.
2611 1283 2703 1337 hic
2751 1281 2947 1336 Alens.
2998 1279 3049 1332 4.
3107 1294 3162 1348 p.
3216 1291 3267 1346 q.
3317 1274 3372 1326 8.
3425 1287 3509 1325 m.
3555 1269 3606 1322 3.
3641 1270 3748 1319 art.
3783 1263 3837 1315 3.
3870 1259 3932 1314 D.
4002 1316 4007 1323 ,

2401 1374 2609 1431 Thoai.
2644 1375 2696 1429 3.
2732 1390 2785 1444 p.
2818 1376 3022 1444 quaest.
3055 1370 3145 1424 66.
3180 1372 3284 1422 art.
3320 1366 3374 1418 6.
3410 1363 3480 1417 ad
3513 1377 3551 1416 1.
3603 1357 3814 1413 Albert.
3849 1353 3933 1407 bic

2401 1470 2507 1519 art.
2543 1466 2593 1518 2.
2630 1462 2693 1517 D.
2729 1462 2944 1518 Bonav.
2980 1477 3032 1529 p.
3062 1475 3102 1513 1.
3136 1462 3247 1512 art.
3278 1456 3332 1507 2.
3358 1455 3564 1524 quaest.
3587 1448 3641 1502 2.
3670 1442 3935 1501 Rich-ard.

2403 1560 2512 1609 art.
2544 1556 2596 1609 2.
2632 1557 2836 1623 quaest.
2869 1552 2920 1606 3.
2957 1550 3028 1605 ad
3064 1548 3148 1603 10.
3192 1561 3328 1602 cum
3378 1543 3549 1598 Scoto
3602 1537 3713 1593 liic.
3764 1530 3935 1589 Goti'r.

2400 1649 2563 1699 Suar.
2600 1661 2728 1715 sup.
2763 1644 2858 1698 cit.
2894 1643 3045 1697 Cano
3082 1640 3137 1692 6.
3176 1637 3246 1693 de
3293 1635 3457 1701 locis,
3495 1646 3620 1700 cap.
3669 1627 3722 1681 8.
3773 1623 3842 1678 ad
3883 1623 3937 1674 7.

2403 1751 2533 1790 cum
2568 1735 2696 1789 aliis
2723 1737 2924 1790 tenent
2956 1730 3259 1803 Apostolos
3291 1737 3584 1796 nunquam
3621 1716 3940 1785 baptizasse

2405 1825 2460 1879 in
2495 1824 2724 1879 nomine
2756 1822 2985 1877 Christi.
3023 1822 3267 1883 Damam,
3316 1815 3517 1885 inquit,
3570 1823 3757 1863 renus
3801 1804 3939 1858 vide·

2405 1925 2513 1977 tur,
2550 1914 2688 1985 quod
2721 1912 3026 1984 baptizatus
3046 1927 3155 1965 uon
3180 1910 3338 1969 esset,
3372 1904 3469 1976 qui
3496 1915 3645 1955 nunc
3694 1894 3939 1966 baptiza·

2407 2024 2559 2067 retur
2592 2012 2647 2064 in
2671 2007 2892 2061 nomine
2922 2001 3145 2067 Christi,
3191 2000 3310 2053 sine
3360 1991 3711 2064 expressione
3763 1984 3942 2040 Trini-

2406 2104 2559 2160 tatis.
2616 2101 2692 2154 tta
2750 2095 2959 2152 Ductor
3013 2092 3104 2146 hic
3170 2091 3296 2144 sine
3351 2081 3695 2145 assertione,
3745 2077 3844 2132 sed
3887 2074 3942 2127 iu

2405 2193 2622 2265 scripto
2653 2184 2963 2245 Oxoniensi
2994 2181 3233 2238 omnino
3264 2174 3479 2232 dubius
3511 2170 3748 2226 mansit.

2508 2372 2617 2446 De
2652 2368 2821 2444 aliis
2887 2364 3115 2439 etiam
3174 2356 3431 2433 verbis
3502 2349 3745 2446 magis
3817 2369 3950 2418 ne-

2412 2488 2765 2568 cessariis
2806 2486 2897 2560 ad
2953 2485 3095 2556 hoc
3136 2470 3749 2562 Sacramentum,
3790 2462 3953 2539 fieri

2412 2617 2659 2707 potest
2710 2600 3028 2676 mutatio
3107 2592 3531 2669 secundum
3594 2586 3956 2661 substan-

2418 2728 2594 2801 tiam
2627 2719 3080 2820 dupliciter:
3116 2714 3287 2789 Uno
3316 2709 3537 2784 modo
3571 2703 3770 2803 quod
3807 2725 3956 2776 una

2414 2843 2644 2918 dictio
2736 2844 3068 2936 ponatur
3122 2834 3286 2905 loco
3349 2824 3691 2915 alteriuS,
3761 2820 3955 2893 idem

2416 2952 3091 3056 significa11S‚licet
3152 2946 3301 3021 alio
3361 2942 3611 3033 modo,
3653 2947 3733 3012 ut
3785 2958 3954 3009 cum

2416 3079 2583 3152 loco
2625 3069 3020 3148 Trinitatis
3058 3084 3596 3165 personarum,
3631 3064 3960 3154 ponatur

2423 3192 2712 3270 Christi
2749 3189 2867 3263 vel
2898 3185 3080 3277 Dei,
3129 3193 3202 3257 et
3265 3190 3447 3253 tunc
3525 3175 3693 3249 dico
3756 3169 3958 3269 quod

2420 3336 2561 3386 nec
2589 3314 2926 3382 mutatur
2961 3305 3226 3391 torma,
3271 3320 3412 3371 nec
3469 3293 3710 3365 virtus
3764 3291 3962 3385 Bap-

2427 3427 2652 3502 tismi.
2686 3425 2851 3497 Vox
2882 3420 3084 3496 enim
3114 3428 3227 3492 est
3270 3411 3657 3488 materiale
3701 3409 3783 3481 in
3819 3407 3965 3480 dic-

2426 3546 2627 3620 tione
2669 3552 2742 3616 et
2783 3537 3156 3627 oratione,
3209 3543 3281 3608 et
3330 3532 3716 3625 signatum
3802 3524 3968 3621 ejus

2426 3671 2539 3736 est
2578 3658 2896 3732 formale
2929 3681 2945 3739 3
2985 3661 3058 3727 et
3091 3650 3258 3724 ideo
3293 3648 3353 3722 si
3390 3647 3782 3741 signatum
3808 3640 3972 3736 ejus

2430 3783 2736 3850 maneat
2779 3772 3007 3863 idem,
3057 3768 3297 3840 forma
3362 3770 3615 3836 manet
3674 3758 3971 3843 eadem,

2429 3905 2500 3969 et
2534 3915 2668 3991 per
2726 3908 3212 3984 consequens
3273 3877 3680 3978 baptizatio
3736 3881 3981 3975 potest

2430 4011 2597 4086 fieri
2631 4010 2704 4082 in
2750 4007 2960 4081 omni
3003 4005 3295 4100 lingua,
3333 3996 3630 4075 etiamsi
3681 3993 3983 4068 disserat

2432 4128 2860 4206 secundum
2902 4146 3166 4197 vocem
3222 4117 3425 4217 apud
3475 4116 3853 4189 diversos.
3903 4108 3978 4183 Si

2433 4260 2690 4323 autem
2765 4243 2891 4317 [iat
2954 4238 3271 4314 mutatio
3331 4233 3760 4311 secundum
3816 4229 3986 4304 sub·

2433 4363 2816 4449 sta-stiam,
2857 4368 2937 4433 ut
2978 4360 3143 4432 loco
3174 4353 3406 4428 unius
3446 4349 3808 4425 dictionis
3850 4371 3987 4445 po-

2436 4489 2662 4554 natur
2692 4479 2842 4551 alia
2875 4473 3083 4549 aliud
3112 4469 3588 4568 significanS‚
3631 4468 3781 4539 hoc
3816 4486 3989 4537 con·

2434 4597 2658 4693 tingit
2741 4592 3153 4690 dupliciter
3225 4612 3240 4662 :
3305 4583 3476 4660 Uno
3577 4581 3811 4656 modo
3907 4590 3986 4651 ut

2437 4711 2884 4811 simpliciter
2942 4704 3325 4803 significet
3392 4700 3628 4787 aliud,
3675 4707 3752 4772 et
3807 4706 3988 4769 tunc

2438 4838 2731 4905 certum
2764 4837 2877 4900 est
2917 4822 3118 4921 quod
3157 4844 3309 4893 non
3371 4820 3716 4892 salvatur
3750 4815 3991 4887 forma

2437 4943 2836 5044 Baptismi,
2918 4952 2996 5015 ut
3063 4939 3383 5020 dicatur,
3441 4936 3789 5008 ‚Ioannes
3843 4931 3993 5001 Ro-

2438 5065 2655 5140 berni
2704 5064 3105 5155 immergat
3164 5056 3241 5128 in
3306 5053 3618 5128 nomine
3667 5046 3994 5124 Joannis

2443 5181 2777 5258 Roberni
2821 5190 2894 5254 ct
2933 5175 3164 5251 Petri.
3203 5174 3370 5248 Atio
3418 5171 3641 5244 modo
3678 5178 3759 5242 nt
3795 5168 3994 5240 idem

2445 5297 2851 5396 significet,
2912 5295 3087 5367 licet
3152 5291 3297 5364 sub
3356 5289 3503 5363 alia
3535 5296 3608 5362 et
3666 5284 3824 5359 alia
3891 5306 3998 5356 ra-

2447 5418 2679 5491 tione.
2747 5416 2837 5488 Et
2899 5412 2989 5484 de
3059 5410 3205 5482 hoc
3309 5413 3490 5480 sunt
3556 5402 3993 5500 opinioneS,

2445 5531 2885 5629 specialiter
2927 5528 3019 5600 de
3075 5527 3219 5598 hoc
3249 5521 3561 5596 nomine
3618 5517 3997 5607 Christu3‚

2452 5658 2707 5723 utrum
2753 5646 2850 5721 sit
2906 5665 3089 5718 vera
3140 5640 3382 5714 forma
3433 5634 3841 5736 Baptismi,
3888 5630 4002 5705 di-

4084 2345 4131 2411 7.

3988 3162 4082 3210 Vox
4102 3156 4210 3206 forms

3988 3226 4129 3290 potest
4153 3229 4220 3265 mu·¹

4026 3293 4104 3336 tari
4135 3295 4200 3329 ma·

4017 3351 4143 3399 nente
4163 3343 4198 3389 si-

4018 3415 4201 3477 gnatos}-
4219 3429 4220 3432 =

4072 3473 4170 3522 dem.
