4295 6326
741 420 827 487 62
1410 480 1411 483 ,
2145 421 2382 491 LIBRI
2434 421 2530 490 11.-

743 594 1281 673 conveniente.
1331 598 1615 675 Tamen
1679 599 1758 674 in
1808 622 1991 676 casu
2034 620 2294 674 neces·

746 711 991 787 sitatis
1022 736 1174 788 non
1211 722 1462 814 potest
1502 718 1848 793 medicus
1887 726 2290 816 expectare

746 838 1054 930 tempus
1112 834 1539 930 electionis,
1601 836 1787 936 quia
1828 836 2083 911 minus
2125 858 2294 910 ma-

748 947 905 1021 lum
932 958 1046 1023 est
1068 949 1435 1029 adhibere
1462 954 1921 1030 medicinam
1947 964 2290 1052 tempore

747 1085 906 1137 non
965 1064 1253 1162 debit0,
1318 1090 1552 1167 quam
1604 1070 1913 1148 interim
1984 1071 2292 1172 patien-

745 1188 901 1255 tem
936 1182 1159 1257 mori.

446 1290 663 1405 ἦξηξξξ·
842 1298 953 1372 Ad
986 1299 1225 1396 aliud,
1272 1325 1448 1378 cum
1489 1306 1865 1404 quaeritur
1922 1331 2058 1407 per
2102 1308 2289 1406 quid

387 1419 594 1532 ssssi‘m
647 1429 711 1529 g:
744 1424 985 1511 agunt
1023 1416 1099 1490 in
1137 1417 1526 1495 interioria
1561 1421 1602 1494 Ῥ
1630 1422 1819 1499 Dico
1877 1424 2085 1523 quod
2128 1449 2286 1500 non

387 1541 707 1658 22¹⁰?AEuditia
744 1556 881 1631 per
927 1536 1237 1611 ‘motum
1297 1539 1646 1629 localem,
1728 1542 1911 1642 quia
1961 1542 2065 1617 ihi
2130 1567 2286 1617 non

458 1673 642 1721 staret.
741 1657 858 1724 est
887 1672 1122 1727 causa
1154 1653 1418 1729 formae
1470 1655 1845 1735 absolutae
1896 1686 1913 1752 ;
1970 1667 2045 1733 et
2100 1683 2286 1734 con-

740 1770 928 1845 cedo
971 1773 1176 1869 quod
1218 1774 1280 1848 si
1323 1786 1529 1850 astra
1558 1787 1887 1877 starent,
1913 1780 2288 1856 haherent

740 1888 1087 1965 eamdem
1173 1892 1534 1968 virtutem
1612 1896 1971 1985 activam,
2049 1921 2281 2000 quam

738 2024 948 2078 nunc
1016 2006 1303 2083 habent
1358 2032 1594 2109 super
1658 2022 1980 2111 partem,
2048 2037 2283 2114 quam

2402 598 2861 698 aspicerent,
2897 608 2972 674 et
3003 599 3406 697 majorem,
3443 598 3627 700 quia
3673 623 3952 675 manus

2403 724 2609 791 mota
2673 738 2811 815 per
2867 714 3255 791 flammam
3320 716 3577 792 minus
3637 716 3949 815 patitur,

2403 857 2636 933 quam
2677 835 2740 909 si
2782 834 3239 934 quiesceret,
3285 843 3359 910 et
3415 834 3525 909 sic
3589 843 3819 927 esset,
3891 833 3954 907 si

2401 948 2715 1026 flamma
2755 959 2954 1028 esset
3030 960 3263 1044 mota,
3300 959 3373 1025 et
3424 973 3702 1025 manus
3743 949 3967 1048 quie-

2401 1086 2653 1159 scens,
2730 1064 2901 1141 ideo
2989 1074 3240 1140 motus
3309 1065 3557 1140 solum
3641 1062 3953 1140 adducit

2401 1206 2809 1281 generans.
2883 1182 3104 1259 Unde
3182 1183 3382 1258 sicut
3483 1180 3663 1257 latio
3741 1181 3946 1278 ignis

2402 1324 2558 1375 non
2652 1300 2900 1399 gignit
2997 1300 3325 1398 lignum,
3422 1299 3553 1375 sed
3638 1298 3947 1374 adducit

2399 1417 2659 1515 ignem
2733 1419 2827 1495 ad
2899 1442 3213 1517 passum
3292 1416 3941 1516 approximatum,

2397 1534 2507 1610 sic
2547 1559 2640 1611 ex
2688 1535 2837 1611 alia
2886 1544 3122 1634 parte,
3171 1557 3313 1610 nec
3365 1533 3647 1609 frustra
3678 1555 3946 1608 move-

2398 1660 2548 1745 tur,
2620 1650 2803 1750 quia
2875 1651 3097 1725 aliter
3171 1650 3488 1726 haberet
3546 1663 3940 1747 aspectum

2395 1779 2694 1844 tantum
2754 1768 2848 1843 ad
2919 1791 3150 1844 unam
3227 1776 3552 1865 partem,
3624 1778 3698 1840 et
3761 1774 3944 1839 tunc

2395 1887 2576 1962 alibi
2609 1886 2801 1961 nihil
2843 1893 3368 1985 generaretur.
