4295 6326
1349 467 1573 535 DISI'.
1617 465 1873 536 XVIII.
1916 464 2335 546 QUAESTIO
2383 464 2435 532 1.
3471 433 3591 503 89-

109 672 337 726 denset-dt-
360 647 704 721 ordinatis
789 648 863 720 in
943 650 1117 741 hoc,
1222 644 1425 743 quod
1515 641 1883 740 quaelihet

171 747 289 790 ⁰⁸¹³·
362 787 575 839 causa
606 787 743 861 per
783 788 864 839 se
906 764 1135 838 habet
1175 763 1417 859 ipsam
1469 760 1881 835 causalita-

361 890 520 973 tem,
597 892 672 955 et
748 881 901 954 illae
959 880 1188 953 simul
1267 900 1537 952 omnes
1595 876 1886 949 faciunt

345 1019 575 1069 unam
673 996 1080 1092 integram,
1173 1004 1246 1069 et
1348 994 1519 1068 ideo
1612 1013 1882 1066 omnes
1980 1081 1984 1086 Ι

360 1111 849 1186 essentialiter
958 1111 1331 1186 ordinatae
1446 1106 1881 1183 necessario

357 1231 563 1306 simul
626 1231 1151 1331 requiruntur.
1234 1229 1380 1304 Sed
1443 1250 1698 1303 causae
1749 1248 1884 1324 per

353 1345 692 1421 accidens
743 1370 896 1421 non
944 1345 1172 1420 simul
1225 1352 1697 1419 concurrunt
1747 1364 1884 1416 ne-

353 1463 702 1558 cessarie,
785 1463 968 1561 quia
1034 1485 1268 1537 causa
1332 1485 1470 1561 per
1526 1460 1883 1536 accidens

350 1604 485 1654 non
526 1580 673 1654 fuit
724 1580 1186 1667 necessaria,
1251 1580 1398 1653 nisi
1461 1578 1644 1677 quia
1695 1601 1881 1652 cau·

347 1697 525 1771 savit
593 1697 968 1791 medium,
1054 1697 1228 1771 ideo
1293 1719 1450 1771 una
1561 1695 1880 1769 istarum

343 1814 699 1888 existente
768 1822 1067 1888 tantum
1140 1810 1453 1906 sufficit,
1534 1811 1731 1885 sicut
1815 1811 1878 1885 si

339 1937 580 2003 essent
627 1928 864 2004 mille.
901 1929 1053 2004 Sed
1088 1951 1470 2025 generans
1503 1937 1616 2001 est
1648 1949 1882 2001 causa

337 2054 624 2118 tantum
660 2044 1237 2120 accidentaliter
1276 2044 1653 2136 ordinata,
1700 2042 1881 2139 quia

334 2173 482 2238 esto
523 2162 736 2260 quod
771 2184 1033 2236 semen
1095 2170 1404 2235 esset.a
1454 2160 1698 2253 nulle,
1756 2158 1879 2233 vel

339 2279 769 2353 immediate
835 2302 880 2352 a
942 2278 1103 2352 Deo
1176 2300 1313 2374 per
1381 2276 1876 2369 creationem,

339 2395 734 2493 aequaliter
829 2393 1326 2468 induceretur
1427 2391 1710 2464 anima.
1796 2392 1878 2464 In

332 2514 602 2585 virtute
649 2508 884 2605 igitur
926 2507 1375 2605 generantis
1427 2530 1578 2580 non
1638 2506 1881 2602 magis

334 2628 473 2725 agit
509 2634 929 2725 postquam
963 2632 1104 2717 est,
1151 2646 1380 2721 quam
1418 2622 1480 2695 si
1534 2632 1736 2696 esset
1785 2622 1880 2696 ab

335 2746 471 2819 alio
538 2751 993 2840 generante,
1070 2740 1193 2815 vel
1247 2763 1291 2815 a
1329 2740 1544 2812 nullo
1592 2739 1882 2836 3igitur

335 2862 401 2933 in
432 2861 720 2933 virtute
757 2857 1068 2956 propria
1090 2856 1246 2954 agit
1274 2854 1650 2954 quidquid
1691 2855 1872 2952 agit.

335 2977 499 3051 Ideo
527 2975 707 3049 dico
741 2974 946 3072 quod
989 2996 1260 3048 semen
1316 2996 1470 3046 non
1524 2981 1637 3046 est
1691 2972 1879 3046 acti-

333 3117 505 3168 vum
547 3093 632 3167 in
689 3090 1215 3189 generatione,
1266 3112 1409 3165 nec
1461 3099 1576 3165 est
1623 3080 1886 3188 aliqua

339 3211 588 3285 anima
633 3210 707 3282 in
751 3208 1032 3283 virtute
1074 3207 1402 3304 aliquus
1444 3203 1873 3295 inanimati,

341 3353 470 3404 nec
500 3328 582 3401 in
630 3326 910 3401 virtute
940 3325 1244 3422 Angeli,
1289 3334 1602 3424 propter
1640 3343 1881 3419 gene-

340 3448 566 3521 ralem
607 3445 1048 3531 articulum,
1095 3444 1279 3541 quia
1310 3443 1473 3540 ipse
1504 3464 1659 3515 non
1725 3439 1880 3535 agit

94 3578 299 3634 ·Videsu-
344 3564 479 3638 nisi
532 3562 920 3636 mediante
983 3571 1188 3635 motu
1249 3559 1473 3634 locali
1530 3561 1549 3582 ⁸
1595 3586 1612 3652 3
1708 3556 1877 3630 ideo

90 3647 317 3776 inei‘sshss'.
341 3683 675 3757 concedo
762 3681 965 3778 quod
1070 3680 1322 3754 omnis
1415 3679 1675 3753 anima
1766 3684 1880 3749 est

341 3799 774 3875 immediate
807 3821 852 3873 a
882 3799 1068 3873 Dee.

168 3934 241 4001 12.
430 3918 579 3992 Sed
625 3926 841 3991 estne
874 3939 1134 3991 semen
1180 3915 1648 4014 principium
1682 3914 1877 3988 alte-

88 4044 313 4103 &mennon
344 4036 667 4109 rativum
731 4034 1107 4132 praevium
1178 4034 1268 4108 ad
1352 4031 1874 4106 inductionem

88 4111 302 4237 ἑὴῗζῖἶῗ
339 4152 672 4227 animae‘?
704 4152 891 4225 Dico
939 4151 1142 4249 quod
1193 4149 1690 4247 intelligendo
1743 4171 1880 4246 per

85 4238 316 4350 maffia..
335 4293 587 4344 semen
624 4267 914 4367 aliquid
965 4268 1367 4361 uniforme,
1407 4266 1610 4365 quod
1652 4264 1879 4340 debet

339 4410 467 4484 per
527 4385 1248 4461 transmutationem
1319 4385 1654 4482 recipere
1704 4381 1877 4457 ani-

337 4527 564 4591 mam,
653 4501 1125 4600 impossibile
1212 4513 1325 4577 est
1401 4500 1605 4600 quod
1698 4511 1875 4596 agat

333 4622 616 4717 praevie
679 4619 1075 4695 alterando
1171 4619 1264 4693 ad
1344 4617 1871 4693 inductionem

332 4741 637 4826 animae,
673 4735 877 4834 quod
922 4736 1161 4833 probo
1220 4736 1655 4834 dupliciter,
1711 4735 1872 4833 pri-

334 4879 451 4928 mo
494 4857 642 4929 sic:
677 4852 887 4928 Nihil
915 4875 1052 4949 per
1081 4852 1405 4948 gradum
1450 4853 1864 4951 qualitatiS,

331 4992 562 5067 quem
652 4969 906 5052 habet,
989 4968 1259 5042 alterat
1323 4992 1404 5043 se
1481 4968 1574 5043 ad
1644 4968 1866 5043 istam

331 5090 774 5186 qualitatem
820 5086 1243 5160 secundum
1280 5087 1603 5183 gradum
1671 5088 1869 5162 ulte-

333 5208 637 5299 riorem,
718 5205 917 5278 sicut
977 5202 1180 5297 ignis
1272 5226 1409 5300 per
1499 5205 1860 5298 calorem,

334 5347 565 5422 quem
627 5322 856 5397 habet
917 5320 1360 5414 formaliter,
1408 5344 1562 5393 non
1619 5332 1867 5419 potest

332 5443 649 5516 alterare
687 5463 768 5514 se
818 5436 1199 5511 movendo
1254 5437 1572 5513 ulterius
1639 5440 1868 5535 majo-

331 5582 490 5632 rem
574 5559 902 5632 calorem
966 5553 1041 5626 in
1086 5576 1210 5647 se3
1285 5552 1519 5651 igitur
1597 5578 1858 5631 semen

333 5675 702 5748 uniforme
735 5695 874 5771 per
904 5671 1194 5745 nullam
1229 5670 1589 5746 virtutem
1626 5671 1702 5746 in
1736 5697 1855 5767 ec,

1987 649 2237 740 potest
2266 642 2589 714 alterare
2639 662 2720 714 se
2754 639 2845 712 ad
2895 640 3061 729 hoc,
3108 631 3312 731 quod
3362 650 3555 700 111a-·

1989 758 2105 854 gis
2208 757 2660 854 disponatur
2771 754 2861 828 ad
2960 747 3527 846 susceptionem

1991 874 2296 947 animae.

2088 990 2446 1066 Secundo
2496 990 2648 1063 sic:
2715 992 2970 1085 Agens
3033 984 3409 1058 uniforme
3451 976 3525 1047 in

1990 1131 2301 1205 passum
2366 1107 2747 1181 uniforme
2816 1101 3243 1179 secundum
3324 1115 3534 1169 eam-

1990 1224 2164 1299 dem
2260 1224 2735 1321 qualitatem,
2833 1216 3307 1320 impossibile
3423 1219 3537 1285 est

1991 1342 2197 1439 quod
2256 1351 2430 1438 agat
2495 1342 2589 1415 ad
2646 1339 3073 1416 difformem
3144 1333 3528 1420 effectum,

1991 1458 2174 1557 quia
2284 1459 2709 1533 secundum
2832 1454 3346 1538 Aristotelem,
3456 1446 3525 1517 8.

1991 1577 2330 1675 Metaph.
2368 1577 2440 1650 si
2492 1601 2724 1674 aqens
2778 1576 3008 1664 idem,
3083 1578 3153 1646 et
3212 1586 3528 1667 passum

1989 1696 2222 1789 idem,
2286 1703 2359 1769 et
2404 1693 2713 1792 effectas
2758 1695 3004 1785 idem;
3059 1690 3189 1767 sed
3239 1689 3316 1760 in
3378 1683 3532 1756 fine

1990 1812 2200 1886 illius
2257 1812 2730 1887 alterationis
2796 1822 2910 1887 est
2979 1810 3164 1886 illud
3222 1801 3536 1899 recepti-

1988 1955 2173 2003 vum
2243 1930 2523 2005 animae
2618 1930 3179 2027 organizatum,
3251 1936 3325 1999 et
3398 1945 3534 2019 per

1988 2070 2474 2144 consequens
2517 2047 2746 2122 habet
2812 2056 3066 2145 partes
3108 2042 3523 2117 difformes

1990 2165 2073 2238 In
2142 2164 2524 2262 principio
2570 2164 2709 2238 suit
2768 2164 3169 2248 uniforme,
3229 2170 3308 2234 ut
3348 2182 3531 2254 sup-

1989 2280 2342 2379 ponitur;
2390 2282 2624 2377 igitur
2664 2305 2816 2355 non
2860 2291 3109 2378 potest
3139 2303 3305 2353 esse
3348 2302 3533 2353 cau·

1989 2421 2075 2471 sa
2132 2395 2527 2472 sufficiens
2568 2399 2904 2472 alterans
2972 2396 3065 2471 ad
3145 2395 3540 2493 organiza-

1988 2514 2304 2589 tionem.
2370 2513 2547 2588 Ideo
2626 2514 2966 2589 concedo
3028 2513 3233 2611 quod
3291 2512 3533 2586 virtus

1988 2630 2251 2706 divina
2316 2633 2729 2722 concurrit,
2804 2633 2965 2706 sive
3047 2633 3143 2705 sit
3219 2633 3529 2725 coelum,

1986 2750 2106 2822 vel
2142 2749 2686 2845 Intelligentia,
2720 2758 2803 2824 ut
2833 2750 3071 2844 DeuS,
3139 2749 3336 2824 sicut
3390 2774 3535 2847 po-

1988 2878 2308 2943 suerunt
2348 2871 2723 2944 Averroes
2785 2869 2855 2942 2.
2912 2868 3005 2943 de
3072 2868 3291 2961 coel0‚
3342 2875 3526 2943 teoet.

1987 2985 2106 3058 60.
2173 2994 2245 3061 et
2304 2987 2663 3073 Galenus.
2732 2986 3236 3061 adscribendo
3269 2986 3530 3060 virtuti

1986 3103 2273 3180 divinae
2306 3104 2595 3203 aliquid
2629 3105 2707 3181 in
2742 3103 3042 3182 effectu.

2085 3222 2264 3297 Ideo
2300 3222 2466 3296 dico
2500 3223 2703 3319 quod
2737 3247 2990 3322 neque
3048 3227 3239 3300 ratio
3308 3226 3529 3299 semi·
3673 3244 3753 3310 13

1986 3339 2213 3432 nalis,
2278 3360 2452 3436 quae
2520 3351 2635 3414 est
2690 3340 2933 3416 forma
2992 3343 3339 3436 seminis,
3403 3345 3522 3418 vel
3556 3364 3749 3415 semen
3775 3363 3845 3413 ra-

1986 3455 2317 3552 qualitas
2371 3477 2857 3553 consequens
2915 3457 3235 3532 formam
3308 3429 3878 3552 semi-3¹<in2ffi’ss‘i-3-

1985 3571 2133 3663 nis,
2176 3581 2253 3644 ut
2295 3594 2585 3665 semen,
2670 3596 2922 3671 neque
2964 3598 3226 3649 semen
3271 3577 3525 3675 ipsum
3558 3558 3846 3681 qffiffl’dgf

1985 3697 2235 3787 potest
2266 3712 2435 3763 esse
2469 3689 2802 3764 activum
2850 3692 2926 3764 in
2996 3695 3523 3790 generatione,

1985 3829 2239 3903 neque
2264 3806 2336 3879 in
2358 3807 2994 3883 alteratione.Sed
3022 3812 3254 3886 mixta
3286 3812 3530 3887 inani-

1990 3931 2191 3996 mata
2231 3932 2555 4020 possunt
2610 3924 2869 4021 aliquo
2915 3927 3136 4000 modo
3180 3926 3343 4002 fieri
3388 3953 3525 4027 per

1985 4037 2322 4111 rationes
2365 4038 2806 4134 seminaleS,
2853 4052 3227 4140 quantum
3283 4044 3373 4117 ad
3419 4045 3530 4118 al-

1985 4154 2436 4229 terationem
2506 4156 2863 4254 primam,
2955 4160 3137 4257 quia
3202 4163 3523 4238 mixtum

1984 4294 2225 4345 unum
2269 4281 2517 4368 potest
2561 4271 2726 4347 fieri
2771 4298 2861 4348 ex
2904 4276 3163 4349 multis
3211 4301 3524 4355 concur-

1982 4387 2331 4462 rentibus
2375 4388 2896 4487 juxtapositis‚
2959 4401 3032 4467 et
3092 4404 3271 4467 tunc
3327 4396 3527 4470 sicut

1982 4501 2059 4575 in
2128 4502 2572 4600 putrefactis
2643 4515 2892 4601 potest
2963 4531 3129 4582 esse
3200 4491 3516 4606 aliquid,

1980 4619 2185 4716 quod
2219 4621 2488 4695 alterat
2528 4621 2620 4695 ad
2655 4622 2983 4696 similem
3040 4626 3515 4723 qualitatem,

1980 4738 2086 4812 sic
2127 4748 2376 4834 potest
2415 4761 2581 4813 esse
2650 4739 2727 4811 in
2781 4739 2945 4813 istis
3000 4742 3514 4840 juxtapositiS,

1978 4853 2546 4928 commiscendo
2596 4878 2876 4952 aquam
2918 4880 3092 4930 cum
3136 4867 3359 4933 terra.
3426 4863 3517 4935 Et
3596 4874 3837 4932 Quamne

1977 4969 2175 5043 sicut
2215 4969 2344 5043 illa
2403 4970 2755 5066 qualitaS‚
2804 4993 2980 5067 quae
3052 4983 3165 5046 est
3205 4973 3517 5050 inducta
3549 4943 3864 5074 ppcpmifiissgi-

1975 5109 2020 5159 a
2087 5086 2280 5158 coelo
2348 5084 2425 5157 in
2496 5087 2961 5182 putrefactis³
3050 5100 3224 5164 ante
3302 5064 3852 5176 indu-”¹2¹32'1-‘32lic's

1975 5201 2305 5274 ctionem
2350 5200 2617 5275 formoe
2675 5202 3231 5295 substantialis,
3268 5218 3516 5306 potest
3549 5188 3844 5239 *minan*

1974 5319 2121 5393 dici
2167 5319 2358 5393 ratio
2408 5319 2832 5415 seminaliS‚
2888 5321 2988 5396 ita
3014 5325 3342 5422 qualitas
3399 5330 3517 5402 in-

1972 5436 2201 5511 ducta
2247 5461 2377 5535 per
2412 5436 2817 5514 miscibilia
2856 5441 3216 5537 adunata,
3270 5458 3516 5542 potest

1972 5553 2117 5628 dici
2175 5554 2366 5629 ratio
2435 5555 2858 5644 seminalis,
2919 5569 3265 5656 respectu
3341 5566 3511 5640 talis

1973 5672 2215 5765 mixti,
2260 5682 2332 5746 et
2363 5671 2471 5746 sic
2509 5675 2825 5747 mixtum
2870 5677 3299 5752 secundum
3345 5680 3513 5778 jux-
