4295 6326
1452 456 1669 524 DIST.
1728 457 1842 523 Vl.
1871 456 2315 565 ‘QUAESTlO
2370 457 2485 523 IV.

393 625 730 701 distincti
798 629 890 702 ad
951 630 1374 705 distinctos.
1451 632 1670 705 Ratio
1749 655 1937 704 con-

388 744 767 839 gruentiae
846 746 939 819 ad
1002 749 1147 820 hoc
1206 748 1518 845 ponitur
1580 747 1797 820 talis:
1848 749 1931 819 ln

387 859 782 957 Baptismo
839 862 1317 936 contrahitur
1357 864 1554 937 inter
1594 845 1935 959 baptiza-

387 985 548 1050 tum
603 987 676 1052 et
716 978 1224 1076 baptizantem
1261 981 1616 1077 quaedam
1651 1004 1932 1074 cogna-

386 1094 488 1167 tio
522 1094 969 1191 spiritualis,
1016 1097 1196 1194 quia
1235 1097 1630 1194 baptizans
1666 1096 1746 1169 lit
1803 1119 1932 1193 pa-

386 1217 500 1282 ter
531 1209 952 1306 spiritualis
986 1210 1193 1285 illius
1235 1212 1632 1309 baptizati3
1670 1212 1932 1284 nullus

388 1336 645 1401 autem
691 1337 805 1402 est
863 1329 982 1402 sui
1023 1328 1268 1426 ipsius
1309 1340 1521 1426 pater
1587 1330 1665 1401 in
1708 1351 1934 1423 gene·

391 1442 684 1518 ratione
742 1445 1116 1536 natu1·ali;
1158 1469 1339 1541 ergo
1383 1468 1523 1519 nec
1576 1445 1651 1516 in
1695 1467 1934 1539 gene-

394 1559 687 1634 ratione
721 1560 1128 1659 spirituali.

489 1675 600 1748 Ad
643 1687 1214 1773 argumentum,
1251 1677 1420 1751 dico
1477 1676 1680 1773 quod
1724 1676 1935 1749 ciba-

394 1793 496 1867 tio
539 1793 1161 1887 Sacramentalis,
1207 1797 1326 1869 vel
1395 1794 1535 1868 ista
1592 1794 1930 1890 acceptio

394 1911 615 2008 panis
666 1921 738 1986 et
778 1911 962 1999 vini,
1004 1936 1155 1985 non
1208 1921 1322 1985 est
1365 1911 1611 2008 ipsum
1658 1911 1933 1985 Sacra-

396 2037 735 2102 mentum
816 2028 1346 2121 Eucharistiae,
1419 2029 1550 2103 sed
1638 2027 1932 2125 species

388 2145 611 2242 panis
635 2154 708 2219 et
749 2144 936 2238 vini,
975 2145 1171 2220 sicut
1212 2146 1499 2243 patebit
1529 2146 1704 2219 disc.
1743 2146 1811 2218 8.
1854 2146 1930 2217 ίη

388 2262 713 2336 materia
792 2262 1341 2354 Eucharistiae,
1408 2263 1582 2337 licet
1641 2261 1930 2358 aliquid

387 2377 483 2451 sit
581 2379 1134 2452 sacramentale
1214 2379 1346 2453 illa
1440 2377 1930 2452 manducatio

387 2493 991 2581 sacramentaliS,
1030 2504 1103 2569 et
1142 2494 1312 2569 ideo
1355 2518 1507 2567 non
1557 2494 1932 2567 ministrat

388 2609 528 2683 sibi
593 2609 1206 2697 Sacramentum,
1270 2610 1404 2684 sed
1470 2610 1929 2684 cibationem

387 2731 1050 2824 sacramentalem,
1141 2730 1324 2827 quia
1422 2754 1578 2804 non
1682 2739 1933 2827 potest

386 2847 566 2920 dare
599 2846 744 2920 sibi
771 2847 1381 2923 Sacramentum.

29 1679 111 1729 Ad
155 1693 357 1752 argum.

31 1747 351 1805 quaesttonts

97 1805 293 1855 tertiae.

906 3156 1263 3215 SCHOLIUM
1307 3158 1402 3214 111.

463 3308 545 3362 Ad
578 3305 937 3379 Baptismum
972 3305 1189 3377 requiri
1232 3304 1594 3361 simultatem
1628 3305 1930 3371 moralem,

391 3397 544 3452 inter
601 3395 898 3452 materiam
954 3400 1010 3452 et
1070 3398 1339 3460 formam,
1397 3400 1456 3450 et
1505 3395 1757 3467 explicat
1790 3395 1932 3450 benc

393 3486 685 3557 quomodo
717 3486 982 3557 stenhaeo
1013 3485 1292 3541 simultas.

159 3694 230 3759 9,
494 3663 604 3735 Ad
632 3661 977 3736 ultimam
1009 3660 1519 3757 quaestionem
1553 3659 1644 3733 de
1678 3660 1936 3733 simul·

76 3809 310 3863 occisio
402 3788 552 3853 tate
584 3789 764 3853 sunt
794 3778 969 3852 duae
1002 3778 1408 3875 opiniones
1442 3777 1517 3849 in
1552 3778 1837 3872 glossa,
1866 3785 1939 3850 et

35 3872 344 3988 3353ssss
404 3896 476 3967 in
506 3902 876 3993 apparatu
910 3894 1119 3968 illius
1150 3894 1446 3968 Decret.
1475 3917 1641 3991 cap.
1681 3893 1937 3967 detra-

24 4000 348 4113 Οξζῗζῇῗξ*
400 4014 604 4102 here,
647 4021 720 4087 et
774 4012 849 4084 in
892 4012 1149 4106 glossa
1187 4010 1279 4084 de
1328 4017 1739 4085 consecrat.
1778 4010 1938 4083 clis-

19 4124 370 4241 ssffissg‘i’gngfi
402 4130 613 4202 tinet.
660 4127 729 4198 4.
777 4150 943 4224 cap.
1007 4125 1073 4196 1.
1130 4131 1201 4198 et
1242 4125 1307 4196 1.
1355 4134 1615 4222 quaest.
1686 4126 1751 4197 1.
1805 4126 1938 4199 ubi

127 4256 272 4303 ωε·
400 4242 588 4316 dixit
625 4241 993 4337 Magister
1022 4239 1227 4336 quod
1270 4240 1433 4313 sola
1462 4264 1715 4337 aqua,
1763 4226 1937 4337 quae

399 4371 514 4436 est
541 4358 862 4435 materia
901 4356 1298 4455 Baptismi,
1346 4368 1459 4431 est
1486 4359 1938 4431 Sacramen-

400 4488 561 4551 tum
595 4474 994 4573 Baptismi.
1041 4472 1121 4547 Si
1160 4482 1334 4546 tunc
1369 4482 1738 4569 arguatur
1768 4498 1941 4546 con·

402 4606 520 4671 tra
566 4618 775 4686 eum,
822 4591 1025 4690 quod
1093 4599 1275 4664 tunc
1308 4590 1587 4686 aliquis
1646 4591 1940 4665 habens

401 4734 681 4811 aquam
735 4710 1024 4783 biberet
1081 4708 1695 4801 Sacramentum,
1752 4733 1940 4783 con-

401 4829 602 4906 cedit
661 4827 823 4925 ipse
889 4834 963 4899 et
1033 4824 1472 4898 Bernardus
1532 4826 1932 4921 glossator.

398 4946 615 5021 Alius
671 4941 859 5016 dixit
918 4941 1123 5040 quod
1192 4964 1392 5037 aqua
1468 4941 1697 5014 simul
1768 4966 1939 5015 cum

398 5060 656 5137 verbis
724 5067 836 5133 est
878 5056 1489 5150 Sacramentum,
1578 5057 1677 5131 ita
1736 5058 1938 5154 quod

399 5179 478 5251 in
512 5177 664 5251 fine
717 5173 1167 5273 prolationis
1207 5174 1620 5248 verborum
1662 5184 1775 5247 est
1816 5175 1943 5248 Sa-

399 5301 908 5384 cramentum,
962 5299 1035 5364 et
1076 5313 1210 5387 per
1250 5314 1734 5389 consequens
1801 5291 1943 5365 ista

398 5415 551 5488 duo
607 5410 835 5485 simul
910 5406 1343 5482 necessario
1413 5418 1592 5482 sunt
1668 5410 1944 5484 Sacra-

402 5536 775 5605 mentum.

500 5646 650 5722 Sed
722 5651 988 5719 contra
1055 5650 1237 5715 tunc
1298 5642 1672 5737 arguitur,
1747 5642 1943 5717 sicut

3460 455 3585 521 627

2040 628 2307 703 contra
2346 630 2714 726 primum,
2762 630 2966 726 quod
3009 631 3084 702 in
3134 629 3286 702 fine
3331 630 3588 727 prola-

2039 745 2269 818 tionis
2301 746 2711 820 verborum
2740 755 2998 843 posset
3028 746 3292 819 asinus
3325 744 3584 818 bibere

2041 863 2246 936 illam
2283 886 2591 959 aquam,
2630 874 2702 937 et
2734 863 2837 935 ita
2870 863 3480 936 Sacramentum.

2136 980 2351 1064 Item,
2435 979 2578 1053 ista
2619 979 2864 1052 virtus
2931 979 3585 1052 sacramentaliter

2037 1107 2303 1192 postea
2372 1106 2716 1170 remanet
2783 1096 2858 1168 in
2931 1096 3300 1191 subjecto,
3373 1104 3446 1167 et
3505 1094 3580 1166 in

2047 1235 2275 1308 aqua,
2325 1223 2404 1284 ut
2463 1211 2782 1296 videtur,
2834 1236 3004 1285 cum
3077 1212 3173 1284 sit
3231 1210 3585 1283 accidens

2034 1351 2534 1434 ’permanens
2570 1340 2940 1424 quantum
2977 1338 3089 1402 est
3122 1329 3212 1401 de
3245 1353 3351 1401 se.

2136 1448 2599 1544 Respondet,
2648 1446 2851 1544 quod
2891 1447 3020 1520 illa
3063 1447 3304 1520 virtus
3346 1446 3573 1518 simul
3717 1459 3819 1524 10.

2034 1563 2302 1659 incipit
2353 1572 2424 1636 et
2465 1563 2771 1656 desinit,
2836 1574 2908 1636 et
2974 1562 3076 1636 ita
3137 1587 3287 1636 non
3334 1571 3581 1659 potest

2037 1680 2195 1753 bibi
2231 1681 2325 1753 ab
2368 1682 2585 1754 asino
2623 1691 2965 1778 tempore
2996 1692 3390 1776 sequente.
3431 1679 3579 1752 Sed

2036 1798 2237 1871 istud
2302 1823 2453 1872 non
2518 1808 2630 1872 est
2675 1799 2961 1871 dictum
3014 1798 3367 1895 Physice,
3443 1820 3583 1869 nec

2039 1915 2524 2010 Theologice,
2600 1938 2739 1987 nec
2806 1915 3176 2008 legaliter.
3258 1912 3627 2009 Physice-

2042 2055 2228 2125 non,
2275 2033 2457 2128 quia
2500 2031 2573 2103 in
2609 2031 2738 2103 illo
2773 2030 3087 2103 instanti
3151 2030 3222 2103 in
3267 2053 3419 2126 quo
3463 2031 3585 2101 in-

2035 2148 2220 2245 cipit
2251 2171 2447 2232 esse,
2496 2155 2635 2238 est,
2683 2156 2755 2219 et
2821 2147 2897 2218 in
2945 2146 3256 2220 instanti
3308 2146 3384 2218 in
3428 2171 3580 2242 quo

2038 2263 2320 2338 desinit
2396 2287 2593 2354 esse,
2663 2287 2816 2336 non
2890 2273 3046 2355 est3
3109 2287 3289 2358 ergo
3352 2263 3580 2337 simul

2042 2390 2246 2456 esset
2279 2393 2352 2454 et
2384 2405 2536 2453 non
2575 2388 2801 2471 esset,
2849 2381 3052 2477 quod
3083 2391 3196 2453 est
3226 2381 3583 2476 impossi-

2037 2500 2213 2574 bile.
2246 2499 2322 2571 Si
2347 2507 2773 2595 exponatur
2806 2498 2990 2570 illud
3022 2498 3336 2592 dictum,
3374 2498 3575 2596 quod

2037 2617 2109 2687 in
2156 2617 2402 2712 primo
2455 2614 2767 2687 instanti
2814 2614 3275 2711 inceptionis
3330 2626 3468 2706 est,
3507 2625 3581 2689 et

2035 2730 2291 2804 statim
2347 2739 2540 2826 post,
2625 2754 2778 2803 non
2833 2740 2949 2802 est
2995 2730 3283 2803 scilicet
3325 2731 3400 2802 in
3456 2731 3578 2802 in-

2037 2847 2267 2920 stanti
2300 2846 2374 2917 in
2431 2869 2584 2942 quo
2617 2845 2896 2919 desinit
2938 2868 3131 2933 csse,
3170 2857 3242 2919 et
3283 2846 3385 2920 ita
3425 2869 3579 2919 non

2037 2962 2266 3037 simul
2305 2971 2439 3045 est,
2483 2971 2556 3034 et
2597 2984 2750 3034 non
2785 2970 2899 3034 est
2929 2988 2946 3053 ;
2982 2961 3181 3035 istud
3238 2985 3389 3035 non
3433 2961 3582 3034 im-

2039 3087 2385 3178 portatur
2425 3101 2559 3177 per
2625 3070 2958 3176 primum
3030 3077 3344 3151 dictum.
3419 3079 3577 3152 Nec

2039 3197 2267 3271 etiam
2338 3204 2453 3270 est
2504 3196 2960 3290 Theologice
3022 3194 3335 3285 dictum,
3402 3196 3583 3293 quia

2037 3312 2384 3410 Apostoli
2429 3336 2581 3385 non
2621 3321 2838 3385 erant
2879 3311 3228 3385 instructi
3274 3311 3350 3383 in
3393 3313 3585 3410 bap-

2040 3430 2372 3519 tizandO,
2438 3429 2642 3525 quod
2703 3452 3008 3525 semper
3077 3452 3249 3502 cum
3315 3430 3584 3503 ultima

2043 3547 2338 3644 syllaba
2415 3554 2913 3642 aspergerent
2994 3568 3269 3642 aquam
3352 3571 3585 3644 super

2040 3662 2565 3760 baptizandos,
2648 3661 2829 3758 quia
2910 3663 3374 3759 quandoque
3445 3664 3588 3753 tria

2046 3780 2283 3852 millia
2317 3803 2470 3851 una
2501 3777 2621 3851 die
2657 3777 3169 3874 baptizabant,
3201 3789 3283 3852 ut
3314 3780 3590 3853 dicitur

2044 3897 2117 3968 in
2193 3896 2489 3969 actibus
2556 3896 3126 3990 Apostolorum,
3192 3897 3374 3992 quia
3444 3900 3587 3971 hoc

2045 4022 2246 4087 esset
2340 4014 2679 4084 humano
2772 4011 2994 4084 modo
3083 4012 3579 4109 impossibile.

2048 4130 2200 4203 Nec
2270 4129 2496 4202 etiam
2559 4129 3024 4224 estadictum·
3070 4131 3413 4223 legaliter
3468 4133 3584 4206 vel
3647 4120 3903 4237 fffflffss‘ffi

2046 4246 2458 4338 Canonice,
2507 4255 2710 4343 patet
2750 4245 2842 4319 cle
2874 4270 3204 4320 consec-r.
3245 4248 3579 4323 distinct.
3616 4261 3712 4359 {³3¹¹
3739 4259 3932 4372 fflffissg.

2045 4366 2113 4437 4.
2203 4365 2273 4437 in
2370 4364 2581 4456 lociS,
2668 4363 2849 4460 quia
2933 4366 3371 4461 Baptismus
3475 4377 3589 4442 est
3683 4347 3696 4368 ’

2043 4482 2348 4577 siquam
2406 4478 2766 4552 sensibile
2803 4481 3075 4574 qralz'ae
3145 4481 3583 4576 invisibilia,

2047 4609 2187 4672 etc.
2255 4598 2401 4671 tale
2458 4620 2604 4668 non
2668 4585 2781 4668 est
2832 4619 3059 4691 aqua,
3097 4620 3587 4695 quocumque

2048 4711 2273 4783 modo
2317 4708 2760 4805 accipiatur,
2822 4731 2959 4781 nec
3004 4718 3176 4783 ante
3223 4712 3590 4806 prolatio-

2048 4853 2224 4901 nem
2289 4827 2726 4916 verborum,
2797 4849 2938 4898 nec
3006 4838 3202 4921 post,
3277 4843 3350 4901 et
3419 4829 3586 4904 ideo

2046 4947 2215 5019 dico
2273 4944 2476 5042 quod
2547 4944 2646 5016 ibi
2719 4943 3136 5038 requiritur
3204 4946 3582 5040 simultaS,

2047 5063 2244 5135 sicut
2279 5069 2521 5158 potest
2564 5084 2730 5133 esse
2761 5059 3110 5133 simultas
3159 5061 3231 5134 in
3289 5064 3586 5137 actibus

2048 5178 2436 5269 humanis,
2473 5177 2780 5275 quando
2815 5179 3130 5250 verbum
3175 5182 3465 5253 accedit
3496 5181 3590 5254 ad
3692 5252 3702 5263 ,

2047 5296 2545 5385 elementum,
2635 5302 2706 5366 et
2791 5291 2873 5363 fit
2975 5292 3587 5387 Sacramentum,

2048 5436 2200 5483 non
2238 5420 2350 5484 est
2384 5433 2663 5505 magna
2707 5431 2890 5481 cura
2941 5409 3004 5479 si
3058 5410 3132 5482 in
3181 5412 3427 5508 primo
3483 5416 3594 5487 in-

2047 5526 2278 5623 cipiat
2318 5527 2771 5621 immergere
2807 5548 3132 5620 puerum
3169 5526 3242 5599 in
3275 5551 3584 5624 aquam,

2051 5655 2460 5741 antequam
2509 5641 2821 5739 incipiat
2862 5641 3113 5716 dicere
3172 5647 3431 5740 verba,
3471 5650 3587 5722 vel
