4295 6326
453 1369 516 1436 3.

356 1457 614 1508 Inimicus

353 1537 462 1587 qua
497 1518 618 1569 talis

321 1599 432 1636 non
467 1586 546 1632 est
571 1579 645 1629 di-

347 1645 610 1713 ligendus.

660 411 791 478 496

663 586 866 639 teneor
891 581 1003 637 ista
1033 578 1146 636 sibi
1177 576 1323 637 velle
1365 575 1625 650 positive,
1669 572 1956 638 absolute,
2000 570 2058 628 id
2098 575 2207 636 est,

663 671 1000 739 efficaciter,
1033 670 1133 726 sed
1166 673 1392 725 tantum
1423 666 1473 722 si
1508 671 1617 722 Deo
1663 665 1741 720 ita
1798 662 2100 736 placuerit,
2156 666 2212 717 et

667 780 778 820 non
813 768 905 818 est
938 777 1172 818 necesse
1202 758 1472 831 explicite
1517 772 1730 829 ponere
1779 755 1955 812 talem
2003 752 2208 810 condi·

665 854 905 919 tionem,
938 852 1078 925 quia
1111 850 1340 906 inclusa
1378 854 1464 905 est
1495 847 1550 903 in
1584 847 1744 903 omni
1792 846 2072 918 petitione
2121 860 2209 901 or-

666 944 868 1000 dinate
902 943 1053 998 sacta
1083 941 1219 996 Dec.
1265 940 1569 1005 Quartum,
1623 936 1777 991 bona
1820 934 2104 1007 corporis,
2153 936 2210 989 et

666 1036 902 1088 externa
958 1045 1265 1103 possumus
1315 1026 1462 1083 velle
1517 1030 1575 1082 ot
1632 1014 1785 1082 nolle
1836 1026 2098 1097 proximo
2159 1029 2214 1080 et

668 1123 931 1191 inimico,
964 1123 1136 1193 prout
1164 1119 1239 1186 ei,
1273 1117 1599 1175 secundum
1647 1113 1832 1172 Deum
1883 1114 2071 1187 magis
2113 1130 2213 1170 ex-

668 1213 847 1284 pedit.

769 1386 1198 1462 Dicendum
1241 1384 1446 1483 quod
1488 1379 1849 1455 inimicus
1881 1371 2216 1472 duplici-

670 1516 787 1582 ter
818 1513 1065 1604 potest
1110 1500 1607 1594 considerari,
1640 1501 1763 1573 vel
1830 1507 1911 1570 ut
1950 1490 2217 1568 inimi-

674 1647 837 1716 cuS,
881 1624 997 1696 vel
1048 1630 1132 1694 ut
1188 1622 1446 1693 homo.
1507 1616 1765 1690 Primo
1799 1612 2053 1705 modo,
2089 1610 2214 1684 in-

676 1747 1048 1838 quantum
1082 1735 1552 1832 hujusmodi,
1600 1732 1847 1806 malus
1876 1738 2016 1822 est,
2054 1750 2209 1800 non

614 1920 615 1923 ,
673 1867 969 1932 tantum
1026 1853 1454 1953 privatione
1531 1852 1714 1925 boni
1768 1846 2027 1932 moris,
2075 1844 2208 1921 sed

307 4223 485 4272 Potest
522 4221 627 4271 ini-

333 4287 503 4335 micus
540 4290 595 4335 ut

307 4347 470 4398 homo
501 4361 609 4399 non

333 4411 484 4475 diligi
519 4426 610 4461 ac-

421 4480 500 4525 tu.

666 1999 759 2050 ex
800 1973 1063 2048 habitu
1099 1971 1375 2045 vitioso
1433 1966 1816 2044 contrario
1851 1962 2201 2063 positive.

664 2092 880 2167 Sicut
935 2090 1267 2187 injustus
1325 2112 1478 2161 non
1537 2096 1826 2161 tantum
1898 2082 2201 2167 dicitur,

665 2208 796 2308 qui
851 2215 1058 2281 caret
1115 2205 1380 2279 habitu
1440 2202 1789 2301 justitiae,
1862 2200 1994 2274 sed
2072 2196 2207 2295 qui

667 2326 899 2400 habet
941 2322 1291 2398 habitum
1347 2319 1667 2418 justitiae
1701 2316 2201 2409 contrarium,

663 2444 1005 2521 elicitum
1081 2466 1174 2517 ex
1227 2440 1525 2516 actibus
1594 2437 2021 2513 contrariis.
2095 2436 2208 2510 Ita

664 2585 837 2637 cum
873 2559 1209 2636 amicitia
1240 2559 1596 2656 respiciat
1636 2558 1927 2630 bonum
1959 2553 2207 2627 virtu-

665 2678 757 2752 tis
792 2678 867 2751 in
913 2686 1167 2752 amato
1212 2673 1685 2750 conveniens
1724 2673 1926 2746 bono
1973 2670 2207 2744 virtu-

662 2796 756 2869 tis
788 2794 865 2868 in
901 2802 1233 2886 amante,
1272 2802 1345 2866 et
1385 2815 1478 2866 ex
1512 2794 1655 2864 hoc
1716 2789 1800 2862 fit
1865 2786 2199 2882 dilectio,

663 2910 767 2985 ita
817 2908 1218 2983 inimicitia
1269 2907 1451 2981 dicit
1497 2907 1802 3005 proprie
1857 2905 2202 2979 habitum

664 3035 1062 3101 causatum
1099 3048 1191 3099 ex
1235 3023 1531 3097 actibus
1564 3021 1992 3115 contrariis,
2057 3021 2205 3096 sci-

663 3145 841 3221 licet
872 3145 1056 3239 odii,
1101 3153 1413 3243 propter
1452 3142 1741 3217 bonum
1773 3140 2078 3216 virtutis
2124 3141 2202 3214 in

660 3288 778 3355 ec,
810 3286 1040 3360 quem
1085 3286 1240 3334 non
1284 3260 1652 3334 imitatur.
1691 3258 1911 3334 Unde
1940 3257 2204 3331 inimi-

660 3381 840 3455 citia
907 3389 989 3454 ut
1056 3377 1531 3476 hujusmodi,
1597 3386 1711 3452 est
1776 3376 2200 3474 pessimum

658 3497 960 3590 vitium,
1006 3497 1188 3593 quia
1227 3494 1538 3593 optimae
1578 3494 1868 3587 virtuti,
1914 3493 2205 3569 scilicet

661 3615 1047 3708 amicitiae,
1085 3612 1527 3711 opponitur,
1563 3621 1637 3687 et
1693 3636 1859 3688 eam
1922 3612 2195 3710 privat.

661 3732 881 3807 Unde
911 3733 1019 3807 sic
1061 3731 1377 3826 diligere
1429 3729 1829 3804 inimicum
1880 3740 1993 3804 est
2025 3731 2202 3805 dili-

658 3873 837 3946 gere
917 3848 1084 3945 ejus
1161 3845 1666 3931 inimicitiam,
1744 3855 1818 3920 et
1885 3848 2028 3920 hoc
2087 3859 2202 3923 est

658 3966 869 4041 odire
913 3965 1187 4051 Deum,
1226 3964 1409 4060 quia
1464 3972 1544 4037 ut
1602 3963 1710 4038 sic
1772 3987 1924 4036 non
1976 3965 2202 4041 debe-

659 4106 832 4157 mus
865 4081 1183 4176 diligerc
1228 4078 1654 4153 inimicum.

757 4197 836 4272 Si
868 4221 1055 4272 vero
1087 4195 1619 4270 consideretur
1670 4204 1751 4270 ut
1793 4197 2051 4289 homO,
2089 4198 2198 4272 sic

659 4339 1077 4415 possumus
1111 4312 1323 4410 loqui
1383 4311 1476 4387 de
1534 4311 1941 4387 dilectione
1977 4315 2202 4388 habi-

656 4432 843 4508 tuali
908 4431 1024 4504 vel
1070 4427 1377 4504 actuali.
1430 4427 1506 4501 Si
1560 4428 1652 4502 de
1708 4429 2017 4523 actuali,
2056 4453 2198 4505 nec

655 4548 764 4624 sic
882 4556 1235 4622 tenemur
1336 4568 1475 4642 pro
1583 4568 1911 4642 semper,
2054 4569 2196 4620 nec

655 4665 1072 4764 aliquando
1161 4664 1443 4737 habere
1531 4672 1783 4737 actum
1853 4662 2193 4737 elicitum

652 4782 1089 4858 dilectionis
1130 4803 1314 4875 erga
1344 4779 1772 4853 inimicum.
1818 4780 2198 4854 Convenit

651 4901 858 4975 enim
901 4924 994 4974 ex
1041 4895 1506 4992 causajusta
1546 4906 1618 4971 et
1669 4896 1898 4985 licita,
1984 4907 2065 4971 ut
2104 4920 2197 4971 ex

651 5014 1158 5113 occupatione
1193 5011 1396 5085 circa
1435 5011 2190 5110 contemplationem,

650 5132 850 5206 sicut
916 5139 1097 5204 sunt
1157 5126 1505 5220 solitarii,
1588 5151 1988 5225 nunquam
2057 5129 2196 5200 ha-

650 5249 829 5322 bere
864 5256 1118 5323 actum
1152 5243 1488 5319 elicitum
1538 5243 1740 5319 circa
1815 5243 2196 5340 cognitio-

652 5387 828 5437 nem
875 5375 1006 5438 aut
1080 5359 1567 5435 dilectionem
1629 5360 1977 5458 alicujuS,
2043 5359 2193 5433 nisi

651 5482 896 5557 solius
938 5482 1105 5569 Dei,
1143 5478 1356 5555 etsie
1398 5502 1811 5578 possumus
1845 5503 1997 5552 non
2030 5477 2195 5552 dili-

649 5623 831 5695 gere
865 5596 1291 5673 actualiter.

2024 397 2266 468 LIBRI
2313 396 2436 468 111.

2417 567 2566 643 Sed
2709 575 2965 642 utrum
3089 563 3477 664 possimus
3578 562 3862 637 habere
4006 553 4071 615 4·

2319 698 2571 761 actum
2646 684 3115 760 contrarium
3187 681 3600 781 positivum
3661 680 3864 755 circa

2318 824 2524 894 eum,
2557 809 2635 873 ut
2682 799 2921 892 odire,
2950 799 3072 872 vel
3121 799 3323 872 nolle
3380 797 3447 871 ei
3504 797 3790 871 bonum
3824 796 3864 867 ἵ)

2415 916 2841 990 Dicendum
2879 914 3086 1013 quod
3118 914 3462 1012 quinque
3505 923 3687 989 sunt
3725 938 3863 1011 ge-

2320 1057 2507 1109 nera
2555 1034 2962 1120 bonorum,
3037 1032 3237 1106 circa
3306 1055 3481 1129 quae
3550 1032 3862 1107 diversi-

2320 1150 2542 1225 mode
2584 1159 2697 1225 est
2725 1150 3166 1243 dicendum,
3212 1148 3503 1224 scilicet
3565 1152 3716 1225 duo
3779 1152 3858 1225 in

2319 1265 2890 1366 comparatione
2934 1267 3028 1340 ad
3094 1266 3368 1356 Deum,
3435 1291 3854 1363 summum,

2310 1387 2635 1481 justum,
2709 1383 3037 1458 volendo
3092 1383 3384 1458 scilicet
3454 1408 3630 1460 eum
3686 1388 3862 1463 dili-

2319 1525 2499 1597 gere
2549 1502 2794 1577 Deum
2830 1510 3141 1600 propter
3199 1525 3306 1576 se.
3356 1501 3741 1600 Secundo,
3781 1519 3862 1581 ut

2319 1643 2707 1695 summum
2780 1620 3268 1694 commodum
3333 1621 3504 1713 sibi,
3571 1634 3645 1698 et
3697 1648 3860 1700 ma-

2316 1739 2520 1814 xime
2584 1740 2916 1814 volendo
2994 1739 3139 1813 sibi
3182 1739 3456 1814 Deum.
3519 1741 3854 1818 Tertium

2318 1865 2431 1931 est
2460 1855 2749 1930 bonum
2782 1855 2961 1929 vitae
2993 1865 3066 1930 et
3096 1878 3279 1930 esse.
3329 1857 3701 1944 Quartum
3746 1872 3859 1937 est

2316 1971 2606 2045 bonum
2650 1969 3021 2068 corporis,
3070 1977 3151 2043 ut
3200 1972 3533 2067 castitaS‚
3597 1974 3852 2068 decor,

2315 2088 2702 2162 fortitudo,
2750 2087 3147 2181 Quintum,
3203 2088 3493 2164 bonum
3557 2100 3856 2191 tempo-

2314 2206 2502 2299 rale,
2555 2214 2637 2279 ut
2665 2204 3134 2302 prosperitas
3165 2214 3238 2280 et
3278 2206 3596 2283 divitiae.

2414 2323 2679 2410 Quoad
2712 2322 3041 2420 primum
3097 2335 3170 2400 et
3235 2327 3694 2422 secundum,
3738 2331 3854 2403 vi-

2315 2440 2537 2516 detur
2569 2440 2981 2515 dicendum
3029 2443 3235 2538 quod
3286 2467 3461 2516 cum
3530 2445 3848 2521 debeam

2314 2580 2406 2631 ex
2437 2556 2833 2650 charitate,
2864 2581 3022 2631 non
3083 2580 3342 2634 amore
3401 2560 3698 2657 privato
3736 2564 3855 2638 di-

2315 2675 2551 2771 ligere
2609 2675 2886 2764 Deum,
2955 2675 3386 2751 cavendum
3420 2679 3564 2753 erit
3633 2681 3844 2773 mihi,

2319 2800 2397 2865 ut
2454 2800 2753 2865 tantum
2832 2790 3137 2865 dilectio
3195 2817 3367 2869 mea
3434 2795 3531 2870 sit
3588 2796 3656 2871 ei
3724 2822 3855 2873 ac-

2313 2916 2556 3004 cepta,
2629 2907 2966 2982 nolendo
3026 2908 3309 2985 habere
3371 2915 3853 3010 compartici-

2314 3048 2487 3122 pem
2520 3023 2600 3097 in
2644 3024 2974 3099 amando
3006 3024 3259 3124 ipsum
3315 3028 3393 3102 in
3461 3054 3542 3105 se
3592 3054 3851 3110 amore

2303 3136 2654 3235 justitiae,
2701 3137 2882 3236 quia
2912 3139 3243 3214 volendo
3294 3165 3470 3217 eum
3514 3144 3623 3220 sic
3667 3146 3853 3221 mihi

2313 3278 2405 3329 ex
2476 3253 2878 3331 affectione
2955 3259 3363 3347 commodi,
3443 3261 3589 3337 hoc
3655 3276 3857 3341 esset

2310 3373 2508 3447 velle
2559 3372 2972 3471 privatum,
3019 3375 3225 3470 quod
3265 3375 3477 3452 Deus
3507 3381 3673 3454 vult
3714 3382 3855 3457 ha-

2312 3488 2491 3563 bere
2537 3512 2974 3583 commune,
3020 3499 3093 3564 et
3162 3515 3298 3588 per
3364 3517 3851 3594 consequens

2316 3606 2704 3680 moraliter
2756 3629 3040 3700 amare,
3086 3617 3161 3682 et
3222 3633 3375 3683 non
3446 3635 3536 3687 ex
3596 3616 3851 3691 chari-

2312 3732 2487 3798 tate.
2527 3722 2704 3797 Ideo
2753 3747 2909 3796 non
2971 3723 3212 3800 debeo
3245 3726 3593 3805 absolute
3650 3736 3850 3811 velle
3884 3727 4018 3826 52¹1}
4055 3714 4211 3827 2252‘

2309 3839 2377 3913 ei
2444 3838 2618 3914 talia
2674 3839 2905 3933 bona,
2962 3863 3104 3914 nec
3181 3850 3434 3918 tamen
3498 3847 3849 3926 absolute
3886 3838 4213 3952 D{?³¹,J'J‚‘}‘gi,

2310 3957 2514 4030 nolle
2579 3955 2648 4031 ei
2717 3956 2887 4044 ista,
2960 3957 3143 4053 quia
3201 3959 3551 4039 absolute
3647 3970 3849 4045 velle
3945 3946 4133 4016 *fiam-

2309 4097 2485 4148 eum
2585 4073 2867 4148 habere
2954 4074 3199 4149 Deum
3333 4101 3625 4177 carum,
3726 4089 3847 4162 vel

2308 4213 2592 4277 amare,
2632 4189 2854 4285 cujus
2905 4213 3246 4267 amorem
3282 4194 3493 4271 Deus
3542 4224 3697 4274 non
3732 4227 3851 4278 ac·

2309 4316 2582 4406 ceptat,
2646 4309 2768 4382 vel
2837 4331 3071 4405 quem
3151 4335 3305 4385 non
3350 4316 3515 4389 vult
3565 4319 3849 4399 habere

2308 4427 2668 4515 amicum,
2712 4424 2846 4499 sed
2892 4426 3320 4523 inimicum,
3395 4445 3597 4510 esset
3654 4437 3853 4514 inor-

2305 4542 2560 4616 dinate
2601 4543 2831 4635 velle,
2896 4543 3078 4640 quia
3111 4547 3307 4621 velle
3372 4551 3556 4626 talia
3587 4555 3846 4653 alicui,

2306 4658 2464 4733 Deo
2507 4658 2882 4757 displicet,
2915 4670 3029 4735 est
3067 4662 3322 4759 potius
3371 4690 3526 4743 non
3559 4695 3845 4765 amare,

2306 4773 2503 4847 sicut
2536 4776 2731 4849 volle
2766 4775 2954 4871 Regi
3007 4775 3334 4874 alicujus
3403 4785 3842 4882 amicitiam,

2304 4913 2480 4988 quae
2523 4891 2668 4965 sibi
2704 4890 3039 4966 finaliter
3071 4892 3446 4993 displicet.

2403 5006 2555 5081 Sed
2587 5008 2680 5082 de
2712 5017 2883 5083 actu
2929 5009 3256 5106 positivo
3310 5038 3460 5089 non
3516 5034 3838 5119 oportet,

2306 5125 2487 5223 quia
2526 5135 2774 5224 potest
2814 5127 3268 5205 subtrahere
3318 5157 3399 5209 se
3458 5139 3552 5213 ab
3620 5145 3846 5222 actio-

2305 5241 2562 5329 nibus,
2643 5253 2725 5318 ut
2780 5267 3183 5341 nunquam
3270 5249 3367 5323 sit
3425 5261 3845 5341 necessitas

2306 5358 2676 5454 diligendi
2771 5384 2950 5435 eum
3011 5365 3412 5442 actualiter
3485 5376 3838 5473 positive,

2304 5499 2481 5549 cum
2517 5478 2660 5551 hoc
2706 5478 2948 5576 possit
2987 5480 3216 5554 etiam
3275 5483 3479 5565 circa
3509 5497 3840 5577 amicum
3928 5493 4225 5546 ‘mmm

2308 5592 2636 5683 efficere,
2686 5605 2768 5670 ut
2826 5607 3034 5695 patet
3098 5622 3334 5697 supra
3364 5605 3428 5700 ’3
3511 5608 3682 5690 ideo
3723 5618 3845 5694 di-
3875 5559 4126 5677 ξῖῗιῗιῗιῖ
4159 5571 4214 5670 g:

3926 880 4173 944 Quinque

3892 957 4091 1007 genera
4122 945 4205 995 bo·

3955 1020 4148 1056 norum

3937 1070 4177 1131 proximo

3923 1133 4173 1183 volenda.

3895 3586 4192 3647 Quomodo

3885 3664 3997 3699 non
4041 3653 4198 3701 debe·

3999 4994 4072 5059 ‘QG
