4295 6326
1509 386 1737 457 DIST.
1786 380 1910 452 111.
1960 376 2380 460 QUAESTIO
2428 377 2480 448 Ι.

380 586 748 681 potestate
798 573 1005 649 illius
1054 567 1179 645 cui
1227 564 1312 640 fit
1370 557 1797 646 retributiO,
1852 563 1928 631 et

383 705 529 776 hoc
624 706 738 774 est
838 703 1134 769 certum
1239 682 1548 785 quando
1643 673 1925 774 aliquis

385 826 721 894 meretur
760 811 906 888 sibi
948 807 1095 907 ipsi
1129 834 1148 901 3
1193 803 1326 879 sed
1376 797 1686 899 quando
1718 815 1926 870 unus

384 944 722 1011 meretur
793 926 1011 1005 alteri
1106 947 1242 1023 per
1304 917 1719 1007 orationeS,
1803 909 1925 984 vel

382 1055 576 1130 alias
678 1044 1134 1125 afflictiones
1246 1044 1597 1133 acceptas
1731 1030 1920 1121 De0,

379 1168 738 1271 quamvis
795 1164 942 1239 ista
1008 1160 1164 1235 sint
1236 1156 1313 1230 in
1386 1160 1761 1253 potestate·
1828 1149 1927 1222 fa·

381 1288 683 1380 cientiS,
720 1306 873 1358 non
909 1289 1165 1354 tamen
1201 1275 1275 1347 in
1312 1277 1684 1371 potestate
1717 1266 1925 1340 illius

379 1431 518 1507 pro
558 1427 711 1504 quo
742 1398 946 1475 facit.
984 1394 1109 1469 Sic
1138 1414 1321 1487 ergo
1357 1387 1722 1463 meritum.
1746 1380 1927 1457 dicit

384 1519 803 1599 formaliter
868 1512 1216 1588 ordinem
1278 1504 1603 1601 alicujus
1670 1500 1925 1600 operis

381 1634 792 1717 laudabilis
839 1631 914 1705 in
971 1632 1313 1703 merente
1371 1621 1464 1696 ad
1516 1626 1929 1716 acceptan-

377 1767 562 1850 tem,
635 1749 840 1850 quod
912 1751 1320 1842 acceptans
1412 1742 1788 1837 acceptat,
1845 1742 1930 1807 ut

379 1872 755 1950 retribuat
785 1865 856 1941 ei
899 1887 1036 1963 pro
1079 1883 1231 1959 quo
1296 1862 1760 1953 acceptatur.
1817 1853 1927 1925 Ex

383 1993 529 2065 hoc
592 1982 942 2081 arguitur
1008 1975 1213 2075 quod
1296 1995 1497 2047 unus
1568 1993 1705 2068 pro
1775 1966 1925 2042 alio

379 2112 629 2206 potest
696 2096 972 2175 mereri
1009 2123 1025 2189 ;
1099 2091 1282 2189 quia
1320 2098 1576 2163 tamen
1622 2083 1813 2158 nihil
1846 2083 1923 2157 in

384 2226 545 2297 Deo
579 2230 694 2294 est
724 2210 1313 2311 acceptandum,
1350 2203 1557 2303 quod
1618 2225 1773 2276 non
1815 2208 1930 2274 est

383 2344 889 2435 acceptatum,
933 2329 1106 2403 ideo
1141 2325 1218 2399 in
1279 2321 1526 2396 meriti
1584 2318 1931 2415 descrip-

381 2455 591 2529 tione
633 2472 787 2523 non
835 2450 1134 2543 oportet
1182 2438 1462 2513 addere
1523 2441 1928 2534 acceptan-

387 2570 568 2645 dum
611 2567 693 2639 in
725 2560 994 2639 ordine
1024 2555 1127 2632 ad
1152 2556 1408 2628 Deum
1451 2579 1476 2635 ‚·
1513 2550 1722 2624 Deus
1781 2548 1929 2645 igi-

386 2697 512 2761 tur
593 2687 1001 2777 acceptans
1082 2673 1373 2747 bonum
1451 2691 1706 2755 suurn,
1805 2665 1927 2739 vel

386 2806 677 2879 bonum
708 2794 904 2872 velle
935 2789 1291 2885 alicujuS,
1354 2782 1732 2875 retribuit,
1776 2780 1931 2855 sci-

388 2920 564 2994 licet
606 2910 925 3003 volenti,
994 2906 1057 2981 si
1124 2901 1488 2998 indigeat.
1545 2899 1626 2974 Si
1669 2907 1926 2973 tamen

386 3035 484 3111 sit
530 3033 636 3108 ita
687 3026 1097 3128 perfectuS,
1152 3017 1358 3117 quod
1430 3039 1581 3089 non
1638 3014 1930 3110 indiget

389 3148 886 3255 perfectione,
931 3140 1129 3218 sicut
1167 3135 1542 3222 Christus,
1578 3131 1931 3209 retribuit

387 3269 638 3363 alteri,
677 3289 812 3365 pro
846 3285 999 3360 quo
1038 3265 1397 3333 meretur.

164 3400 227 3467 5.
485 3387 698 3462 Tunc
740 3380 836 3455 ad
874 3372 1350 3477 propositum
1384 3369 1770 3468 loquendo
1834 3369 1928 3443 de

64 3512 216 3587 ¹1⁸9?
241 3526 344 3564 ¹1¹0·
389 3503 692 3594 merito,
740 3503 963 3596 prout
993 3489 1337 3568 consistit
1370 3487 1448 3560 in
1481 3486 1686 3561 bono
1733 3484 1930 3561 velle

67 3580 1038 3706 32223232⁰v01untatis,dico
1098 3606 1304 3705 quod
1365 3603 1714 3678 Christus
1769 3626 1930 3678 ine-

387 3739 544 3815 ruit
575 3732 825 3822 nobis,
872 3737 946 3804 et
980 3728 1123 3799 hoc
1155 3731 1405 3822 potest
1445 3720 1724 3820 exponi
1776 3745 1929 3796 uno

386 3855 616 3932 modo
659 3848 767 3924 sic
813 3842 1111 3920 :Radix
1168 3837 1420 3913 omnis
1482 3835 1759 3930 meriti,
1814 3838 1932 3911 lo-

385 3969 694 4074 quendo
737 3960 1040 4065 proprie
1073 3958 1166 4032 de
1226 3955 1523 4049 merito,
1580 3954 1933 4029 consistit

386 4096 464 4169 in
508 4084 908 4166 affectione
931 4076 1253 4176 justitiae
1286 4073 1728 4167 voluntatiS,
1774 4097 1928 4147 non

393 4217 652 4286 a'utem
707 4202 783 4274 in
843 4194 1243 4271 affectione
1302 4191 1709 4265 commodi.
1767 4190 1931 4265 Hoc

392 4329 627 4424 patet,
663 4313 846 4413 quia
878 4308 1210 4409 primum
1254 4303 1668 4400 objectum,
1731 4302 1935 4378 circa

392 4437 600 4539 quod
677 4427 959 4527 aliquis
1020 4430 1357 4498 meretur
1444 4420 1721 4519 prim0,
1821 4428 1937 4495 est

392 4560 558 4658 ipse
624 4551 862 4640 DeuS,
943 4540 1370 4618 secundum
1433 4538 1640 4636 quod
1705 4535 1936 4612 affec-

394 4675 604 4750 tione
650 4661 968 4766 justitiae
1021 4659 1188 4733 vult
1235 4658 1397 4731 Deo
1460 4656 1781 4749 bonum,
1855 4661 1939 4729 ut

398 4813 557 4867 esse
596 4794 671 4861 et
710 4782 893 4857 bene
932 4795 1117 4869 esse,
1162 4772 1455 4848 scilicet
1501 4772 1798 4869 justum
1865 4778 1940 4846 et

79 4886 337 5006 οῇξῇζξξὲὶ
398 4904 853 5005 sapientem.
944 4890 1094 4966 Sed
1175 4887 1473 4963 affectio
1554 4885 1938 4962 commodi

54 5014 359 5078 “³²¹⁸¹¹²⁵⁸³·
399 5017 711 5121 respicit
782 5008 1175 5111 proprium
1243 5004 1564 5092 bonum,
1627 5014 1700 5079 et
1766 5004 1938 5078 ideo

399 5139 754 5217 meritum
819 5149 972 5202 non
1061 5123 1410 5197 consistit
1510 5121 1759 5220 primo
1859 5121 1937 5194 in

394 5252 796 5334 affectione
883 5238 1232 5340 justitiae,
1318 5246 1401 5312 ut
1495 5237 1801 5311 ordinat
1867 5243 1941 5310 et

395 5373 837 5450 moderatur
946 5354 1429 5432 affectionem
1554 5351 1939 5428 commodi

391 5492 597 5569 circa
666 5487 958 5561 bonum
1035 5473 1460 5574 proprium.
1527 5473 1674 5548 Sed
1743 5472 1943 5546 sicut

397 5602 858 5683 demeritum
889 5591 1228 5692 primum
1269 5591 1739 5688 Angelorum
1802 5586 1942 5661 fuit

3449 385 3575 455 381

2038 549 2523 628 inordinatus
2598 560 2881 647 motus,
2964 561 3040 628 et
3112 553 3579 631 desiderium

2036 667 2535 743 beatitudinis
2594 667 2785 743 citra
2834 668 3116 764 Deum,
3184 670 3290 745 ita
3349 673 3581 748 meri-

2036 794 2199 858 tum
2229 795 2342 859 est
2374 784 2772 859 ordinatus
2806 797 3057 861 motus
3089 786 3293 863 circa
3320 788 3578 864 -Deum

2037 902 2368 977 volendo
2401 902 2542 977 sibi
2584 904 2903 998 bonum,
2940 914 3014 980 et
3042 906 3371 981 volendo
3404 931 3579 982 cum

2036 1019 2313 1094 debitis
2364 1020 2962 1096 circumstantiis
3016 1023 3160 1098 sibi
3210 1024 3578 1122 conjungi

2036 1135 2293 1235 ipsum
2332 1136 2409 1209 in
2453 1160 2533 1212 se
2575 1137 2748 1211 etin
2792 1138 2965 1213 aliis
3009 1167 3028 1232 3
3074 1148 3148 1214 et
3180 1140 3357 1216 ideo
3383 1143 3578 1218 velle

2036 1250 2439 1329 affectione
2483 1254 2894 1348 commodi,
2936 1256 2997 1329 si
3049 1280 3200 1332 non
3267 1256 3583 1335 ordine-'

2035 1378 2186 1460 tur,
2223 1380 2294 1446 et
2331 1373 2768 1448 moderetur
2790 1372 3190 1451 affectione
3222 1378 3573 1475 justitiae,

2037 1496 2152 1562 est
2217 1486 2702 1563 demeritum.
2779 1490 2975 1578 Quia
3027 1492 3578 1571 immoderatus

2035 1600 2435 1680 affectione
2486 1604 2809 1701 justitiae
2873 1630 3029 1681 non
3079 1619 3417 1686 meretur
3469 1637 3579 1688 se-

2037 1718 2377 1793 cundum
2421 1721 2623 1818 quod
2681 1723 3058 1820 praevenit
3097 1724 3578 1804 affectionem
3642 1744 3655 1757 ·

2026 1836 2379 1933 justitiae,
2424 1849 2498 1914 et
2545 1839 2712 1915 ideo
2765 1841 2837 1915 in
2912 1841 3319 1920 affectione¹
3371 1870 3580 1922 com-

2038 1953 2273 2047 modi,
2346 1953 2496 2028 nisi
2586 1956 2957 2031 reseratur
3041 1960 3132 2034 ad
3225 1961 3579 2037 ultimum

2038 2069 2275 2145 finem
2335 2069 2736 2148 affectione
2782 2073 3133 2171 justitiae,
3199 2103 3351 2153 non
3406 2104 3581 2155 con·

2037 2190 2235 2267 sistit
2284 2190 2701 2288 [meritum.
2793 2195 2941 2269 Sed
3033 2197 3162 2271 alii
3254 2200 3467 2275 Beati
3534 2224 3581 2276 a

2036 2306 2364 2394 ChristO,
2437 2307 2618 2404 quia
2686 2312 3111 2387 secundum
3163 2323 3397 2390 totam
3454 2342 3581 2391 vo-

2037 2424 2408 2499 luntatem
2452 2425 2839 2523 conjuncti
2884 2439 3067 2504 sunt
3124 2431 3284 2507 Deo
3345 2433 3579 2509 affec-

2041 2539 2243 2615 tione
2312 2541 2635 2638 justitiae
2702 2545 3281 2643 perfectissime,
3347 2550 3576 2625 etiam

2038 2657 2325 2732 habent
2389 2657 2741 2734 similiter
2829 2664 3317 2740 commodum
3399 2668 3573 2763 sibi,

2038 2773 2245 2870 quod
2279 2774 2663 2873 appetitur
2719 2775 3119 2855 affectione
3162 2785 3573 2880 commodi,

2038 2891 2327 2967 scilicet
2375 2893 2999 2990 conjunctionem
3037 2922 3209 2973 cum
3274 2924 3578 2977 summo

2037 3009 2272 3104 bono,
2320 3008 2490 3084 ideo
2533 3034 2686 3085 non
2741 3025 3065 3112 possunt
3115 3018 3396 3094 habere
3448 3044 3582 3096 ac-

2040 3136 2200 3201 tum
2242 3127 2680 3226 oppositum
2722 3127 3107 3207 affectioni
3162 3137 3572 3234 commodi,

2043 3253 2121 3319 ut
2191 3245 2427 3322 libere
2494 3247 2735 3323 velint
2801 3250 3005 3346 quod
3066 3275 3224 3327 non
3301 3253 3398 3329 sit
3466 3254 3579 3331 eis

2038 3365 2527 3439 commodum
2641 3365 3041 3443 affectione
3163 3373 3572 3448 commodi.

2036 3482 2357 3558 Nullum
2399 3482 2602 3557 enim
2638 3493 2752 3558 est
2782 3484 3165 3581 objectum
3199 3488 3276 3562 in
3309 3491 3580 3588 patria,

2039 3600 2245 3698 quod
2299 3599 2396 3674 sit
2452 3599 3023 3676 incommodum
3089 3604 3229 3699 eis,
3274 3615 3358 3680 ut
3396 3632 3582 3706 pos-

2040 3716 2195 3792 sint
2232 3716 2308 3789 id
2352 3717 2574 3808 velle,
2639 3718 2844 3815 quod
2910 3718 3312 3799 affectione
3381 3749 3582 3799 com-

2042 3833 2246 3907 modi
2285 3834 2585 3908 nolunt.

2137 3950 2285 4024 Sed
2318 3950 2695 4044 Christus,
2742 3952 2922 4049 quia
2974 3956 3576 4056 secundumfali-
3728 3973 3796 4043 6.

2039 4067 2222 4165 quid
2252 4067 2390 4141 suit
2426 4067 2675 4143 viator
2713 4078 2786 4143 et
2826 4072 3235 4168 passibilis,
3293 4097 3574 4151 secun·
3602 4086 3790 4200 Mogup
3816 4101 3926 4152 qno

2040 4186 2222 4260 dum
2273 4185 2632 4260 virtutem
2676 4188 3121 4264 sensitivam
3174 4202 3249 4266 et
3294 4196 3571 4293 portio·
3605 4151 3926 4287 ρξωῗῖιὲηἷ-

2041 4307 2253 4378 nem'
2319 4302 2752 4380 inferiorem
2855 4308 3296 4405 voluntatis,
3405 4314 3575 4392 ideo
3707 4290 3829 4330 ’ω’

2041 4419 2314 4496 habuit
2347 4422 2585 4496 multa
2616 4421 2912 4520 objecta
2941 4423 3083 4500 sibi
3119 4441 3583 4525 praesentata

2044 4538 2430 4633 sensibuS,
2468 4548 2542 4614 et
2571 4539 2923 4638 portione
2967 4541 3335 4642 inferiori,
3382 4549 3587 4627 circa

2045 4678 2223 4754 quae
2268 4654 2512 4753 potuit
2552 4655 2789 4731 libere
2829 4658 3026 4732 veIle
3059 4660 3348 4761 aliquid
3398 4665 3588 4744 citra

2047 4769 2527 4846 affectionem
2589 4772 3005 4867 commodi,
3057 4797 3233 4872 quae
3283 4803 3590 4881 semper

2048 4896 2165 4963 est
2194 4887 2287 4962 ad
2322 4888 2792 4963 conveniens
2823 4888 2932 4962 illi
2959 4892 3076 4987 cuj
3091 4917 3180 4967 us
3211 4905 3326 4970 est
3359 4924 3379 4992 ;
3414 4897 3584 4976 ideo

2038 5005 2493 5103 jejunandO,
2538 5003 2953 5101 vigilando,
3017 5012 3338 5107 orandO,
3392 5026 3467 5090 et
3511 5017 3587 5090 in

2051 5121 2311 5196 multis
2355 5121 2632 5196 talibus
2669 5121 2971 5216 meruit,
3005 5126 3128 5199 vel
3162 5133 3588 5208 exercendo

2049 5237 2490 5334 hujusmodi
2602 5238 2963 5330 exterius,
3051 5244 3173 5316 vel
3265 5246 3590 5326 interius

2046 5353 2380 5426 volendo
2448 5351 2632 5426 talia
2687 5363 2999 5451 propter
3056 5356 3300 5433 Deum
3383 5386 3592 5440 exer-

2049 5493 2250 5544 cere.

2143 5587 2354 5661 Tunc
2430 5585 2599 5662 dico
2676 5587 3030 5684 quamvis
3118 5593 3391 5693 Angeli
3459 5601 3591 5676 ha-

3968 5905 4263 6184 Γ
