4295 6326
217 1119 326 1184 12.

103 1234 324 1293 Quando
337 1233 428 1282 ha·

138 1298 271 1345 bens
300 1296 394 1345 ali-

100 1359 218 1421 quid
256 1359 394 1407 emi-

103 1426 288 1470 nenter
320 1435 420 1483 po·

104 1488 200 1533 test
235 1483 400 1533 habe·

136 1561 192 1595 re
226 1546 364 1595 illud

97 1608 419 1659 formaliter.

100 3470 264 3529 Quare
291 3467 386 3520 Sol

155 3545 264 3581 non
301 3535 388 3580 est

97 3594 392 3644 formaliter

125 3657 258 3708 ulid
267 3671 351 3707 un.

1387 464 1610 532 DIST.
1663 465 1884 535 XXV.
1939 465 2357 546 QUAESTlo
2410 470 2643 538 UNlC.

453 629 640 728 liter,
688 631 897 708 Deus
1009 646 1270 733 posset
1344 660 1513 712 esse
1579 637 2005 713 formaliter

455 751 605 824 tale
697 753 925 848 quale
1001 765 1116 827 est
1195 755 1653 844 virtualiter,
1718 765 1792 829 et
1869 780 2003 854 per

455 888 943 965 consequens
1000 880 1258 967 posset
1338 895 1506 946 esse
1583 873 2004 948 formaliter

458 1006 749 1057 asinus

557 1099 743 1175 Dico
821 1104 1026 1198 quod
1087 1107 1231 1179 hoc
1300 1115 1413 1180 est
1489 1129 1794 1180 sumere
1847 1130 2001 1178 non

457 1238 766 1290 causam
798 1230 881 1292 ut
907 1242 1247 1313 causam,
1271 1222 1453 1317 quia
1483 1222 1897 1319 aliquando
1923 1220 2000 1292 in

453 1333 716 1407 eadem
762 1359 841 1409 re
883 1347 1064 1411 sunt
1101 1338 1425 1412 diversae
1467 1338 1999 1437 proprietateS,

455 1462 528 1526 et
559 1461 741 1525 tunc
792 1456 1102 1550 quando
1145 1457 1435 1553 aliquid
1461 1456 1825 1555 competit
1857 1454 2003 1529 sibi

456 1569 748 1644 ratione
786 1570 1014 1645 unius
1074 1572 1588 1671 proprietatis,
1634 1572 2005 1671 probatur

451 1686 704 1761 inesse
764 1687 875 1761 illi
938 1688 1232 1763 ratione
1293 1690 1609 1765 alterius
1650 1689 2004 1788 proprie-

449 1803 672 1887 tatis;
711 1802 894 1901 quia
947 1803 1251 1879 videtur
1281 1806 1485 1902 quod
1520 1806 1597 1878 in
1642 1808 1786 1880 hoc
1828 1814 2001 1880 ente

449 1921 952 2017 consequitur
988 1921 1163 1997 talis
1218 1921 1561 2011 effectus,
1627 1923 1811 2020 quia
1876 1924 2005 1997 ha-

448 2037 577 2112 bet
607 2040 834 2112 talem
906 2040 1479 2139 proprietatem,
1544 2053 1618 2117 et
1677 2042 2003 2115 infertur

448 2155 652 2252 quod
702 2155 1169 2253 ubicumque
1235 2157 1363 2231 illa
1415 2157 1843 2256 proprietas
1891 2178 2003 2230 re·
2047 2210 2050 2213 -

449 2271 767 2368 peritur,
814 2272 1087 2347 debeat
1126 2274 1342 2370 sequi
1414 2274 1587 2348 talis
1646 2272 1990 2359 ,effectus

447 2386 572 2461 Sic
674 2387 752 2461 in
860 2390 1252 2488 proposito
1348 2391 1421 2463 in
1532 2390 1993 2487 quibusdam

446 2504 844 2601 exempliS,
926 2515 1410 2603 assumptum
1482 2516 1598 2579 est
1694 2528 1993 2599 verum,

446 2621 650 2717 quod
694 2622 990 2696 habens
1018 2621 1312 2719 aliquid
1341 2623 1568 2697 modo
1594 2622 1993 2715 eminenti,

445 2758 596 2809 non
643 2736 859 2810 estin
896 2737 1238 2834 potentia
1277 2738 1370 2812 ad
1415 2738 1857 2811 habendum
1915 2737 1999 2812 il·

448 2853 576 2927 lud
644 2853 868 2927 modo
947 2854 1206 2927 minus
1284 2854 1682 2947 eminenti,
1736 2864 1995 2929 tamen

447 2970 989 3046 universaliter
1028 2983 1337 3070 sumpta
1394 2981 1507 3047 est
1573 2972 1994 3070 propositio

450 3089 661 3182 falsa,
708 3088 895 3186 quia
926 3088 1004 3162 in
1044 3089 1305 3163 multis
1336 3091 1798 3189 praehabens
1849 3090 1995 3165 ali-

447 3204 630 3300 quid
669 3206 894 3278 modo
936 3205 1457 3299 eminentiori,
1511 3217 1594 3281 ut
1638 3206 1994 3281 virtuali-

447 3330 589 3414 ter,
635 3331 746 3396 est
823 3321 899 3394 in
981 3322 1320 3419 potentia
1376 3322 1469 3397 ad
1547 3324 1988 3398 habendum

448 3438 636 3512 illud
685 3438 1122 3514 formaliter.
1161 3440 1319 3514 Nec
1370 3449 1484 3515 est
1551 3442 1716 3516 haec
1758 3464 1993 3516 causa

449 3555 524 3628 in
570 3555 774 3649 Sole,
812 3579 1048 3654 quare
1090 3580 1244 3630 non
1279 3566 1525 3655 potest
1589 3581 1756 3633 esse
1816 3558 1991 3631 cali-

448 3671 593 3745 dus
642 3671 1085 3765 formaliter,
1122 3695 1214 3747 ex
1245 3674 1389 3746 hoc
1431 3673 1633 3770 quod
1680 3674 1776 3747 sit
1814 3674 1991 3747 cali·

447 3788 592 3862 dus
664 3787 1114 3883 virtualiter,
1183 3789 1365 3888 quia
1423 3789 1485 3864 si
1575 3791 1718 3865 hoc
1786 3800 1987 3864 esset

446 3927 676 3978 causa
743 3905 1090 4001 praecisa,
1156 3927 1330 3978 cum
1388 3905 1770 3980 Saturnus
1829 3929 1982 3979 non

445 4020 543 4095 sit
593 4020 888 4095 calidus
965 4021 1418 4114 virtualiter,
1510 4045 1650 4096 nec
1754 4021 1983 4096 etiam

443 4136 688 4230 Luna,
717 4146 1170 4233 sequeretur
1201 4136 1406 4233 quod
1466 4146 1786 4233 uterque
1819 4162 1990 4236 pos-

442 4262 558 4328 set
588 4275 754 4327 esse
796 4253 1092 4327 calidus
1152 4254 1594 4328 formaliter.
1630 4254 1798 4328 Alia
1857 4254 1988 4351 igi-

445 4378 569 4441 tur
606 4376 722 4442 est
760 4391 995 4442 causa
1025 4390 1263 4464 quare
1311 4368 1440 4442 Sol
1495 4392 1650 4442 non
1707 4380 1821 4444 est
1874 4394 1987 4444 re-

443 4482 791 4580 ceptivus
883 4482 1160 4557 caloris
1277 4482 1722 4577 formaliter,
1804 4485 1987 4580 quia

442 4602 788 4677 caliditas
846 4612 960 4677 est
1004 4602 1364 4700 qualitaS,
1424 4625 1601 4701 quae
1660 4627 1814 4677 non
1875 4613 1990 4679 est

443 4719 932 4818 receptibilis,
979 4719 1125 4793 nisi
1183 4719 1256 4791 in
1328 4743 1407 4793 re
1476 4720 1982 4818 corruptibili,

437 4836 607 4911 ideo
635 4835 865 4932 igniS,
902 4845 1276 4934 quantum
1303 4846 1417 4911 est
1449 4859 1538 4910 ex
1580 4846 1792 4934 parte
1834 4837 1982 4933 sui,

438 4962 554 5027 est
634 4952 1070 5050 receptivus
1167 4952 1446 5026 caloris
1548 4953 1985 5039 formaliter,

442 5072 665 5165 cujus
713 5078 828 5144 est
868 5067 1266 5144 effectivus
1317 5069 1518 5144 sicut
1561 5093 1788 5167 aqua,
1825 5080 1986 5145 esto

440 5188 646 5285 quod
686 5186 1011 5279 calefiat,
1048 5185 1193 5260 sibi
1266 5186 1586 5261 dimissa
1643 5187 1835 5262 redit
1893 5188 1986 5261 ad

444 5303 927 5399 frigiditatem
979 5325 1023 5375 a
1053 5325 1160 5387 se,
1211 5301 1315 5376 ita
1364 5303 1569 5399 quod
1618 5314 1732 5377 est
1772 5301 1990 5378 affec·

439 5420 596 5492 tiva
635 5419 978 5515 ejusdem
1050 5417 1511 5513 frigiditatis,
1550 5427 1624 5492 et
1675 5419 1991 5517 recepti-

442 5560 540 5609 va
567 5534 940 5630 ejusdem,
973 5534 1400 5607 secundum
1436 5533 1772 5632 aliquem
1825 5559 1990 5631 gra-

444 5654 653 5727 dum.
724 5652 879 5745 Sic,
927 5664 1089 5727 esto
1181 5653 1387 5751 quod
1436 5653 1637 5749 ignis
1729 5665 1989 5752 posset

3530 468 3654 534 123

2111 642 2391 716 remitti
2435 642 2507 714 in
2551 646 2832 738 calore,
2870 644 3015 719 sibi
3053 644 3418 717 dimissus
3486 639 3655 715 effi-

2110 758 2210 832 cit
2234 760 2309 832 in
2346 783 2426 834 se
2460 762 2787 835 calorem
2821 762 3267 852 formaliter,
3300 768 3373 831 et
3393 767 3649 830 tamen

2110 900 2424 973 passum
2458 877 2877 974 praeexistit
2908 879 3055 950 ⁴tale
3098 874 3549 949 virtualiter.

2210 992 2600 1079 Similiter,
2640 995 3071 1091 exemplum
3142 993 3234 1066 de
3286 992 3444 1064 Deo
3496 988 3652 1062 sin-

2110 1108 2378 1201 gulare
2411 1120 2549 1201 est,
2597 1109 2780 1207 quia
2820 1110 3027 1183 Deus
3073 1107 3303 1181 habet
3343 1126 3652 1177 omnem

2112 1224 2654 1320 perfectionem
2698 1225 2925 1298 modo
2969 1223 3298 1306 infinito,
3345 1231 3418 1294 et
3482 1220 3656 1293 talis

2115 1342 2387 1415 modus
2429 1342 2763 1415 excludit
2811 1365 3119 1414 omnem
3173 1334 3659 1435 componibi-

2110 1456 2427 1530 litatem.
2466 1457 2633 1530 Non
2706 1457 2939 1553 igitur
3005 1465 3121 1530 est
3189 1456 3333 1528 hoc
3373 1455 3652 1537 solum,

2111 1571 2295 1666 quia
2352 1572 2749 1669 praehabet
2819 1570 3108 1667 aliquid
3200 1569 3654 1659 virtualiter,

2110 1688 2315 1783 quod
2347 1712 2499 1762 non
2544 1698 2792 1787 potest
2833 1687 3224 1784 suscipere
3267 1686 3457 1760 illud
3505 1685 3659 1757 for-

2114 1804 2435 1895 maliter,
2521 1806 2703 1903 quia
2819 1827 3217 1902 nunquam
3308 1802 3654 1900 impedit,

3786 1012 3891 1078 13.

2107 1932 2483 2018 quantum
2546 1933 2661 1996 est
2728 1945 2817 1996 ex
2865 1946 2972 2009 se,
3012 1919 3323 2020 quando
3366 1920 3660 2017 praeha-

2107 2038 2235 2112 bet
2280 2040 2500 2113 talem
2547 2039 2994 2135 qualitatem
3051 2037 3396 2110 limitate.
3438 2034 3657 2108 Unde

2107 2155 2537 2253 subjectum
2575 2156 2805 2230 habet
2863 2154 3290 2229 virtualiter
3335 2162 3408 2228 et
3463 2151 3659 2225 emi-

2106 2282 2380 2347 nenter
2438 2272 2824 2370 propriam
2868 2271 3310 2371 passionem
3364 2268 3654 2344 effecti-

2102 2412 2224 2479 ve,
2261 2399 2336 2463 et
2369 2399 2618 2463 tamen
2658 2398 2905 2487 potest
2942 2412 3110 2463 esse
3172 2390 3320 2462 tale
3384 2389 3656 2462 forma-

2104 2505 2301 2580 liter.
2336 2507 2427 2579 Et
2460 2508 2602 2579 hoc
2634 2514 2747 2580 est
2775 2504 3331 2603 deintentione
3362 2504 3653 2579 Aristo·
3780 2543 3796 2563 ‹

2102 2622 2275 2696 telis
2344 2622 2412 2694 7.
2477 2622 2819 2720 Metaph.
2881 2630 3058 2696 text.
3121 2621 3239 2694 32.
3320 2619 3453 2694 Ad
3514 2620 3655 2695 lzoc

2101 2738 2309 2835 quod
2357 2744 2763 2835 parceretur
2845 2735 3293 2818 substantia,
3347 2758 3651 2809 necesse

2102 2860 2213 2927 est
2268 2853 2473 2951 quod
2510 2852 2968 2950 praeexistat
3056 2850 3483 2925 substantia
3565 2851 3650 2924 in

2100 2976 2274 3043 actu
2302 2997 2328 3053 ,·
2365 2993 2517 3043 non
2550 2977 2807 3042 autem
2840 2968 2932 3042 ad
2970 2969 3113 3041 hoc
3154 2966 3360 3065 quod
3416 2988 3651 3061 gene—

2102 3095 2313 3159 retur
2387 3096 2790 3184 quantum,
2844 3086 2964 3159 vel
3035 3085 3292 3182 quale,
3330 3092 3443 3157 est
3508 3106 3650 3157 ne-

2101 3229 2313 3280 cesse
2356 3206 2561 3302 quod
2611 3205 3046 3303 praeexistat
3099 3205 3247 3278 tale
3301 3203 3377 3275 in
3439 3211 3642 3292 actu,

2099 3319 2233 3394 sed
2267 3319 2546 3395 sufficit
2585 3320 2791 3417 quod
2860 3318 3294 3417 praeexistat
3360 3318 3439 3391 in
3508 3341 3646 3414 po-

2098 3436 2337 3510 tentia
2371 3435 2705 3510 virtuali.

2192 3554 2304 3627 Ad
2337 3553 2572 3640 aliud,
2623 3576 2796 3627 cum
2854 3552 3133 3626 dicitur
3194 3551 3511 3624 materia
3569 3560 3642 3625 et
3670 3588 3750 3639 Ad
3785 3602 3976 3640 secun-

2094 3668 2436 3744 efficiens
2469 3694 2623 3743 non
2667 3668 3115 3743 coincidunt
3148 3668 3219 3740 in
3260 3667 3463 3740 idem
3507 3691 3643 3741 nu·
3705 3653 3960 3765 0232}OE-

2093 3808 2333 3876 merc,
2406 3786 2684 3859 dicitur
2733 3788 2752 3808 ⁶
2820 3785 3024 3883 quod
3103 3784 3179 3856 in
3248 3785 3691 3858 voluntate·
3747 3805 3958 3855 uenrie.

2092 3926 2508 4000 possumus
2549 3903 2700 3977 duo
2768 3902 3285 3988 considerare,
3337 3900 3454 3973 vel
3523 3900 3643 3972 in-
3673 3867 3991 3993 fff‘ssss‘jiffl’

2091 4030 2467 4116 quantum
2509 4030 2618 4094 est
2654 4019 3038 4117 appetitus
3084 4046 3101 4111 3
3147 4017 3267 4090 vel
3304 4016 3643 4114 inquan-
3793 3996 3896 4043 ²¹²⁸·

2090 4146 2250 4210 tum
2353 4136 2567 4210 liber.
2670 4137 3137 4233 lnquantum
3235 4132 3645 4229 appetitus,

2091 4252 2390 4350 recipit,
2426 4253 2888 4349 inquantum
2945 4252 3162 4342 liber,
3230 4249 3491 4324 efficit.

2192 4370 2338 4444 Sed
2373 4370 2557 4443 illud
2602 4394 2751 4443 non
2799 4371 3026 4454 valet,
3074 4368 3257 4466 quia
3294 4366 3647 4464 proxima

2093 4486 2286 4559 ratio
2320 4487 2833 4560 constituendi
2878 4484 3243 4582 speciem,
3294 4492 3376 4556 ut
3426 4480 3649 4555 diffe-

2093 4601 2343 4675 rentia
2377 4601 2671 4694 ultima,
2708 4611 2822 4675 est
2871 4600 3220 4700 proxima
3275 4598 3463 4672 ratio
3519 4619 3644 4670 re-

2094 4717 2429 4816 cipiendi
2497 4718 2881 4816 propriam
2936 4715 3373 4815 passionem
3423 4743 3440 4808 3
3487 4738 3643 4788 non

2095 4835 2301 4910 enim
2346 4835 2616 4932 recipit
2675 4836 2903 4908 homo
2966 4831 3472 4905 risibilitatem
3519 4855 3645 4904 ra-

2094 4952 2302 5026 tione
2345 4951 2726 5044 animalis,
2764 4950 2895 5025 sed
2949 4947 3273 5042 ratione,
3324 4970 3479 5044 qua
3521 4970 3646 5021 ra-

2093 5068 2405 5143 tionalis
2433 5079 2570 5143 est.
2620 5070 2710 5143 Et
2759 5091 2896 5166 per
2936 5067 3158 5140 istam
3202 5063 3646 5161 responsio-

2098 5208 2275 5258 nem
2379 5184 2783 5281 aequalitel·
2896 5192 3151 5281 posset
3281 5180 3644 5254 sustineri

2098 5304 2306 5401 quod
2347 5305 2715 5401 quaelibet
2754 5303 3050 5401 species
3093 5310 3350 5399 posset
3417 5322 3644 5395 agere

2094 5422 2172 5493 in
2218 5444 2326 5514 se,
2373 5421 2476 5495 ita
2515 5421 2711 5495 bene
2754 5444 2905 5493 non
2947 5419 3184 5493 libera
3226 5417 3423 5491 sicut
3466 5416 3647 5490 libe-

2094 5560 2204 5624 ra,
2242 5548 2315 5612 et
2346 5537 2640 5613 ratione
2684 5535 3099 5610 materialis
3130 5535 3252 5608 vel
3302 5531 3635 5628 generiS,

2101 5655 2337 5753 possit
2401 5656 2767 5754 recipere,
2804 5664 2877 5728 et
2945 5653 3236 5726 ratione
3278 5648 3642 5724 differen-
