4295 6326
638 436 766 505 174

633 615 749 682 ter
788 607 985 682 male
1025 609 1223 683 velle
1261 636 1279 703 ;
1326 607 1561 705 igitur
1612 607 1674 683 si
1716 608 2180 706 inquantum

625 724 987 799 voluntas
1027 724 1482 800 defectibilis
1548 750 1704 802 non
1772 726 2011 824 possit
2059 727 2184 801 be-

627 863 723 915 ne
756 842 980 936 velle,
1028 865 1183 916 non
1224 853 1485 940 posset
1529 845 1723 918 male
1764 845 1989 919 velle.

729 959 947 1052 Item,
992 958 1137 1034 ista
1168 962 1526 1035 voluntas
1567 960 2029 1057 inquantum
2061 961 2185 1037 de-

633 1075 1013 1171 fectibilis,
1081 1101 1236 1150 nou
1294 1088 1405 1152 est
1458 1078 1604 1154 nisi
1654 1080 2015 1153 voluntas
2073 1078 2185 1151 in-

632 1203 1016 1290 quantum
1103 1193 1346 1269 libera
1389 1222 1407 1289 ;
1480 1194 1715 1292 igitur
1788 1194 1991 1271 idem
2070 1205 2185 1272 est

2054 438 2297 508 LIBRI
2344 438 2432 510 11.

2294 635 2527 687 causa
2559 612 2926 689 deficiens
2967 623 3313 712 respectu
3362 612 3612 688 mali?
3651 609 3851 686 Dicit

2292 726 2421 802 ille
2461 730 2744 805 Doctor
2782 729 2989 825 quod
3030 729 3108 803 in
3163 729 3460 805 actione
3501 730 3850 803 volunta-

2294 845 2407 920 ria
2456 848 2740 921 malum
2784 857 2899 924 est
2950 872 3103 922 non
3162 847 3541 944 subjicere
3600 870 3682 923 se
3724 870 3848 921 re-

2291 963 2496 1060 gulae
2582 963 2699 1038 sui
2796 975 3037 1059 actuS‚
3111 969 3241 1040 sed
3299 954 3485 1038 illud
3560 965 3844 1038 malum

2292 1102 2444 1151 non
2514 1089 2629 1153 est
2704 1083 2984 1179 culpa,
3044 1082 3177 1156 sed
3228 1105 3321 1157 ex
3384 1082 3527 1154 hoc
3582 1079 3847 1178 sequi-

2291 1202 2418 1268 tur
2458 1196 2710 1293 culpa,
2765 1220 2940 1271 cum
2999 1205 3387 1295 operatur,
3460 1220 3614 1271 non
3658 1194 3847 1271 sub-

632 1309 915 1403 dicere,
1007 1312 1212 1410 quod
1278 1313 1637 1387 voluntas
1722 1311 2182 1410 inquantum
2282 1311 2623 1408 jiciendo
2664 1338 2745 1389 se
2807 1315 3097 1411 regulae
3158 1337 3348 1389 suae.

631 1425 1085 1502 defectibilis
1129 1435 1245 1502 est
1291 1451 1527 1504 causa
1591 1427 1801 1522 mali,
1852 1437 1928 1503 et
1975 1428 2182 1526 quod

629 1546 992 1619 voluntas
1050 1545 1511 1643 inquantum
1570 1545 1835 1621 libera.

728 1660 1011 1735 Contra
1068 1661 1522 1755 secuudum,
1575 1661 1925 1760 sequitur
1976 1661 2183 1760 quod

626 1779 988 1852 voluntas
1031 1787 1145 1853 est
1210 1800 1446 1852 causa
1488 1777 1798 1852 fortuita
1857 1777 2183 1877 peccati,

628 1892 763 1969 sed
827 1916 982 1967 non
1061 1902 1371 1991 propter
1437 1895 1582 1967 hoc
1640 1901 1755 1968 θεῖ
1823 1896 2189 1969 voluntas

628 2008 1077 2107 simpliciter
1155 2010 1380 2099 mala,
1441 2031 1614 2106 quae
1681 2018 1797 2084 est
1877 2009 2186 2084 fortuita

628 2147 863 2200 causa
933 2122 1139 2198 mali.

726 2241 944 2335 Item,
1018 2252 1473 2338 sequeretur
1532 2241 1736 2338 quod
1798 2240 1997 2316 sicut
2042 2266 2187 2316 vo-

628 2360 886 2433 luntas
971 2366 1228 2432 creata
1292 2366 1408 2433 est
1452 2380 1724 2440 ,causa
1794 2357 1999 2451 mali,
2080 2356 2186 2433 ita

625 2474 985 2548 voluntas
1025 2473 1194 2567 Dei,
1229 2472 1414 2571 quia
1442 2473 1652 2549 Deus
1691 2474 1855 2548 vult
1886 2482 2178 2568 actum,

629 2587 772 2664 etsi
849 2612 1002 2662 non
1055 2588 1612 2664 deformitatem
1664 2587 1742 2662 in
1794 2599 1969 2663 actu
2001 2611 2187 2687 pec-

630 2704 884 2799 candi,
948 2715 1022 2779 et
1071 2704 1180 2778 sic
1220 2704 1500 2779 dicitur
1551 2704 1755 2801 quod
1825 2705 2184 2780 voluntas

631 2830 883 2896 creata
911 2823 1160 2896 solum
1205 2830 1319 2896 est
1349 2843 1583 2895 causa
1621 2820 1939 2917 peccati.

2389 1430 2698 1525 Contra,
2760 1430 2825 1505 si
2882 1440 3188 1506 tenetur
3235 1432 3594 1506 voluntas
3656 1430 3844 1504 sub-

2283 1546 2521 1642 jicere
2563 1570 2643 1623 se
2687 1549 2975 1645 regulae
3016 1573 3182 1624 suae
3233 1572 3407 1624 cum
3451 1557 3839 1645 operatur,

2294 1685 2588 1759 quaero,
2652 1672 2785 1738 aut
2842 1673 3091 1762 potest
3154 1664 3534 1761 subjicere
3602 1687 3684 1738 se
3726 1687 3847 1739 re-

2294 1780 2734 1875 gulaesuae,
2787 1789 2918 1855 aut
2959 1804 3111 1854 non
3144 1780 3185 1852 Ῥ
3247 1780 3328 1854 Si
3378 1803 3529 1853 non
3566 1787 3840 1878 potest,

2293 1919 2452 1970 non
2504 1905 2812 1970 tenetur
2859 1896 2952 1971 ad
2996 1896 3065 1969 id
3112 1896 3314 1993 quod
3361 1919 3511 1969 non
3566 1903 3839 1993 potest.

2292 2011 2373 2087 Si
2451 2021 2726 2112 potest,
2804 2023 2878 2088 et
2972 2037 3123 2088 non
3220 2014 3423 2106 facit,
3503 2022 3839 2113 pecca13

2172 2160 2175 2165 ⁴
2292 2130 2528 2227 igitur
2574 2132 2754 2207 duas
2799 2141 2985 2208 sunt
3021 2133 3270 2230 culpae
3309 2131 3845 2229 quandocum-

2292 2271 2442 2345 que
2474 2256 2589 2323 est
2622 2272 2777 2323 una
2809 2250 3084 2348 culpa3
3120 2272 3277 2325 una
3308 2249 3386 2320 in
3419 2248 3838 2346 operando,

2292 2387 2445 2436 non
2508 2363 2990 2461 subjiciendo
3040 2388 3124 2441 se
3183 2365 3501 2463 regulae,
3559 2372 3636 2438 et
3691 2362 3845 2439 alia

2290 2504 2447 2555 non
2531 2481 3039 2578 subjiciendo,
3135 2506 3310 2556 cum
3404 2480 3835 2559 tenebatur.

2291 2598 2470 2672 ldeo
2512 2597 2682 2670 dico
2726 2597 2932 2695 quod
2993 2597 3288 2695 primus
3355 2598 3698 2674 defectus
3760 2596 3842 2672 in

2289 2714 2683 2788 voluntate
2724 2721 2838 2787 est
2876 2737 3031 2787 non
3064 2715 3259 2789 velle
3310 2713 3607 2812 operari
3650 2737 3844 2789 con-

2290 2828 2622 2903 corditer
2687 2830 2978 2924 regulae
3018 2852 3210 2903 suae.

3992 1446 4099 1514 13.

399 2958 505 3025 12.
731 2936 899 3011 Alia
964 2936 1223 3034 Opinio
1281 2936 1498 3035 ponit
1564 2936 1767 3034 quod
1845 2958 2001 3011 non
2068 2945 2184 3012 est
2389 2944 2587 3019 Hinc
2618 2968 3033 3042 possumus
3075 2945 3285 3042 loqui
3318 2945 3410 3019 de
3451 2946 3835 3020 substrato
3895 2956 4165 3009 Voluntas

326 3071 572 3144 8⁰9⁰¹²⁶⁸
632 3052 1097 3152 inquirenda
1135 3077 1370 3128 ORUSfl
1399 3051 1750 3128 effectiva
1795 3053 2000 3144 mali,
2046 3053 2181 3129 sed
2290 3060 2491 3134 actui
2551 3062 2780 3156 mal0,
2858 3069 2932 3135 et
2970 3060 3079 3135 sic
3128 3069 3376 3158 potest
3414 3060 3562 3135 dici
3630 3061 3836 3159 quod
3866 3024 4198 3145 οῗῶῗῖωῗῑ
4286 3099 4295 3142 .

278 3135 582 3311 ξῗξέἓῖζὶ
633 3194 867 3246 causa
910 3170 1308 3264 defectiva,
1344 3168 1526 3267 quia
1572 3171 1853 3244 malum
1886 3170 1964 3243 in
2007 3179 2177 3245 actu
2288 3179 2647 3251 voluntas
2688 3188 2803 3252 est
2840 3202 3070 3253 causa
3113 3202 3249 3276 per
3289 3178 3647 3253 accidens
3690 3203 3837 3254 ma·
3866 3157 4196 3321 ἓηιέῗὲἓοξᾷ

315 3297 327 3310 .
389 3296 402 3309 .
472 3297 485 3311 .
586 3296 599 3309 .
3923 3284 3985 3320 ω
4057 3285 4172 3330 on.

306 3335 426 3436 Mfli
456 3325 565 3435 ἔοι)

312 3452 395 3498 ost
423 3461 581 3498 causa

302 3509 570 3567 effectiva,

193 3609 194 3612 η
279 3573 373 3624 sed
398 3572 578 3624 defec-

382 3634 507 3686 tiva.

634 3311 790 3362 non
866 3295 981 3362 est
1042 3285 1190 3360 nisi
1257 3285 1597 3360 carentia
1672 3285 2177 3381 rectitudiniS,

635 3429 810 3505 quae
859 3404 1122 3480 debuit
1171 3403 1516 3478 infuisse.
1555 3405 1645 3477 Et
1685 3406 1831 3478 hoc
1877 3403 2184 3480 videtur

634 3545 772 3622 per
818 3519 1337 3618 Augustinum
1396 3520 1510 3592 12.
1557 3518 1650 3595 de
1713 3518 1939 3594 Civit.
2001 3519 2179 3607 Dei,

634 3663 800 3737 cap.
837 3638 906 3711 7.
940 3637 1010 3710 8.
1057 3643 1129 3712 et
1166 3637 1236 3709 9.
1274 3635 1405 3734 qui
1447 3634 1629 3710 dicit
1660 3634 1863 3734 quod
1897 3633 2179 3712 bonum

629 3780 784 3832 non
817 3762 925 3832 est
963 3779 1193 3830 causa
1235 3751 1604 3851 effectiva,
1630 3753 1770 3827 sed
1803 3752 2182 3852 defectiva

623 3872 970 3959 malitiae,
1053 3881 1127 3946 et
1185 3879 1452 3968 postea
1538 3870 1742 3968 quod
1832 3893 2179 3967 quaerere

625 4012 936 4064 causam
986 3984 1179 4061 mali
1218 3993 1330 4061 est
1366 4008 1712 4084 quaerere
1759 3991 2018 4060 utrum
2070 4010 2180 4060 sz-

624 4106 944 4181 lentium
986 4108 1243 4202 potest
1277 4101 1559 4188 audiri,
1592 4107 1666 4176 et
1701 4101 2011 4177 tenebra
2057 4104 2179 4177 vi-

621 4223 816 4298 deri.

716 4342 825 4415 Ex
891 4339 1012 4414 his
1075 4335 1469 4434 colligitur
1535 4336 1740 4434 quod
1812 4335 1891 4410 in
1973 4338 2174 4411 malo

616 4457 1039 4533 includitur
1132 4454 1421 4552 aliquid
1532 4452 1740 4547 boni,
1833 4454 2174 4528 bonitate

615 4575 890 4673 prima,
955 4582 1029 4648 et
1082 4571 1425 4647 carentia
1480 4570 1848 4645 bonitatis
1890 4594 2175 4646 secun-

620 4692 766 4785 dae,
811 4713 988 4788 quae
1043 4697 1156 4763 θεῖ
1201 4685 1562 4784 perfectio
1618 4696 1797 4762 nata
1834 4687 2175 4763 inhoere-

618 4829 729 4900 re,
788 4816 862 4881 et
917 4815 1101 4879 tunc
1159 4812 1406 4902 potest
1471 4802 1743 4900 quaeri,
1801 4827 1977 4901 quae
2031 4827 2175 4901 po-

619 4934 766 4999 test
826 4946 995 4999 esse
1065 4944 1298 4996 causa
1351 4921 1785 5017 negationis
1852 4921 1932 4993 in
1996 4931 2170 4996 actu

623 5042 851 5129 malo,
936 5040 1056 5114 vel
1152 5060 1386 5112 causa
1470 5036 1679 5112 illius
1774 5037 2167 5133 substrati,

617 5158 823 5260 quod
875 5155 1207 5233 subest?
1260 5154 1518 5228 Primo
1579 5156 1805 5230 modo
1848 5180 2003 5230 non
2045 5158 2174 5230 ha-

616 5278 745 5353 bet
810 5275 1096 5348 malum
1142 5295 1453 5346 causam
1517 5270 1971 5365 effectivam,
2035 5273 2170 5349 sed

614 5403 914 5469 tantum
958 5388 1449 5487 negationem
1491 5412 1774 5484 causoe,
1810 5389 2008 5465 sicut
2046 5391 2172 5466 ab·

614 5512 864 5590 sentia
912 5518 1169 5585 nautae
1223 5518 1337 5583 est
1385 5531 1618 5583 causa
1683 5532 1837 5582 non
1899 5509 2169 5584 salutis

614 5629 863 5706 navis.
936 5626 1087 5702 Sed
1163 5625 1549 5723 quomodo
1617 5635 1730 5701 θεῖ
1804 5627 2166 5703 voluntas

2289 3293 2370 3387 li,
2440 3293 2833 3369 accidente
2892 3319 2985 3369 ex
3042 3304 3255 3392 parte
3297 3318 3581 3384 causae,
3652 3295 3838 3392 quia

2287 3412 2646 3484 voluntas
2756 3396 3012 3485 creata
3091 3434 3227 3508 per
3326 3410 3836 3487 differentiam

2287 3548 2507 3600 suam
2604 3525 3038 3624 specificam
3132 3535 3248 3601 est
3321 3550 3557 3602 causa
3621 3539 3837 3603 actus

2289 3642 2495 3735 mali,
2528 3642 2733 3739 quod
2781 3651 2896 3717 est
2934 3642 3368 3741 oppositum
3417 3653 3682 3719 contra
3713 3668 3840 3718 vo-

2286 3760 2658 3833 luntatem
2754 3758 3237 3853 increatam3
3309 3768 3384 3835 et
3464 3761 3573 3835 sic
3666 3761 3836 3836 dico

2284 3873 2491 3971 quod
2537 3875 2895 3948 voluntas
2958 3884 3214 3950 creata
3253 3899 3390 3973 per
3428 3899 3645 3951 suam
3695 3876 3839 3951 dif-

2285 3991 2683 4066 ferentiam
2772 3991 3208 4091 specificam
3294 4002 3410 4068 θεῖ
3490 3994 3838 4092 proxima

2282 4110 2475 4185 ratio
2507 4109 2964 4206 contingens
2997 4121 3212 4186 actus
3251 4110 3463 4206 boni,
3518 4120 3592 4186 et
3619 4123 3835 4188 actus

2284 4226 2489 4300 mali.
2545 4228 2636 4301 Et
2675 4227 2782 4301 sic
2834 4235 3083 4324 potest
3131 4226 3278 4301 dici
3320 4228 3525 4325 quod
3567 4231 3836 4303 volun-

2281 4351 2397 4418 tas
2436 4343 2787 4418 absolute
2820 4353 2935 4418 est
2965 4365 3198 4418 causa
3256 4367 3392 4442 per
3444 4344 3829 4440 accidenS,

2281 4457 2464 4556 quia
2513 4481 2650 4557 per
2693 4456 3203 4532 differentiam
3248 4458 3683 4556 specificam
3719 4471 3834 4536 est

2278 4598 2515 4649 causa
2551 4574 2927 4673 proxima,
2981 4582 3056 4649 θῖ
3094 4574 3225 4650 illa
3267 4577 3650 4650 contrahit
3695 4602 3833 4652 vo-

2280 4694 2653 4768 luntatem
2720 4692 2795 4765 in
2859 4716 3170 4789 genere,
3229 4714 3406 4791 quae
3472 4696 3831 4772 voluntas

2278 4812 2626 4886 absolute
2683 4811 3189 4905 considerata,
3234 4821 3349 4886 est
3396 4835 3631 4887 causa
3694 4838 3832 4913 per

2277 4928 2635 5003 accidens
2702 4938 2919 5003 actus
2964 4958 2980 5020 3
3053 4928 3250 5003 sicut
3292 4928 3569 5005 dicitur
3621 4932 3828 5029 quod

2277 5045 2707 5121 differentia
2765 5045 3039 5121 accidit
3091 5047 3384 5141 generi,
3458 5049 3640 5147 quia
3715 5058 3830 5124 est

2277 5173 2490 5238 extra
2545 5162 2714 5260 ejus
2773 5160 3277 5257 intellectum,
3314 5173 3388 5239 et
3446 5167 3829 5240 contrahit

2276 5278 2527 5378 ipsum
2580 5279 2675 5353 ad
2717 5288 3002 5354 certam
3043 5278 3405 5377 speciem.
3453 5282 3631 5358 Ideo
3690 5284 3827 5358 de-
3888 5299 4156 5352 utunon

2278 5392 2709 5469 sectibilitas
2762 5417 2915 5468 non
2995 5403 3110 5469 est
3153 5395 3477 5496 'proprie
3544 5422 3827 5497 appro-
3921 5439 4116 5500 gippro-

2274 5510 2537 5609 prians
2571 5511 3072 5605 voluntatem,
3124 5522 3203 5586 ut
3234 5510 3330 5587 sit
3374 5537 3609 5589 causa
3638 5540 3830 5590 cou-
3874 5551 4156 5610 mmmm,

2274 5627 2580 5725 tingens
2646 5625 3088 5703 immediata
3152 5637 3368 5704 actus
3453 5632 3824 5710 meritorii

3892 3337 3945 3383 et
3974 3333 4126 3385 mali.

3874 5236 4158 5289 Defectibi-

3884 5366 3969 5412 est
3994 5377 4158 5414 causa

3857 5502 4042 5552 prmus
4072 5502 4162 5539 vo·

3879 5619 3941 5666 ut
3967 5619 4153 5666 causet

3912 5677 4138 5731 malum.
