4295 6326
603 406 732 473 416
1978 405 2220 474 LIBRI
2269 405 2388 474 IV.

2263 601 2419 652 non
2490 587 2911 676 potuerunt
2977 574 3340 650 habuisse
3409 583 3662 648 actum
3706 573 3810 647 ita
3857 604 4148 661 Daemones

2262 693 2678 768 deformem
2720 693 2797 766 in
2828 692 3144 785 malitia,
3177 692 3375 767 sicut
3400 690 3538 765 suit
3557 700 3800 783 actuS‚
3854 679 4166 791 ⁰⁰2²„ig'gt‘i‘

2261 833 2415 908 quo
2483 811 2832 885 Christus
2878 809 3122 884 voluit
3175 809 3359 907 pati,
3412 809 3664 882 bonus
3723 806 3798 879 in
3836 816 3867 852 ⁸
3927 810 4158 854 mortem

2262 928 2601 1003 bonitate
2664 927 2958 1018 morali,
3015 926 3201 1024 quia
3262 936 3478 1000 actus
3533 924 3805 1000 habuit
3850 866 4140 979 Βοῖῗῖἑῗὲῑῗῖ

608 602 698 654 ca
725 579 1174 656 delectabile
1216 580 1649 677 separatim.
1680 578 1900 654 Unde
1933 588 2150 654 actus

609 695 813 770 circa
847 696 1219 771 tristabile
1258 707 1373 772 est
1401 697 1645 793 magis
1680 696 2143 789 meritoriuS,

608 832 841 907 quam
883 822 1099 885 actus
1130 812 1334 887 circa
1362 813 1842 905 delectabile,
1880 823 1953 886 et
1983 836 2151 910 pas-

609 926 867 1002 siones
975 930 1435 1005 voluntariae
1545 930 2150 1005 concomitantes
3831 995 3952 1056 quis
3998 997 4160 1042 met,

298 2122 372 2176 Ad
406 2129 570 2182 quar-

363 2195 498 2236 tum.

282 3063 359 3115 Ad
396 3064 555 3125 quin-

362 3133 493 3177 tum.

609 1052 863 1116 actum
903 1043 1209 1119 virtutis
1249 1056 1661 1144 acceptatae
1694 1054 1875 1120 sunt
1908 1045 2150 1142 magis

613 1159 1022 1236 meritoriae
1055 1184 1287 1259 quam
1320 1173 1536 1238 actus
1567 1172 1893 1237 tantum.
1928 1161 2150 1238 Unde

610 1278 800 1352 dixit
873 1279 1226 1356 Salvator
1307 1282 1400 1357 de
1486 1281 1732 1357 Paulo
1826 1286 1990 1357 Act.
2073 1281 2144 1354 9.

616 1394 1024 1471 Ostendam
1103 1397 1178 1472 ei
1249 1404 1536 1496 quanta
1600 1405 1898 1497 oportet
1977 1422 2147 1473 eam

604 1511 777 1609 pati
833 1535 981 1610 pro
1067 1514 1379 1589 nomine
1457 1538 1669 1601 meo:
1732 1539 1887 1589 non
1966 1514 2154 1589 dixit

613 1639 902 1725 quanta
980 1640 1278 1728 oportet
1344 1655 1520 1707 eum
1611 1657 1865 1730 agere.
1932 1632 2153 1720 Quod

613 1768 794 1841 ergo
827 1746 1174 1823 Christus
1207 1749 1451 1824 voluit
1481 1750 1590 1824 sic
1620 1752 1805 1848 pati,
1840 1775 2156 1850 proces-

616 1859 712 1933 sit
754 1884 848 1935 ex
887 1887 1146 1939 amore
1190 1864 1492 1939 intenso
1526 1864 1703 1940 finis
1758 1875 1831 1941 et
1879 1867 2150 1962 nostri,

533 2024 536 2027 >
618 1999 773 2074 quo
805 1978 1068 2054 dilexit
1098 2006 1240 2056 nos
1274 1994 1582 2081 propter
1613 1985 1887 2059 Deum.

716 2095 828 2168 Ad
861 2096 1066 2170 aliud
1123 2100 1433 2194 quando
1501 2101 1877 2197 arguitur,
1949 2103 2154 2200 quod

621 2211 940 2286 minima
1007 2214 1218 2289 laesio
1295 2216 1517 2290 istius
1594 2242 1946 2316 personae
2016 2219 2156 2294 fuit

620 2327 866 2424 majus
900 2331 1187 2404 malum
1231 2354 1459 2428 quam
1513 2335 1773 2408 omnia
1813 2344 2152 2432 peccata,

615 2442 1026 2518 dicendum
1062 2448 1265 2544 quod
1323 2451 1469 2523 hoc
1500 2451 1770 2547 probat
1801 2452 2157 2549 proposi-

612 2568 800 2644 tum,
879 2564 1082 2658 quod
1143 2565 1363 2640 aliter
1427 2566 1671 2664 potuit
1738 2568 2154 2645 redemisse

616 2699 844 2774 quam
873 2702 1009 2777 per
1043 2691 1388 2757 mortem.
1427 2684 1617 2758 Dico
1651 2694 1903 2760 tamen
1948 2687 2154 2784 quod

613 2797 828 2872 laesio
923 2799 1074 2875 alia
1156 2801 1525 2877 valuisset
1631 2813 1923 2879 tantum
2016 2829 2153 2904 pro

615 2925 904 3010 quanto
936 2916 1078 2991 fuit
1107 2928 1521 3017 acceptata.

712 3032 823 3105 Ad
869 3033 1106 3128 aliud,
1170 3035 1579 3111 dicendum
1631 3040 1836 3136 quod
1878 3063 2154 3137 pecca-

616 3158 777 3225 tum
822 3150 1334 3228 occidentium
1398 3155 1643 3252 potuit
1683 3155 1997 3251 redimi3
2034 3167 2153 3232 ta-

617 3287 788 3337 men
833 3266 1248 3341 Anselmus
1289 3267 1496 3362 dicit,
1536 3280 1617 3343 ut
1647 3294 1882 3368 supra
1913 3280 2145 3369 patet,

611 3382 815 3477 quod
871 3382 1202 3460 scienter
1265 3410 1418 3460 non
1478 3397 1896 3485 potuerunt
1943 3389 2152 3462 occi-

608 3498 812 3574 disse
865 3526 1070 3597 eum,
1116 3514 1368 3580 tamen
1452 3530 1605 3579 non
1658 3507 1883 3581 credo
1927 3507 2138 3594 illud,

607 3616 962 3712 quamvis
1020 3643 1195 3693 eum
1265 3622 1514 3697 Deum
1592 3647 1728 3720 per
1777 3622 2142 3698 unionem

605 3733 1040 3829 scivissent,
1098 3738 1530 3835 potuissent
1587 3750 1838 3815 tamen
1889 3740 2144 3838 ipsum

606 3850 1008 3946 occidisse,
1109 3863 1182 3928 et
1257 3856 1524 3930 saltem
1613 3856 1678 3929 si
1756 3855 2139 3947 fecissent,

604 3966 858 4042 adhuc
898 3991 1164 4043 eorum
1203 3982 1599 4068 peccatum
1656 3983 1856 4048 esset
1895 3995 2101 4047 reme
2133 4014 2146 4020 -

601 4083 885 4161 diahile
960 4112 1097 4185 per
1171 4091 1638 4188 passionem,
1720 4090 1903 4187 quia
1969 4092 2142 4190 plus

602 4201 867 4277 dilexit
907 4205 1117 4280 Deus
1175 4208 1609 4304 passionem
1673 4210 2140 4309 acceptando

601 4340 834 4417 quam
896 4323 1184 4398 malum
1246 4349 1514 4400 eorum
1573 4326 1882 4401 odisset.
1924 4325 2142 4401 Unde

2261 1042 2707 1140 honitatem,
2788 1067 2943 1118 non
3025 1044 3276 1118 solum
3338 1065 3429 1116 ex
3489 1040 3806 1115 volitiva

2262 1162 2627 1261 potentia,
2709 1162 2841 1237 sed
2901 1185 2994 1237 ex
3059 1183 3364 1235 summa
3404 1157 3802 1251 charitate,

2263 1302 2418 1377 qua
2446 1278 2692 1353 voluit
2722 1278 2944 1374 mori,
2981 1287 3055 1354 et
3086 1276 3346 1375 aliquo
3394 1275 3618 1351 modo
3660 1276 3807 1348 ha-

2261 1396 2428 1472 huit
2486 1397 3040 1496 honitatem-ex
3076 1419 3407 1495 persona
3464 1393 3625 1488 illa,
3672 1393 3806 1467 sed

2264 1524 2480 1589 actus
2511 1515 2842 1589 aliorum
2900 1513 3147 1589 malus
3188 1537 3345 1586 non
3407 1510 3810 1586 habuisset

2265 1641 2555 1707 tantam
2607 1632 2973 1707 malitiam
3034 1656 3126 1706 ex
3190 1628 3457 1704 habitu
3528 1651 3814 1727 praece-

2265 1751 2492 1825 dente
2526 1750 2999 1824 deordinato.
3048 1748 3373 1846 Et,quod
3398 1747 3812 1844 Apostolus

2267 1866 2450 1941 dicit
2483 1867 2549 1938 1.
2597 1865 2942 1940 Corinth.
2981 1866 3050 1938 2.
3089 1863 3295 1962 quod
3329 1864 3401 1937 si
3428 1862 3820 1960 coqnovis-

2263 1988 2457 2076 sent,
2483 2004 2878 2079 nunquam
2908 1980 3337 2055 Dominum
3360 1976 3819 2076 {crucifimis-

2264 2108 2452 2187 sent,
2486 2101 2654 2175 dico
2699 2101 2903 2199 quod
2949 2100 3291 2198 loquitur
3338 2120 3492 2171 non
3536 2098 3628 2171 de
3672 2096 3819 2170 Ju-

2267 2218 2485 2312 daeis,
2517 2219 2649 2292 sed
2682 2217 2774 2292 de
2807 2216 3289 2316 principibus
3320 2214 3615 2308 mundi,
3663 2213 3818 2288 sci-

2268 2335 2443 2410 licet
2483 2334 2996 2421 daemonibuS‚
3035 2333 3219 2430 quia
3268 2331 3340 2406 si
3374 2332 3625 2431 primo
3658 2330 3817 2406 sci-

2267 2452 2556 2526 vissent
2605 2451 2862 2549 ipsum
2925 2449 3159 2525 fuisse
3202 2473 3475 2524 verum
3529 2448 3812 2545 Deum,

2266 2594 2420 2644 non
2486 2568 2983 2666 instigassent
3042 2568 3400 2643 homines
3477 2566 3574 2641 ad
3642 2568 3815 2665 ejus

2268 2695 2618 2777 mortem,
2669 2684 2853 2783 quia
2915 2685 3203 2760 bonum
3257 2683 3626 2759 nolebant
3666 2682 3811 2781 ipsi

2266 2802 2645 2895 evenisse,
2671 2802 2878 2900 quod
2909 2800 3051 2876 fuit
3084 2799 3511 2898 redemptio
3547 2801 3813 2874 huma-

2265 2920 2344 2994 ni
2377 2919 2709 3017 generiS.
2757 2919 3017 2993 Primo
3085 2928 3436 3016 respectu
3501 2917 3812 3015 quando

2263 3038 2410 3111 hoc
2444 3037 3021 3133 ignoraverunt,
3060 3034 3632 3131 instigaverunt
3671 3033 3810 3107 Ju-

2262 3154 2471 3229 daeos
2530 3154 2622 3229 ad
2666 3154 2838 3251 ejus
2877 3162 3243 3246 mortem3
3299 3151 3616 3250 quando
3667 3174 3813 3225 au-

2261 3280 2414 3345 tem
2491 3271 2888 3345 sciverunt
2980 3270 3232 3368 ipsum
3303 3292 3470 3345 esse
3537 3291 3810 3343 verum

2261 3388 2539 3480 Deum,
2662 3396 3216 3485 persuaserunt
3337 3384 3803 3484 oppositum.

2263 3503 2483 3579 Unde
2539 3528 2730 3578 uxor
2787 3504 3013 3578 Pilati
3057 3502 3265 3576 misit
3314 3501 3409 3575 ad
3468 3524 3648 3575 eum
3690 3500 3814 3573 di-

2261 3642 2471 3714 cenS,
2522 3620 2792 3695 Matth.
2844 3620 2963 3693 27.
3017 3616 3252 3694 Nilzz'l
3299 3615 3444 3691 tibi
3496 3623 3569 3691 et
3592 3618 3810 3716 justo

2260 3736 2424 3824 ille}
2488 3737 2732 3842 multa
2798 3738 3005 3813 enim
3062 3760 3298 3835 passa
3360 3759 3530 3809 sum
3589 3740 3806 3808 nocte

2258 3854 2408 3929 isla
2455 3854 2537 3928 in
2588 3855 2759 3929 visu
2816 3854 2908 3928 de
2949 3876 3061 3927 ec.
3125 3853 3334 3927 Bene
3374 3860 3631 3925 tamen
3663 3873 3806 3924 vo-

2261 3971 2583 4046 luissent
2641 3972 2895 4070 ipsum
2963 3993 3130 4047 esse
3184 3977 3569 4043 mortuum
3634 3968 3801 4043 siue

2260 4088 2786 4188 redemptione
2890 4086 3213 4163 humani
3318 4083 3655 4182 generiS,
3735 4083 3799 4159 si

2257 4206 2423 4281 fieri
2459 4205 2855 4304 potuisset.
