4295 6326
313 614 635 673 D.Thom·l³·

313 681 359 728 ³.
378 695 429 745 q.
447 684 521 732 Π.
536 677 635 729 (πῖ.

315 746 361 792 1.
395 756 562 794 unum
585 740 640 787 et

314 808 484 857 multa
518 806 614 854 im-

375 868 605 918 mediate

346 930 591 996 opposita

372 3493 614 3544 Christus

328 3570 438 3606 non
451 3555 648 3606 estduo

331 3618 647 3673 masculine,

329 3681 414 3731 vel
442 3684 655 3732 neutra-

420 3744 557 3795 liter.

473 4904 536 4970 3.

373 5020 612 5095 Objectio

403 5097 591 5149 prima.

373 5632 635 5684 Secunda.

657 414 784 481 288

663 593 739 659 to
781 586 1156 681 absolute,
1196 609 1335 659 nec
1370 584 1572 683 quod
1615 584 1712 659 sit
1757 606 1994 657 unum
2031 605 2198 674 enS,

668 725 808 777 nec
849 703 1052 800 qnod
1083 702 1179 777 sit
1221 703 1485 791 multa,
1523 702 1654 776 sed
1712 724 1886 774 cum
1950 698 2205 773 deter-

673 822 1086 897 minatione
1129 832 1242 898 est
1291 845 1524 896 unum
1589 844 1727 895 ens
1777 819 2202 895 secundum

668 941 874 1039 quod
917 942 1177 1033 homo,
1214 952 1287 1014 et.
1327 949 1440 1014 est
1472 962 1710 1013 unum
1747 961 1884 1013 ens
1925 960 2208 1012 secun-

669 1056 852 1129 dum
896 1056 1100 1153 quod
1144 1057 1379 1131 Deus.

764 1173 1046 1247 Contra.
1099 1174 1300 1248 circa
1363 1197 1502 1247 ens
1560 1171 1765 1245 idem
1821 1177 1894 1245 et
1950 1168 2210 1242 diver-

661 1313 829 1363 sum
916 1297 1095 1362 sunt
1164 1287 1635 1379 immediata,
1683 1294 1757 1361 et
1822 1307 2063 1357 unum
2139 1294 2211 1357 et

668 1404 952 1491 multem
1013 1404 1245 1501 igitur
1284 1404 1631 1479 absolute
1689 1401 2037 1475 Christus
2096 1409 2212 1474 est

669 1544 911 1595 unum
954 1545 1120 1614 ens,
1166 1522 1287 1595 vel
1324 1521 1563 1593 multa
1603 1517 1836 1593 entia.

766 1636 1177 1729 Praeterea,
1218 1635 1340 1708 hic
1367 1634 1745 1709 terminus
1786 1630 2211 1706 numeralis

668 1751 977 1826 denotat
1011 1752 1192 1850 quid
1237 1760 1351 1826 est
1400 1775 1537 1850 per
1595 1774 1674 1824 se
1720 1758 2210 1823 numeratum

668 1867 1166 1962 sufficienter,
1204 1868 1387 1965 quia
1444 1868 1758 1941 denotat
1820 1874 2211 1940 sustenta-

670 1982 908 2055 tivum
955 1981 1390 2074 numerari3
1432 1980 1663 2076 igitur
1705 2002 1859 2053 non
1913 1987 2212 2076 oportet

668 2099 948 2173 addere
988 2099 1411 2173 secundam
1439 2097 1647 2195 quod
1672 2096 1928 2189 home,
1967 2104 2048 2169 ut
2090 2093 2212 2168 di-

668 2225 886 2291 catur
925 2216 1274 2290 Christus
1320 2238 1525 2289 unus
1591 2214 1711 2289 vel
1771 2214 1951 2287 duo.
1991 2211 2211 2286 Unde

668 2332 727 2407 si
798 2331 1119 2421 dicatur,
1178 2331 1316 2405 iste
1402 2338 1516 2408 est
1580 2352 1781 2404 unus
1868 2327 2207 2425 sapienS,

670 2448 1145 2524 sufficienter
1196 2448 1411 2547 ponit
1461 2449 1536 2546 ly
1585 2473 1784 2523 unus
1835 2447 2216 2545 significa-

668 2576 830 2640 tum
860 2590 1086 2640 suum
1123 2566 1325 2640 circa
1358 2566 1433 2663 ly
1467 2566 1630 2639 isle.
1678 2566 1757 2640 Si
1824 2573 2078 2640 autem
2110 2563 2216 2637 di-

671 2693 913 2776 catur,
964 2690 1079 2756 est
1128 2705 1329 2755 unus
1389 2681 1726 2778 sapiens,
1788 2705 1937 2754 non
2007 2678 2216 2754 sulfi-

669 2799 960 2873 cienter
990 2806 1104 2872 est
1126 2797 1413 2871 dictum
1443 2825 1461 2890 3
1493 2796 1727 2888 igitur
1766 2796 1828 2871 si
1862 2796 2207 2870 dicatur:

670 2915 1020 2989 Christus
1062 2924 1174 2988 est
1237 2937 1465 3003 unus,
1521 2916 1643 2988 vel
1694 2913 2042 2987 Christus
2102 2921 2217 2986 est

671 3033 852 3126 duc,
890 3030 1362 3106 sufficienter
1400 3030 1831 3104 declaratur
1862 3028 2047 3126 quid
2079 3028 2216 3103 de-

676 3157 990 3223 notatur
1035 3144 1455 3239 numerari,
1488 3145 1629 3221 etsi
1683 3169 1838 3219 non
1882 3144 2218 3243 explica-

674 3275 824 3354 tur,
861 3263 1279 3338 secundam
1304 3263 1509 3361 quod
1541 3263 1763 3336 homo
1808 3263 1926 3336 vel
1958 3286 2219 3336 secun-

674 3381 856 3456 dum
890 3379 1097 3478 qaod
1131 3379 1368 3453 Deus.

777 3497 954 3571 Ideo
1006 3496 1173 3569 dico
1216 3495 1420 3593 quod
1472 3496 1819 3569 absolute
1855 3493 2220 3567 ‘Christus

684 3638 838 3688 non
899 3622 1013 3688 est
1063 3612 1241 3700 dUO,
1292 3634 1542 3709 neque
1592 3611 2044 3704 masculine,
2090 3633 2220 3685 ne-

681 3754 830 3829 que
926 3729 1399 3804 neutraliter.
1502 3728 1670 3802 Non
1765 3727 2216 3821 masculine,

680 3846 862 3943 quia
1029 3842 1452 3918 secundum
1620 3842 2216 3935 Damascenum,

682 3966 1024 4040 Christus
1093 3969 1201 4038 θεί
1259 3986 1484 4052 unua,
1540 3985 1706 4059 cap.
1782 3962 1899 4034 82.
1952 3961 2221 4058 Neque

678 4092 792 4157 est
854 4081 1006 4154 duo
1069 4076 1546 4172 neutraliter,
1617 4077 1802 4174 quia
1879 4078 2220 4151 Verbum

677 4194 1097 4293 assumpsit
1170 4202 1553 4286 naturam,
1648 4193 1819 4266 ideo
1881 4192 2220 4267 Verbum

681 4337 833 4386 non
878 4320 992 4385 est
1037 4311 1170 4383 illa
1222 4319 1546 4402 natura3
1610 4308 1741 4384 sed
1811 4319 1923 4382 est
1991 4311 2224 4382 homo

678 4428 1078 4522 Christus;
1126 4426 1362 4523 igitur
1456 4425 1594 4499 etsi
1683 4425 1959 4499 habeat
2034 4424 2225 4499 duas

678 4556 1021 4638 naturaS,
1077 4565 1228 4615 non
1310 4551 1563 4616 tamen
1620 4551 1732 4614 est
1790 4541 1970 4634 duc,
2045 4540 2229 4638 quia

680 4687 834 4738 non
879 4672 990 4735 θεῖ
1025 4682 1291 4733 verum
1337 4658 1590 4732 dicere
1622 4657 1824 4754 quod
1878 4656 2227 4731 Christus

684 4787 798 4852 θεῖ
828 4784 1101 4849 natura
1140 4781 1559 4869 assumpta.

705 4877 710 4881 ⁴
785 4895 1066 4967 Contra
1130 4891 1299 4983 ista,
1390 4889 1587 4963 sicut
1689 4890 1860 4963 duaa
1931 4898 2228 4963 naturae

686 5011 978 5088 suntin
1040 5008 1368 5100 Christe,
1423 5006 1533 5082 sic
1589 5007 1730 5081 erit
1771 5008 1922 5081 duo
1992 5008 2224 5101 entia,

687 5131 868 5229 quia
899 5128 1248 5203 Christus
1281 5125 1707 5200 secundum
1735 5125 1937 5222 quod
1967 5127 2225 5219 homo,

687 5257 800 5324 est
831 5244 1143 5342 aliquid,
1177 5252 1250 5317 et
1291 5241 1717 5316 secuudum
1752 5241 1953 5338 quod
1988 5240 2225 5334 Deu8,

687 5364 976 5463 aliquid
1010 5371 1148 5449 θεῖ,
1188 5370 1434 5436 etnon
1473 5360 1671 5434 idem
1707 5359 1994 5457 aliquid
2033 5387 2051 5453 ;
2099 5360 2232 5455 igi-

688 5492 813 5556 tur
854 5480 1060 5555 aliud
1096 5477 1308 5575 quid.

793 5599 1008 5690 Item,
1099 5593 1524 5669 secundum
1630 5593 2226 5681 Damascenum,

2030 407 2270 476 LIBRI
2319 408 2438 477 111.

2310 580 2658 657 Christus
2690 605 2844 655 non
2879 590 2991 657 est
3023 584 3273 657 solum
3306 583 3515 657 Deus
3560 610 3578 674 3
3623 582 3857 679 igitur
3962 626 3967 629 -

2312 699 2687 788 estDeuS,
2736 710 2810 774 et
2858 699 3067 773 aliud
3107 723 3335 798 quam
3408 700 3636 785 Deus,
3678 722 3855 773 cum

2312 814 2666 908 sitDeus,
2705 825 2778 889 et
2809 838 2959 888 non
2997 816 3243 889 solum
3275 843 3293 909 3
3332 815 3565 912 igitur
3596 815 3855 914 aliquo

2319 933 2541 1007 modo
2585 932 2761 1006 duo.

2410 1049 2522 1123 Ad
2592 1049 2925 1147 primum
2986 1048 3154 1124 dico
3234 1050 3440 1147 quod
3488 1049 3634 1126 ista
3700 1075 3857 1127 non

2314 1165 2455 1239 fuit
2480 1165 2985 1240 determinata
3021 1190 3036 1240 :
3068 1165 3415 1241 Christus
3434 1174 3543 1241 θεί
3563 1168 3865 1267 aliquid

2312 1284 2731 1358 secundum
2800 1283 3006 1382 quod
3066 1283 3320 1379 home,
3376 1284 3855 1383 'antiquitus

2318 1423 2523 1474 nunc
2581 1409 2838 1474 autem
2874 1409 2989 1475 est
3028 1424 3396 1475 concessa
3447 1411 3522 1475 et
3578 1425 3862 1501 appro-

2317 1520 2519 1605 bata,
2563 1519 2821 1592 Eoelra
2860 1516 2953 1591 de
2982 1517 3417 1612 Haereticzk,
3459 1543 3624 1616 cap.
3668 1520 3861 1595 Cum

2323 1636 2695 1711 Christus.
3105 1624 3117 1633 ’

2415 1753 2603 1826 Dico
2637 1751 2874 1849 igitur
2915 1752 3119 1848 quod
3160 1753 3579 1827 secundum
3629 1756 3857 1852 quod,

2319 1868 2730 1967 dupliciter
2762 1876 3015 1967 potest
3071 1869 3315 1967 accipi
3363 1895 3377 1944 ε
3431 1870 3599 1946 Uno
3637 1873 3858 1947 modo

2319 1985 2652 2084 proprie,
2699 1995 2772 2060 et
2812 1995 2995 2058 tunc
3038 1994 3247 2059 notat
3289 1985 3477 2061 illud
3513 1989 3716 2086 quod
3750 2013 3862 2065 seo

2320 2101 2583 2199 quitur
2622 2124 2790 2175 esse
2850 2100 3219 2175 rationem
3287 2102 3676 2178 formalem
3741 2104 3865 2177 in-

2321 2218 2718 2293 haerentiae
2798 2217 3004 2291 illius
3100 2219 3305 2315 quod
3366 2220 3858 2317 praedicatur,

2318 2345 2403 2410 ut
2479 2337 2737 2428 homo,
2819 2336 3243 2409 secundum
3321 2337 3526 2434 quod
3610 2340 3861 2434 albuS,

2319 2451 2651 2545 videtur,
2687 2453 2807 2526 vel
2844 2452 3269 2525 secundum
3306 2453 3511 2550 quod
3564 2457 3866 2531 colora-

2325 2577 2470 2643 tus.
2518 2566 2685 2641 Alio
2759 2567 2981 2641 modo
3030 2567 3451 2643 secundum
3514 2570 3720 2668 quod
3765 2571 3871 2644 di-

2322 2686 2422 2759 cit
2465 2684 2890 2759 secundum
2964 2707 3194 2758 unam
3277 2686 3651 2763 rationem
3699 2699 3870 2764 tan-

2322 2811 2513 2894 tum,
2579 2825 2737 2873 non
2783 2801 3342 2875 considerando
3401 2804 3590 2878 alias
3637 2806 3873 2880 ratio-

2324 2942 2488 3010 neS,
2537 2925 2618 2990 ut
2650 2940 2824 2990 cum
2868 2916 3149 2991 dicitur
3192 2920 3617 2993 secundum
3663 2922 3870 3018 quod

2325 3032 2582 3122 homO,
2615 3028 3175 3103 considerando
3233 3030 3485 3127 ipsum
3550 3036 3871 3131 praecise

2325 3147 2468 3220 sub
2499 3170 2654 3219 una
2696 3144 3014 3220 ratione.
3062 3143 3153 3218 Et
3196 3146 3303 3221 sic
3338 3148 3710 3246 accipitur
3752 3176 3873 3226 se-

2325 3266 2660 3340 cundam
2702 3265 2927 3362 quod,
2965 3265 3043 3337 in
3079 3266 3527 3342 definitione
3580 3279 3865 3366 motus,

2328 3406 2500 3456 cum
2527 3381 2805 3456 dicitur
2841 3405 2855 3454 ε
2893 3381 3154 3456 Molas
3185 3392 3295 3458 θεί
3322 3393 3533 3460 ciclus
3564 3388 3757 3461 θηίίε
3789 3388 3871 3462 in

2314 3499 2664 3597 potentia
2700 3499 3119 3572 secundam
3150 3502 3356 3597 quod
3378 3502 3456 3576 in
3487 3505 3859 3600 potentia.

3940 1054 4024 1105 Ad
4063 1069 4176 1119 1³¹¹!-

3983 1132 4155 1171 mam.

2326 3618 2498 3691 Non
2532 3614 2736 3689 enim
2772 3615 3082 3689 denotat
3113 3616 3218 3690 ibi
3271 3620 3695 3694 secundum
3749 3621 3869 3694 in-
3918 3626 4058 3676 Nota
4087 3641 4196 3697 pro

3899 3688 4207 3752 reduplica-

2330 3730 2809 3824 haerentiam,
2874 3731 3058 3827 quia
3129 3732 3189 3805 si
3251 3734 3386 3828 sic,
3459 3736 3871 3833 cujuslibet
3902 3751 4046 3802 tivie-
4087 3752 4232 3803 Vide

3955 3815 4099 3864 Scot.
4134 3817 4184 3863 1.

2329 3849 2525 3925 entis
2560 3848 2635 3920 in
2683 3846 3022 3946 potentia
3074 3860 3275 3924 esset
3323 3862 3578 3927 motus
3629 3865 3868 3944 actuS,
3901 3877 4232 3942 Prior.q.35.

2330 3963 2437 4037 sic
2481 3963 2644 4036 vult
2692 3962 3190 4038 Aristoteles:
3242 3965 3341 4039 Sa·
3375 3968 3691 4065 justitia
3765 3979 3877 4047 est

2331 4078 2640 4172 bonum,
2688 4079 2768 4152 in
2810 4102 2894 4152 eo
2928 4079 3135 4176 qaod
3169 4079 3478 4177 boman,
3531 4087 3876 4184 sequitur

2332 4195 2537 4293 quod
2553 4202 2665 4269 esc
2694 4218 2918 4268 omne
2945 4194 3252 4271 bonnm.

2430 4309 2893 4408 Accipiendo
2982 4309 3214 4406 igitur
3307 4314 3382 4410 ly
3455 4318 3873 4392 secmedum

2332 4425 2560 4525 qaod,
2607 4426 2854 4524 primo
2899 4426 3151 4513 modo,
3190 4429 3360 4503 dico
3386 4432 3588 4527 quod
3627 4433 3877 4508 Chris-

2332 4556 2456 4620 tus
2499 4543 2923 4617 secundum
2984 4545 3189 4640 quod
3249 4546 3506 4641 home,
3575 4558 3685 4622 est
3745 4550 3879 4623 ali-

2334 4660 2545 4758 quid,
2588 4658 2768 4757 quia
2803 4658 3125 4732 inferius
3165 4668 3280 4733 est
3310 4661 3650 4738 formalis
3684 4666 3873 4740 ratio

2336 4775 2763 4850 inhaerendi
2820 4776 3267 4874 superioris,
3315 4788 3388 4851 et
3436 4789 3615 4855 tunc
3678 4784 3879 4856 ulte-

2337 4892 2497 4966 rius
2522 4915 2672 4964 non
2698 4892 2933 4977 valet;
2965 4891 3639 4988 igitursecundum
3670 4898 3875 4995 quod

2338 5010 2594 5094 home,
2634 5015 2747 5081 est
2790 5006 2986 5081 idem
3034 5008 3352 5106 aliquid,
3422 5012 3603 5107 quia
3671 5014 3876 5111 quod

2337 5135 2449 5201 est
2484 5125 2675 5199 ratio
2720 5124 3200 5199 inliaercntiae
3227 5128 3674 5224 superioriS,
3723 5154 3877 5204 non

2337 5269 2430 5319 ex
2478 5246 2621 5316 hoc
2675 5251 2785 5317 est
2847 5242 3036 5317 ratio
3097 5243 3583 5320 inhaerentIae
3644 5248 3879 5344 hujus

2339 5359 2748 5453 inferioris,
2814 5382 3062 5456 neque
3126 5359 3332 5434 illius
3379 5388 3394 5447 ;
3452 5373 3613 5437 esto
3671 5366 3877 5461 quod

2338 5476 2696 5575 superius
2728 5499 2863 5574 per
2896 5477 3060 5549 hfnc
3093 5477 3456 5552 iuferiora
3497 5479 3880 5555 sufficien-

2340 5604 2451 5668 ter
2491 5594 2900 5689 dividatur,
2946 5602 3018 5668 θῖ
3052 5593 3378 5670 maxime
3411 5597 3719 5693 quando
3767 5606 3879 5672 ta-
