4295 6326
650 408 778 473 442

656 581 898 678 major
937 581 1307 656 adhaesio.
1367 580 1588 655 Fides
1633 588 1889 653 tamen
1941 576 2200 651 infusa

656 722 809 771 non
861 699 1251 796 experitur
1304 697 1749 796 hujusmodi
1792 694 2202 769 difficulta-

659 825 838 909 tem,
873 840 1014 890 nec
1066 825 1312 914 potest
1367 815 1676 890 habitus
1738 815 2038 887 infusus
2072 813 2205 885 im-

661 916 1066 1029 perfectior
1105 932 1253 1007 fide
1289 932 1469 1031 poni
1499 932 1575 1004 in
1611 930 1871 1006 anima
1900 930 1994 1004 ad
2026 953 2205 1027 per-

662 1048 1075 1124 ficiendum
1117 1050 1388 1147 ipsam.

412 1170 520 1236 19.
761 1167 977 1262 Item,
1031 1176 1342 1266 propter
1388 1166 1594 1241 aliud
1651 1163 1961 1263 ponitur
2015 1162 2206 1237 fides

308 1261 632 1378 hufffflff'm,
662 1281 943 1378 infusa,
1019 1308 1195 1358 nam
1273 1308 1411 1381 per
1477 1281 1703 1356 fidem
1751 1280 2206 1379 acquisitam

309 1388 472 1443 ‘⁶⁹³⁰‘
509 1389 626 1442 ΜΕ·
662 1425 818 1476 non
888 1400 1308 1498 acquiescit
1376 1399 1657 1497 aliquis
1723 1397 1983 1490 alicui,
2056 1395 2205 1470 nisi

662 1544 890 1620 quem
980 1520 1120 1595 scit
1203 1541 1428 1617 posse
1522 1518 1784 1591 fallere
1868 1524 1942 1589 et
2018 1513 2200 1601 falli,

660 1636 1018 1737 quamvis
1076 1636 1267 1711 sciat
1317 1637 1566 1734 ipsum
1620 1659 1771 1709 non
1808 1634 2004 1708 velle
2066 1633 2208 1706 fal-

661 1754 1031 1841 lere3sed
1092 1777 1321 1828 nemo
1388 1762 1634 1851 potest
1701 1750 2017 1825 omnino
2087 1747 2209 1821 fir-

665 1874 888 1948 miter
919 1872 1293 1947 assentire
1327 1871 1550 1945 dictis
1582 1869 1937 1966 alicujus,
1975 1892 2205 1966 quem

664 1990 880 2064 novit
944 2012 1168 2088 posse
1220 1989 1522 2080 fallere3
1588 1986 1757 2061 ideo
1800 2010 1936 2085 per
1976 1985 2204 2059 fidem

665 2108 1119 2207 acquisitam
1167 2132 1323 2183 non
1375 2106 1693 2182 assentit
1734 2104 2013 2202 aliquis
2054 2128 2209 2179 oin-

313 2238 605 2314 Reraequi-
664 2227 850 2302 nino
906 2224 1249 2300 firmiter.
1318 2224 1536 2299 Unde
1592 2222 1783 2298 fidos
1832 2222 2208 2320 acquisita

310 2307 606 2440 ’Ἑῗῗᾳῑῗιῗῗ
665 2368 819 2419 non
884 2353 1000 2418 est
1067 2353 1275 2418 certa
1298 2370 1315 2435 ;
1390 2351 1473 2415 ut
1530 2364 1713 2437 ergo
1792 2338 2204 2414 Christiani

357 2429 598 2480 nrmnter.
664 2466 981 2540 omnino
1042 2457 1362 2536 firmiter
1423 2459 1763 2549 credant,
1830 2468 1902 2533 et
1963 2456 2209 2530 omni-

664 2585 970 2659 modam
1058 2580 1393 2655 babeant
1474 2576 2014 2652 certitudinem
2111 2575 2203 2649 de

662 2701 1186 2792 credibilibuS,
1226 2696 1540 2797 ponitur
1572 2694 1763 2769 fides
1796 2695 2075 2768 infusa.

757 2821 1066 2911 Contra,
1104 2815 1306 2914 quod
1343 2838 1497 2889 non
1532 2822 1877 2912 oporteat
1915 2833 2203 2910 ponere

658 2939 886 3015 fidem
949 2938 1279 3013 infusam
1342 2943 1651 3034 propter
1691 2934 1851 3031 jam
1923 2933 2203 3007 dictam

657 3081 999 3149 causam,
1049 3054 1443 3153 probatur,
1498 3050 1681 3149 quia
1739 3051 2048 3150 quando
2100 3047 2207 3121 di-

655 3175 765 3249 cis
797 3173 1002 3272 quod
1047 3169 1370 3244 firmiter
1410 3168 1742 3243 assentis
1794 3191 1930 3266 per
1970 3165 2200 3242 tidem

657 3291 1018 3382 infusam,
1056 3297 1130 3363 et
1164 3311 1316 3361 non
1363 3310 1498 3384 por
1547 3284 2033 3382 acquisitam,
2071 3291 2204 3357 aut

660 3409 803 3481 1100
872 3415 1011 3499 est,
1057 3405 1240 3502 quia
1308 3401 1807 3476 infallibiliter
1875 3399 2204 3476 assentis

659 3548 798 3625 per
836 3522 1063 3598 fidem
1097 3521 1461 3613 infusam,
1499 3528 1572 3593 et
1602 3543 1756 3592 non
1781 3543 1918 3616 per
1939 3520 2205 3617 acqui-

660 3641 913 3735 sitam,
974 3648 1107 3713 aut
1146 3637 1329 3736 quia
1374 3660 1527 3710 non
1579 3635 1831 3733 possis
1872 3660 2022 3710 non
2080 3661 2207 3711 as-

660 3759 973 3851 sentire,
1010 3765 1141 3831 aut
1198 3754 1572 3839 dubitare,
1615 3761 1861 3827 stante
1906 3752 2207 3827 1100111-

660 3880 858 3971 fusa,
894 3875 1028 3951 sed
1064 3881 1312 3951 stante
1347 3870 1723 3969 acquisita
1751 3870 2019 3968 possis*
2056 3871 2205 3945 Sed

662 4004 1078 4090 utrumque
1112 3997 1227 4065 est
1258 3989 1559 4080 falsum,
1598 4011 1774 4062 nam
1820 3988 2204 4084 loquendo

661 4109 1002 4186 secundo
1039 4106 1291 4199 mode,
1339 4103 1448 4178 sic
1489 4111 1602 4178 est
1641 4098 1732 4177 de
1762 4101 1911 4177 fide
1941 4103 2207 4200 acqui-

661 4232 833 4321 sita,
915 4224 1112 4300 sicut
1166 4222 1258 4296 de
1346 4219 1494 4295 tide
1573 4220 1873 4305 infusa;
1959 4229 2205 4294 stante

663 4346 867 4422 enim
953 4342 1103 4416 fide
1183 4338 1588 4438 acquisita,
1659 4348 1732 4414 et
1809 4339 1988 4413 dum
2071 4363 2208 4437 per

663 4488 832 4539 eain
875 4458 1104 4535 alicui
1147 4458 1443 4554 objecto
1469 4456 1786 4531 assentit
1828 4455 2201 4552 credibili,

663 4606 818 4656 non
865 4586 1114 4677 potest
1156 4575 1533 4668 dubitare,
1585 4576 1708 4650 vel
1754 4599 1907 4648 non
1951 4599 2209 4650 assen-

663 4699 835 4790 tire,
887 4693 1106 4769 alitor
1145 4691 1238 4765 de
1297 4691 1562 4765 eodem
1635 4700 1836 4765 esset
1876 4688 2065 4766 tides
2134 4699 2209 4765 et

667 4811 1065 4890 dubitatio.

765 4933 844 5008 Si
887 4954 1071 5005 vero
1104 4928 1313 5003 dicas
1345 4929 1550 5025 quod
1585 4925 1906 5003 firmiter
1954 4952 2210 5003 assen-

667 5050 762 5126 tis
811 5073 949 5149 per
999 5047 1223 5121 fidem
1287 5045 1650 5139 infusam,
1701 5046 1883 5143 quia
1923 5046 2209 5121 infalli-

665 5167 920 5243 biliter
959 5174 1033 5239 et
1087 5160 1727 5260 indeceptibiliter
1785 5163 2031 5237 credis
2073 5185 2209 5262 per

663 5277 1026 5375 infusam,
1064 5289 1138 5354 et
1168 5304 1322 5354 non
1357 5303 1494 5377 per
1524 5279 2004 5378 acquisitam.

762 5404 1071 5492 Contra,
1110 5398 1292 5472 dum
1327 5396 1609 5494 aliquis
1633 5422 1853 5496 {eque
1889 5397 2210 5476 firmiter

665 5518 1008 5602 assentit,
1074 5513 1322 5612 decipi
1393 5523 1468 5588 et
1511 5539 1658 5589 non
1735 5516 1981 5614 decipi
2054 5542 2209 5592 non

667 5648 784 5719 est
818 5635 964 5713 nisi
1016 5657 1154 5736 per
1208 5631 1507 5729 obJecta
1547 5633 1880 5729 diversa,
1925 5636 2211 5733 quibus

2055 402 2296 472 LIBRI
2344 403 2466 473 111.

2312 580 2674 673 creditur,
2708 603 2883 678 quae
2926 603 3102 655 vere
3130 583 3250 655 vel
3286 581 3471 655 false
3504 602 3854 678 praesen-

2311 707 2572 771 tantur
2631 697 3050 771 intellectui
3105 721 3242 795 per
3283 697 3624 771 habitum
3673 694 3852 769 fidei

2314 815 2808 889 inclinantem
2840 844 2857 909 3
2895 840 3078 911 ergo
3112 819 3429 890 hocnon
3473 824 3584 890 est
3618 838 3852 913 prop-

2312 943 2426 1007 ter
2480 932 2787 1007 habitus
2826 943 2899 1007 et
2939 956 3328 1022 assensus,
3366 933 3496 1030 qui
3548 955 3699 1006 non
3746 931 3854 1003 in-

2313 1050 2606 1124 clinant
2659 1075 2811 1124 non
2876 1051 3246 1126 habentes
3278 1051 3600 1148 objecta,
3649 1049 3852 1123 unde

2318 1179 2727 1267 utrumque
2798 1170 3167 1245 habentes
3237 1169 3687 1244 naturaliter
3748 1167 3855 1239 in-

2313 1288 2726 1383 clinantur,
2790 1299 2863 1364 et
2941 1311 3078 1386 per
3146 1289 3455 1363 modum
3544 1296 3848 1361 naturae

2313 1408 2715 1480 assensum
2768 1406 3141 1504 praebent,
3196 1406 3274 1479 in
3319 1429 3472 1504 quo
3529 1427 3851 1480 assensu

2313 1547 2526 1597 error
2565 1522 2627 1596 si
2661 1523 2785 1616 sit,
2842 1547 2995 1597 non
3048 1523 3312 1598 eritex
3367 1533 3582 1620 parte
3630 1520 3856 1596 habi-

2318 1650 2436 1714 tus
2477 1640 2949 1728 inclinantis,
2997 1641 3127 1715 sed
3163 1665 3254 1715 ex
3304 1638 3624 1735 objectis
3666 1639 3853 1713 falso

2314 1759 2942 1852 occurrentibus3
2995 1783 3176 1854 ergo
3228 1757 3652 1833 secundum
3709 1758 3852 1831 hoc

2313 1887 2616 1952 nonest
2683 1878 2960 1953 certior
3017 1877 3209 1952 fides
3297 1876 3552 1952 infusa
3618 1900 3849 1974 quam

2313 1992 2502 2089 tides
2542 1995 2940 2092 acquisita.

2408 2110 2596 2186 Dico
2625 2111 2909 2209 itaque,
2933 2111 3128 2185 sicut
3162 2110 3447 2184 dictum
3483 2118 3622 2202 est,
3644 2110 3850 2207 quod

2312 2228 2503 2304 fides
2567 2239 2680 2304 est
2733 2238 3045 2327 propter
3083 2238 3337 2304 actum
3380 2228 3744 2326 primum,
3781 2238 3856 2302 et

2311 2356 2621 2446 propter
2673 2349 2994 2444 gradum
3053 2346 3580 2445 perfectiorem
3639 2354 3855 2420 actus

2312 2466 2659 2560 secundi,
2707 2489 2935 2564 quem
2996 2466 3320 2561 gradum
3383 2489 3534 2539 non
3600 2473 3857 2562 posset

2312 2585 2748 2659 intellectus
2791 2582 3074 2656 babere
3102 2590 3270 2655 actu
3319 2604 3659 2655 succum
3693 2581 3858 2654 sola

2311 2700 2459 2774 fide
2529 2699 2928 2799 acquisita.
2992 2701 3083 2773 Et
3150 2698 3212 2773 si
3281 2698 3586 2773 videtur
3651 2697 3857 2796 quod

2311 2827 2656 2917 oporteat
2723 2838 3009 2915 ponere
3053 2815 3295 2913 ipsam
3345 2823 3657 2912 propter
3712 2814 3857 2888 ali-

2310 2957 2541 3032 quam
2585 2932 3118 3009 certitudinem
3157 2931 3551 3028 majorem,
3597 2933 3854 3006 solvas

2309 3062 2849 3149 argumentum
2884 3050 2957 3124 in
2997 3050 3464 3148 oppositum.

2406 3171 2556 3246 Sed
2608 3171 2789 3269 quid
2847 3169 3035 3245 dicis
3102 3169 3194 3245 de
3236 3168 3384 3245 fide
3427 3170 3707 3263 infusa,
3752 3193 3845 3244 an

2311 3291 2549 3390 possit
2594 3288 3101 3364 demonstrari
3133 3289 3437 3364 inesse?
3471 3312 3646 3362 nam
3690 3291 3852 3363 Au-

2309 3409 2666 3506 gustinus
2728 3406 2841 3480 13.
2903 3406 2995 3480 de
3051 3405 3326 3480 Trim‘c.
3394 3430 3560 3504 cap.
3628 3407 3693 3479 1.
3758 3407 3850 3481 de

2309 3527 2647 3624 Maynix,
2703 3532 2775 3600 et
2819 3525 3148 3600 secmzdo
3214 3525 3306 3599 de
3359 3525 3648 3622 parviS,
3704 3525 3845 3600 ait:

2308 3645 2583 3720 Fidem
2598 3668 2835 3744 porro
2868 3645 3144 3743 ipsam,
3181 3667 3409 3741 quam
3439 3643 3648 3717 videt
3685 3644 3854 3741 quis

2312 3764 2393 3837 in
2435 3762 2660 3837 corde
2691 3786 2876 3855 0330,
2910 3761 2983 3835 si
3004 3760 3263 3845 credit,
3318 3760 3446 3834 vel
3476 3784 3633 3835 non
3664 3784 3850 3854 0330,

2309 3877 2381 3954 si
2433 3904 2587 3954 71011
2641 3878 2907 3972 credit,
2967 3902 3135 3953 eam
3177 3884 3380 3953 tenet
3431 3878 3858 3952 certissima

2308 3999 2656 4092 scientia,
2686 3997 3111 4096 clamatque
3139 3995 3605 4071 conscientia
3626 4024 3650 4081 ‚·
3673 4019 3855 4093 ergo

2312 4112 2502 4188 tides
2545 4114 2797 4189 infusa
2840 4123 3090 4212 potest
3131 4112 3306 4188 sciri
3349 4111 3649 4206 inesse3
3696 4136 3850 4187 non

2312 4254 2493 4326 ergo
2536 4254 2671 4328 per
2710 4230 3198 4305 auctoritates
3256 4239 3553 4305 tantum
3616 4229 3852 4304 credi-

2310 4348 2745 4423 turinesse.

2410 4467 2627 4559 Item,
2678 4467 3102 4540 secundum
3160 4465 3679 4563 Augustinum
3732 4488 3855 4539 su-

2310 4606 2448 4682 per
2487 4583 2769 4656 Psalm.
2808 4582 2925 4654 42.
2971 4582 3264 4656 Anima
3309 4606 3614 4681 semper
3643 4582 3859 4656 novit

2308 4724 2415 4794 30,
2487 4709 2561 4774 et
2602 4702 2772 4794 1100,
2846 4699 3027 4798 quia
3084 4692 3231 4774 sibi
3280 4722 3626 4797 praesens
3690 4707 3847 4786 est;

2312 4842 2494 4914 ergo
2535 4841 2580 4891 a
2618 4816 2875 4908 simili,
2914 4841 3088 4892 cum
3131 4816 3321 4893 fides
3380 4817 3476 4893 sit
3507 4841 3853 4916 praesens

2313 4934 2622 5029 animae,
2692 4934 2863 5033 ipsa
2919 4944 3167 5033 potest
3226 4935 3653 5011 certissime
3721 4961 3855 5011 co-

2312 5052 2578 5149 gnosci
2618 5051 2872 5127 inesse
2907 5052 3212 5127 animae.

2409 5169 2521 5243 Ad
2589 5168 2922 5267 primum
2994 5168 3181 5244 illud
3243 5171 3335 5245 de
3391 5172 3849 5269 AugustinO,

2315 5285 2483 5359 dico
2526 5285 2731 5382 quod
2779 5284 3225 5383 accipiendo
3262 5283 3494 5383 fidem
3529 5313 3855 5385 genera-

2317 5403 2489 5478 liter
2518 5427 2656 5500 pro
2698 5398 2962 5476 habitu
3018 5402 3572 5479 determinante
3628 5416 3701 5479 et
3733 5403 3857 5477 in-

2320 5520 2653 5594 clinante
2721 5519 2813 5593 ad
2884 5519 3457 5595 assentiendum
3529 5520 3856 5596 obscuro

2321 5662 2470 5713 non
2528 5637 2862 5714 evidenti
2905 5648 3269 5738 tanquam
3301 5663 3513 5732 vero,
3566 5640 3674 5715 sic
3714 5640 3860 5715 ali-

4001 2160 4089 2227 20

3922 3229 4005 3274 ΑΠ
4043 3221 4180 3272 fidei

3882 3284 4067 3334 infusa
4108 3287 4215 3334 sci·

3881 3352 3972 3398 tur
4010 3348 4211 3404 inesse.
