4295 6326
371 1098 480 1164 23.

258 1213 336 1265 Ad
350 1213 570 1276 primam

268 1276 550 1326 conflrma-

289 1341 507 1390 tionem.

592 432 719 500 390

1964 425 2206 493 LIBRI
2254 422 2375 493 ΙΙΙ.

596 606 894 681 ritatem
960 590 1239 681 habeat
1302 606 1376 678 in
1448 602 1865 703 propositO,
1947 599 2138 674 nihil
2245 607 2359 672 est
2416 596 2479 671 si
2539 598 2961 696 accipiatur
3018 597 3212 671 velle
3253 622 3391 696 pro
3434 606 3602 671 actu
3650 596 3798 694 pri-

597 723 826 817 valet,
880 724 1062 823 quia
1114 732 1361 822 potest
1417 745 1584 796 esse
1627 744 1673 795 a
1727 721 1887 794 Deo
1951 717 2140 791 sul)-

600 842 879 917 stantia
904 851 1145 935 actus,
1169 842 1345 915 licet
1376 848 1751 938 quantum
1777 837 1868 912 ad
1895 837 2136 933 ipsam

600 956 1153 1031 deformitatem
1189 955 1285 1029 sit
1311 978 1354 1028 a
1385 956 1776 1027 voluntate
1815 960 2134 1024 tantum.

699 1074 808 1147 Ad
879 1073 1068 1146 illud
1130 1074 1220 1147 dc
1282 1071 1623 1167 AngeliS,
1695 1069 1864 1142 dico
1934 1065 2138 1165 quod

602 1190 763 1288 ipse
820 1187 1039 1282 fingit
1075 1212 1312 1262 unum
1355 1187 1733 1281 Angelum
1786 1183 1860 1256 in
1926 1181 2143 1256 affec-

600 1307 806 1380 tione
878 1305 1289 1398 commodi,
1355 1328 1504 1378 non
1578 1303 1653 1375 in
1739 1299 2139 1376 affectione

590 1426 941 1524 justitia),
1003 1426 1106 1499 ita
1164 1424 1365 1523 quod
1437 1421 1740 1497 deficiat
1781 1418 1925 1496 sibi
1985 1441 2142 1492 esse

599 1546 932 1644 primum
977 1542 1400 1618 affectionis
1433 1540 1782 1638 justitiae,
1828 1548 1902 1613 et
1958 1548 2142 1611 tuuc

596 1662 778 1735 dicit
845 1661 1046 1758 quod
1135 1668 1383 1758 potest
1438 1649 1721 1732 habere
1810 1655 2140 1754 primum

598 1778 793 1853 velle
834 1779 929 1853 de
983 1802 1092 1871 se,
1152 1776 1498 1850 vocando
1560 1774 1889 1873 primum
1949 1771 2145 1846 velle

599 1893 1388 1991 affectionisjustitiae.
1430 1893 1587 1966 Nec
1625 1890 1928 1984 mirum,
1964 1889 2147 1987 quia

599 2011 772 2085 talis
826 2011 1194 2107 Angelus,
1254 2010 1316 2084 si
1377 2019 1605 2101 esset,
1667 2030 1817 2080 non
1890 2013 2147 2103 posset

599 2129 772 2225 plus
856 2126 1132 2199 mereri
1225 2147 1456 2221 quam
1536 2124 1696 2197 bos.
1781 2121 2149 2218 Sequitur

599 2244 809 2318 enim
877 2241 1266 2317 effraenate
1363 2241 1866 2331 intellectum,
1949 2238 2147 2311 sicut

601 2361 986 2459 appetitus
1028 2359 1446 2433 sensitivus
1491 2381 1833 2449 sensum,
1879 2365 1953 2430 et
2003 2358 2147 2430 hoc

605 2476 1006 2551 affectione
1050 2474 1475 2568 commodi;
1522 2475 1691 2548 ideo
1734 2474 1811 2546 in
1857 2473 2147 2568 Angelo

604 2605 677 2668 et
720 2594 1032 2668 homino
1086 2593 1253 2691 ipsa
1306 2594 1663 2666 voluntas
1722 2589 2147 2663 secundum

608 2710 1087 2786 affectionem
1139 2708 1490 2807 justitiae,
1585 2717 1658 2781 et
1724 2705 2152 2780 secundum

608 2826 1087 2903 affectionem
1183 2823 1595 2917 commodi,
1695 2832 1809 2897 est
1927 2822 2155 2895 totale

610 2944 1076 3045 principium
1122 2942 1536 3040 perfectum
1573 2940 1645 3013 in
1693 2963 1850 3014 6336
1909 2937 2156 3037 primo

614 3071 965 3158 respectu
1001 3062 1226 3133 'actus
1268 3057 1602 3132 volendi.

716 3180 806 3251 Et
858 3177 950 3251 ad
1031 3175 1404 3250 rationem
1485 3174 1679 3270 ejus,
1748 3171 2161 3245 dicendum

621 3295 826 3393 quod
869 3292 1362 3367 concedenda
1419 3303 1531 3365 est
1572 3297 1947 3388 quantum
1991 3313 2164 3362 con-

624 3412 932 3486 cludere
973 3420 1244 3508 potcst.
1293 3409 1614 3495 Quando
1657 3408 1862 3480 enirn
1917 3405 2170 3501 argui-

629 3541 776 3623 tur,
824 3529 1027 3626 quod
1094 3528 1216 3601 hic.
1278 3527 1504 3600 habet
1566 3526 1896 3625 primum
1951 3523 2043 3598 de
2085 3547 2168 3597 se

519 3723 522 3730 ,
627 3646 843 3731 velle,
904 3646 1073 3719 dico
1116 3644 1319 3741 quod
1381 3644 1442 3716 si
1513 3643 1719 3716 dicas
1775 3640 1977 3739 quod
2029 3661 2171 3712 vo-

307 4702 446 4753 Velle
476 4702 568 4751 ali-

339 4764 557 4829 quando

280 4843 376 4892 pro
409 4828 595 4877 volun·

338 4895 442 4940 tate
484 4904 567 4939 su·

346 4953 532 5004 mitur.

630 3763 854 3837 leudo
897 3772 1069 3836 actu
1112 3762 1392 3854 elicito,
1448 3760 1549 3833 ita
1589 3757 1793 3856 quod
1839 3781 1986 3831 non
2048 3779 2174 3853 po-

625 3890 773 3956 test
828 3881 1111 3954 habere
1154 3890 1405 3953 actum
1459 3875 1761 3950 volendi
1798 3874 2165 3958 elicitum,

629 3999 774 4073 nisi
821 3998 1108 4096 praevia
1150 3997 1300 4071 alia
1345 3995 1732 4083 volitione,
1803 4015 1956 4090 qua
2005 4014 2174 4062 mo-

629 4125 752 4188 vet
827 4137 907 4188 se
986 4113 1075 4187 ad
1169 4111 1614 4203 volendum,
1685 4110 1956 4182 salsum
2026 4117 2167 4202 est,

628 4232 782 4304 imo
826 4230 1065 4304 irctur
1099 4229 1175 4302 in
1209 4227 1625 4320 infinitum,
1663 4236 1734 4300 et
1777 4249 1929 4299 non
1973 4232 2173 4299 esset

628 4349 807 4422 dare
850 4347 1057 4421 aliud
1109 4345 1327 4430 velle,
1387 4345 1585 4418 sicut
1643 4366 1781 4417 nec
1836 4342 2170 4440 primum

626 4464 848 4540 velle.
914 4465 1063 4538 Sed
1105 4463 1168 4536 si
1229 4463 1393 4535 vult
1457 4461 1744 4557 aliquid
1814 4469 1985 4534 actu
2031 4459 2174 4533 eli-

628 4584 805 4675 cito,
845 4582 1057 4679 prius
1112 4590 1388 4654 natura
1436 4580 1703 4652 saltem
1747 4577 1910 4650 vult
1951 4575 2173 4649 hahi-

633 4698 939 4773 tualitcr
1041 4721 1121 4771 se
1217 4696 1325 4769 sic
1416 4695 1660 4780 velle3
1746 4693 2173 4767 virtualiter

629 4817 836 4891 enim
903 4815 1115 4913 prius
1182 4814 1410 4888 habet
1501 4810 1964 4908 principium
2035 4833 2175 4880 vo-

635 4931 840 5005 lendi
897 4931 969 5003 in
1025 4954 1183 5003 6336
1225 4928 1470 5026 primo
1539 4926 1740 5022 quod
1801 4925 1960 4997 vult
2001 4933 2170 4998 actu

633 5048 913 5122 elicito.
989 5048 1135 5120 Iste
1214 5054 1327 5118 est
1394 5066 1669 5117 sensus
1764 5062 2022 5132 veruS,
2103 5049 2178 5113 et

632 5166 814 5263 quia
867 5164 1209 5260 Angelus
1250 5186 1294 5235 a
1352 5161 1604 5257 scipso
1641 5161 1782 5232 hoc
1839 5183 1988 5231 non
2038 5159 2177 5232 ha-

631 5281 783 5374 het,
848 5279 1018 5353 ideo
1075 5277 1282 5363 dicit,
1343 5286 1416 5350 et
1455 5275 1680 5367 hene,
1754 5274 1954 5371 quod
2018 5296 2174 5347 non

635 5407 881 5497 potest
952 5395 1230 5469 habere
1302 5392 1634 5490 primum
1695 5388 1890 5464 velle
1957 5412 2000 5463 a
2063 5413 2170 5483 se,

632 5514 1080 5612 accipiendo
1157 5509 1350 5585 velle
1430 5533 1566 5607 pro
1629 5508 1963 5606 perfecta
2039 5533 2180 5580 vo-

635 5633 927 5706 luntate
988 5629 1063 5702 in
1134 5651 1292 5703 6336
1347 5626 1618 5725 primo.
1678 5625 1837 5700 Nec
1897 5623 2177 5698 mirum

2248 741 2400 809 m0,
2482 717 2663 815 quia
2726 716 2786 790 si
2867 717 3239 815 accipitur
3315 716 3575 791 volitio
3654 737 3789 812 pro

2247 835 2589 931 potentia
2645 835 3094 929 voluntatis,
3159 836 3421 909 eadem
3496 833 3788 907 ratione

2248 958 2495 1047 potest
2546 949 2741 1024 velle
2783 950 3021 1049 accipi
3071 974 3204 1048 pro
3273 960 3444 1024 actu
3507 948 3781 1047 primo.

2342 1066 2455 1139 Ad
2523 1067 2730 1140 aliud
2792 1067 3100 1165 quando
3161 1066 3535 1162 arguitur,
3583 1063 3786 1162 quod
3935 1084 4046 1152 24,

2248 1182 2325 1255 in
2404 1183 2650 1279 primo
2747 1182 3059 1256 instanti
3133 1181 3270 1257 suit
3343 1182 3421 1255 in
3495 1182 3788 1277 Angelo
3823 1200 4146 1315 piammon-

2252 1308 2501 1372 motus
2582 1299 2951 1373 naturalis
3032 1298 3531 1392 rectissimuS,
3622 1297 3791 1371 dico

2249 1418 2453 1515 quod
2540 1418 2603 1491 si
2674 1418 2818 1492 ista
2886 1418 3076 1492 ratio
3146 1419 3640 1493 concluderet
3701 1417 3793 1491 de

2251 1537 2496 1635 primo
2552 1536 2893 1630 instanti,
2939 1537 3430 1612 concluderet
3479 1537 3570 1612 de
3614 1560 3799 1633 quo-

2250 1655 2434 1730 libet
2473 1655 2651 1748 alic,
2725 1655 2908 1752 quia
2967 1663 3221 1729 motus
3262 1654 3634 1729 naturalis
3685 1663 3799 1729 est

2251 1772 2460 1870 prior
2499 1771 2664 1869 ipso
2706 1782 2875 1846 actu
2915 1772 3153 1846 libero
3187 1772 3467 1865 elicit0,
3526 1773 3796 1846 saltem

2252 1900 2553 1982 natura,
2599 1899 2672 1963 et
2716 1900 2795 1962 ut
2834 1889 2941 1963 sic
2995 1889 3228 1987 prior,
3292 1898 3405 1963 est
3464 1888 3797 1964 rectissi-

2256 2031 2451 2094 muS,
2499 2018 2571 2082 et
2621 2007 2724 2081 ita
2784 2031 2935 2081 non
2984 2016 3232 2106 potest
3279 2008 3510 2082 simul
3553 2007 3625 2080 in
3662 2030 3798 2081 eo-

2253 2127 2422 2200 dem
2506 2125 2820 2200 instanti
2917 2126 3197 2200 habere
3275 2136 3524 2199 actum
3599 2125 3801 2199 obli-

2256 2266 2494 2339 quum
2568 2242 2829 2317 libera}
2888 2243 3338 2336 voluntatiS,
3411 2252 3485 2316 et
3559 2241 3663 2316 ita
3721 2242 3794 2314 in

2258 2358 2470 2430 nullo
2516 2357 2828 2431 instanti
2872 2356 3240 2454 peccabit.
3277 2356 3497 2430 Unde
3532 2357 3802 2431 eadem

2258 2472 2578 2561 ratione,
2653 2495 2890 2570 quare
2961 2497 3111 2546 non
3182 2481 3507 2571 possunt
3573 2472 3803 2546 simul

2260 2613 2426 2664 esse
2497 2589 2569 2662 in
2635 2589 2878 2687 primo
2922 2590 3262 2683 instanti,
3324 2613 3465 2664 nec
3524 2589 3600 2663 in
3666 2587 3806 2663 ali-

2262 2729 2415 2805 quo
2473 2706 2624 2779 alio
2686 2706 3067 2804 sequenti.

2361 2824 2549 2897 Dico
2591 2824 2684 2897 ad
2737 2834 3308 2921 argumentum,
3380 2823 3584 2922 quod
3646 2846 3811 2895 mo·
3856 2837 4144 2951 lffiiissssiig

2266 2950 2390 3014 tus
2448 2941 2823 3016 naturalis
2862 2966 3019 3015 non
3085 2951 3198 3016 est
3249 2941 3528 3040 aliquis
3595 2950 3810 3014 actus
3841 2964 4163 3077 iffiffiff⁸

2267 3059 2594 3149 elicitUS,
2649 3060 2781 3134 sed
2825 3060 3072 3134 solum
3124 3060 3307 3135 dicit
3375 3058 3810 3133 inclinatio-

2268 3200 2447 3251 nem
2539 3179 2964 3252 naturalem
3045 3178 3462 3253 voluntatis
3532 3179 3606 3250 in
3678 3178 3816 3251 bo-

2271 3314 2488 3384 num,
2534 3301 2607 3365 et
2666 3293 2853 3366 illud
2896 3293 3086 3366 nihil
3130 3294 3336 3369 aliud
3380 3294 3583 3369 reale
3636 3293 3819 3367 dicit

2272 3408 2366 3482 ab
2411 3409 2577 3507 ipsa
2613 3412 3036 3505 voluntate,
3084 3412 3215 3486 sed
3258 3412 3319 3486 si
3362 3422 3476 3486 est
3518 3412 3814 3506 relatiO,

2273 3534 2388 3598 cst
2441 3525 2641 3600 idem
2702 3551 2837 3625 per
2892 3528 3360 3603 identitatem
3409 3529 3816 3622 voluntati,

2275 3640 2457 3738 quia
2525 3666 2677 3715 non
2724 3654 2969 3740 potest
3023 3645 3363 3743 separari
3424 3646 3590 3720 sine
3632 3669 3822 3718 con-

2280 3758 2776 3847 tradictione;
2852 3771 2924 3835 ot
2984 3761 3152 3859 ideo
3202 3762 3279 3835 in
3332 3761 3821 3837 daemonibus

2282 3885 2536 3949 manet
2609 3877 2746 3950 iste
2835 3886 3083 3952 motus
3152 3880 3650 3973 rectissimuS,
3713 3879 3825 3953 si-

2277 4003 2404 4066 cut
2447 4003 2747 4087 natura,
2808 3995 2991 4092 quia
3039 3997 3465 4099 secundum
3527 3997 3823 4095 Diony-

2277 4110 2507 4204 sium,
2557 4112 2936 4186 naturalia
2998 4125 3306 4188 manent
3367 4114 3689 4212 integra.
3738 4114 3818 4188 Si

2277 4239 2532 4305 autern
2622 4229 2953 4327 accipias
3020 4241 3308 4304 motum
3388 4233 3818 4306 naturalem

2279 4372 2413 4445 pro
2456 4357 2630 4421 actu
2673 4346 2923 4420 elicito
2975 4348 3346 4421 conformi
3413 4348 3544 4422 tali
3599 4347 3822 4422 incli-

2280 4462 2572 4536 nationi
2657 4461 3017 4555 naturali,
3102 4462 3241 4538 iste
3331 4473 3580 4562 potest
3653 4487 3819 4540 esse

2285 4582 2530 4654 malus
2586 4590 2660 4654 et
2725 4579 3302 4673 immoderatuS,
3376 4590 3621 4656 stante
3686 4606 3822 4656 ua-

2285 4707 2452 4771 tura
2509 4698 2832 4793 integra,
2898 4721 3038 4773 nec
3097 4707 3310 4773 actus
3374 4700 3624 4774 malus
3681 4701 3823 4774 mi-

2285 4816 2451 4890 nuit
2491 4815 3063 4891 inclinationem
3119 4819 3577 4912 naturalem,
3622 4818 3821 4893 sicut

2283 4956 2424 5008 nec
2503 4942 2881 5007 naturam.
