4295 6326
1422 409 1651 483 DIST.
1702 410 1856 482 XX.
1911 411 2330 492 QUAESTIO
2377 411 2614 481 UNIC.

3492 417 3622 488 409

1233 951 2380 1105 DISTINCTIO
2516 953 2860 1106 XX.

813 1593 1214 1675 QUAESTlO
1266 1598 1384 1664 UN
1397 1597 1560 1665 lCA.

415 1794 662 1862 Utrum
735 1812 1014 1862 necesse
1072 1795 1221 1882 suit
1278 1814 1493 1884 qenus
1557 1797 1954 1864 humanum

539 1902 865 1990 reparari
878 1922 1014 1989 per
1045 1903 1444 1990 passionem
1480 1902 1756 1972 Christi
1778 1900 1822 1970 P

406 2092 602 2151 Alens.
657 2092 712 2148 3.
762 2110 821 2165 p.
869 2108 922 2165 q.
971 2110 1014 2149 1.
1063 2109 1140 2149 m.
1188 2094 1242 2149 3.
1290 2097 1340 2150 et
1388 2093 1439 2149 4.
1481 2109 1534 2166 q.
1574 2093 1655 2152 17.
1688 2111 1761 2150 m.
1796 2095 1849 2149 3.
1885 2098 1947 2149 D.

475 2164 677 2222 Thom.
711 2164 764 2220 3.
795 2181 852 2236 p.
885 2181 937 2238 q.
968 2181 1009 2221 1.
1031 2182 1090 2222 a.
1124 2182 1164 2224 1.
1194 2168 1245 2221 et
1265 2182 1318 2236 q.
1351 2165 1438 2222 46.
1466 2183 1519 2221 a.
1555 2182 1594 2221 1.
1628 2166 1722 2223 1116
1741 2182 1793 2239 q.
1821 2182 1861 2223 1.
1894 2183 1948 2221 a.

479 2254 520 2292 1.
552 2235 621 2292 D.
652 2236 867 2295 Bonav.
901 2254 953 2293 α.
981 2255 1018 2292 1.
1052 2255 1103 2310 q.
1146 2254 1184 2293 1.
1217 2242 1268 2293 et
1315 2237 1369 2294 6.
1411 2236 1687 2295 Richard.
1738 2241 1846 2297 art.
1895 2239 1949 2294 2.

479 2324 531 2381 q.
558 2308 610 2363 4.
651 2308 905 2367 Durand.
928 2326 982 2381 q.
1017 2327 1055 2364 1.
1089 2308 1262 2365 Gabr.
1294 2325 1347 2382 q.
1383 2324 1419 2363 1.
1448 2308 1614 2365 Suar.
1650 2310 1703 2366 3.
1734 2328 1789 2380 p.
1814 2320 1950 2366 tom.

481 2397 522 2436 1.
580 2379 636 2436 d.
684 2381 738 2436 4.
785 2388 913 2437 sect.
967 2381 1018 2436 1.
1060 2381 1117 2435 2.
1157 2388 1209 2437 et
1251 2379 1306 2436 3.
1353 2379 1531 2452 Vasq.
1565 2382 1712 2453 disp.
1747 2398 1783 2436 1.
1817 2397 1869 2437 6.
1897 2383 1952 2437 3.

486 2453 624 2523 Veg.
649 2452 705 2507 2.
741 2450 803 2507 in
838 2450 989 2507 Trici.
1023 2469 1070 2507 c.
1099 2452 1155 2509 5.
1195 2456 1330 2508 Haec
1377 2453 1616 2525 quaestio
1667 2453 1953 2510 verbatim

487 2524 666 2580 ferme
696 2524 940 2581 babetur
969 2525 1028 2580 in
1060 2523 1394 2581 oxoniensi.

191 2736 254 2801 1·
515 2702 734 2778 Circa
834 2703 1402 2779 distinctionem
1505 2705 1956 2804 vigesimam

59 2827 382 2952 Aggfflffif·
418 2822 844 2920 quaeritur:
919 2825 1193 2901 Utrum
1253 2849 1557 2901 necesse
1619 2825 1780 2925 fuit
1826 2851 1962 2926 qe-

416 2965 561 3015 nus
610 2941 1037 3018 humanum
1087 2944 1442 3040 reparari
1481 2967 1632 3043 per
1670 2944 1963 3043 passio-

414 3080 591 3132 nem
669 3057 962 3134 Christi
996 3060 1037 3132 ⁴?
1095 3059 1312 3147 Quod
1388 3086 1545 3136 non
1624 3063 1953 3155 videtur,

413 3176 595 3273 quia
635 3177 699 3251 si
760 3178 1099 3253 nobilius
1151 3179 1249 3254 sit
1287 3181 1619 3278 lapsum,
1678 3192 1753 3258 et
1801 3206 1956 3257 non

408 3315 727 3368 necesse
774 3304 887 3369 est
923 3299 1177 3393 ipsum
1221 3298 1562 3395 reparari
1616 3322 1755 3396 per
1794 3323 1959 3398 pas·

409 3408 707 3485 sionem
740 3411 1047 3506 Christi,
1084 3412 1149 3488 si
1188 3413 1609 3511 ignobilius
1650 3417 1954 3514 lapsum

408 3527 530 3623 sit,
577 3553 730 3604 non
789 3553 1105 3606 necesse
1145 3542 1260 3606 est
1299 3531 1553 3631 ipsum
1615 3535 1952 3632 reparari

407 3668 543 3743 per
582 3647 931 3722 eamdem
993 3649 1433 3746 passionem
1471 3677 1489 3743 3
1535 3651 1668 3725 sed
1709 3653 1954 3749 Ange·

408 3765 553 3854 168,
600 3764 732 3861 qui
775 3764 1108 3840 nobilior
1156 3775 1271 3840 est
1310 3766 1651 3862 homine,
1687 3769 1949 3867 lapsus

408 3889 548 3975 est,
585 3889 660 3955 et
696 3905 853 3956 non
889 3905 1204 3958 6666886
1245 3893 1360 3959 681
1412 3884 1667 3982 1118616
1725 3909 1950 3983 repa-

403 3996 555 4071 rari
638 3998 994 4096 passione
1050 3999 1362 4095 Christi,
1420 4023 1557 4076 nec
1616 4001 1767 4076 alia
1824 4026 1950 4077 re-

403 4114 800 4212 paratione
834 4144 853 4211 3
900 4140 1082 4213 ergo
1127 4141 1267 4194 nec
1307 4141 1624 4194 necesse
1666 4129 1781 4195 est
1821 4123 1949 4194 ho-

404 4229 686 4305 minem
800 4232 1141 4330 reparari
1261 4256 1398 4332 per
1504 4234 1939 4332 passionem

401 4347 709 4443 Christi,
768 4372 942 4423 6616
994 4350 1092 4424 811
1151 4349 1591 4449 ignobilior.

944 4581 1310 4639 SCHOLIUM
1367 4582 1410 4639 1.

469 4728 771 4785 Sententia
832 4730 892 4785 l).
953 4730 1162 4786 Thom.
1223 4730 1586 4799 (convenisse
1643 4732 1938 4791 hominem

396 4818 863 4889 redimere,jnon
907 4818 1180 4890 Angelos,
1226 4820 1363 4891 quia
1405 4837 1521 4876 non
1572 4820 1781 4878 cecidit
1824 4829 1942 4883 tota

396 4909 603 4962 natura
643 4901 1025 4977 Angelorum,
1074 4903 1224 4961 sicut
1280 4904 1609 4979 bominum)
1656 4907 1936 4978 rejicitur,

395 4994 532 5066 quia
563 4994 882 5050 seeundum
918 4992 1140 5066 ipsum,
1191 4996 1268 5050 tot
1328 5000 1466 5050 sunt
1498 4995 1719 5066 species
1750 4998 1940 5069 Ange-

392 5082 607 5151 lorum,
630 5086 774 5155 quot
794 5081 1096 5138 individua
1123 5107 1139 5151 3
1170 5086 1229 5139 et
1259 5081 1308 5139 si
1335 5084 1685 5142 conveniens
1724 5085 1804 5143 sit
1855 5090 1941 5143 tot

393 5172 796 5230 nobilissimas
849 5173 1072 5244 species
1120 5174 1450 5246 relinquere
1499 5175 1627 5231 sine
1658 5178 1934 5247 remedio,

2165 1384 2314 1459 Sed
2410 1385 2818 1483 dupliciter
2917 1389 3426 1486 respondetur
3513 1389 3608 1464 ad
3659 1420 3941 1472 arbom.

2069 1500 2275 1574 aliud
2315 1500 2541 1575 :Uno
2630 1503 2882 1598 modo,
2963 1505 3167 1602 quod
3231 1529 3383 1579 non
3453 1514 3610 1580 tota
3641 1484 3727 1597 ¹²2²
3754 1487 3960 1595 §dffaefff'

2068 1625 2348 1690 natura
2389 1619 2860 1715 Angelorum
2910 1620 3182 1695 cecidit
3227 1621 3424 1696 sicut
3465 1624 3608 1695 ho-
3671 1609 3928 1737 ΟξρξξξξξξῖΓ

2069 1732 2396 1822 1616661,
2446 1744 2519 1809 61
2568 1734 2738 1810 ideo
2785 1759 2880 1810 ne
2925 1746 3082 1812 tota
3129 1738 3424 1836 species
3466 1741 3611 1813 ho-

2065 1849 2299 1926 minis
2340 1851 2646 1949 periret,
2695 1877 3007 1930 necesse
3040 1855 3180 1930 suit
3210 1856 3601 1931 hominem

2062 1968 2433 2065 reparari,
2490 1992 2643 2043 non
2703 1972 3111 2068 Angelum.

2161 2085 2468 2179 Contra,
2541 2085 2604 2159 si
2673 2087 3036 2183 quaelibet
3100 2090 3443 2186 Angelus
3510 2090 3958 2171 sit-onnon„

2064 2200 2381 2275 alterius
2446 2202 2727 2300 speciei
2788 2205 2882 2279 ab
2941 2206 3119 2294 alio,
3179 2207 3377 2280 sicut
3429 2207 3607 2304 qui-
3640 2183 3707 2307 ιζ,
3733 2181 3791 2308 {2
3828 2179 3958 2294 ‘22²‘

2065 2319 2239 2393 dam
2318 2320 2583 2395 dicunt
2631 2323 2675 2412 ⁸,
2722 2332 2796 2397 et
2847 2314 2978 2420 qui
3037 2324 3221 2398 dant
3284 2348 3607 2423 respon-
3637 2308 3884 2420 R03{ss?g‚

2067 2435 2364 2511 sionem
2452 2437 2760 2533 dictam,
2843 2448 2951 2513 tot
3043 2453 3224 2516 sunt
3314 2442 3610 2541 species

2067 2552 2571 2647 Angelorum,
2616 2562 2804 2651 quot
2833 2554 3259 2650 individua,
3304 2568 3377 2632 et
3409 2582 3615 2656 quae-

2072 2666 2258 2741 libet
2341 2668 2646 2743 illorum
2728 2672 3023 2769 species
3090 2683 3204 2747 est
3281 2674 3615 2749 nobilior

2072 2784 2328 2881 specie
2389 2787 2729 2860 humana
2770 2789 3194 2863 secundum
3230 2814 3311 2865 se
3347 2818 3365 2884 3
3430 2814 3611 2888 ergo

2073 2924 2248 2975 6616
2321 2902 2538 2976 166111
2596 2904 2879 3001 Angelix
2948 2906 3417 3003 ceciderunt,
3498 2909 3617 2980 in-

2072 3019 2545 3095 conveniens
2622 3031 2735 3096 est
2804 3022 3053 3119 majus
3125 3032 3235 3098 tot
3316 3025 3614 3124 species

2070 3159 2223 3210 non
2290 3137 2659 3236 reparari,
2740 3139 2871 3215 sed
2933 3140 3180 3239 perire
3252 3141 3327 3216 in
3389 3152 3618 3218 66161-

2068 3278 2287 3351 6616,
2350 3279 2582 3354 quam
2653 3282 2886 3334 unam
2947 3259 3617 3358 specieminserio-

2066 3395 2260 3467 rem,
2323 3373 2757 3471 cujusmodi
2825 3387 2940 3452 est
3018 3377 3316 3476 species
3356 3378 3613 3453 homi-

2066 3490 2216 3565 nis.

2166 3609 2255 3680 Et
2285 3608 2813 3705 confirmatur,
2851 3613 3036 3709 quia
3075 3614 3137 3689 si
3172 3626 3430 3690 essent
3459 3616 3613 3690 duo

2064 3722 2267 3817 coeli,
2342 3734 2417 3798 et
2482 3727 2808 3800 alterum
2886 3729 3476 3817 annihilaretur,
3543 3743 3615 3806 et

2062 3848 2320 3913 essent
2361 3842 2624 3916 multae
2687 3865 3003 3938 muscae,
3050 3853 3124 3919 61
3163 3855 3429 3943 1168166
3468 3870 3612 3921 an—

2064 3953 2610 4051 nihilarentur,
2697 3958 2949 4033 dicere
3015 3961 3220 4057 quod
3292 3986 3608 4039 necesse

2058 4079 2174 4145 est
2238 4073 2536 4170 species
2595 4098 3037 4150 muscarum
3099 4079 3609 4175 1·eparari,·et

2056 4210 2212 4262 non
2257 4190 2566 4284 coelum,
2626 4189 3182 4269 inconveniens
3223 4203 3362 4282 est,
3428 4218 3605 4269 cum

2057 4303 2338 4380 coelum
2372 4305 2470 4380 sit
2508 4307 2846 4383 nobilius
2880 4337 2899 4403 3
2944 4309 3053 4384 sic
3095 4311 3167 4383 in
3214 4311 3603 4410 proposito

2057 4424 2152 4498 de
2221 4424 2702 4523 reparatione
2763 4426 3165 4504 hominum
3213 4437 3287 4504 et
3341 4432 3600 4526 Ange-

2056 4541 2336 4615 lorum.

2152 4657 2393 4733 Aliter
2461 4660 2965 4759 respondetur
3022 4662 3117 4736 ad
3188 4662 3588 4753 rationem,
3629 4691 3929 4763 ,6.τιιοω.

2054 4776 2258 4872 quod
2289 4778 2517 4851 homo
2551 4777 3156 4855 ceciditalterius
3178 4779 3593 4856 tentatione
3626 4768 3684 4804 ¹¹¹
3723 4757 3768 4805 ³·
3811 4755 3862 4804 ‘¹’
3901 4759 3945 4805 ¹·

3761 4854 3771 4865 .
3810 4821 3855 4866 8.

2055 4901 2136 4967 61
2176 4894 2593 4971 tentatione
2642 4896 2966 4992 diaboli3
3005 4900 3277 4997 Angeli
3336 4909 3593 4975 autern
3659 4833 3914 4995 „tetum

2050 5034 2237 5104 non,
2282 5013 2415 5087 sed
2456 5013 2767 5112 propria
2831 5017 3225 5092 voluntate
3285 5020 3533 5093 solum
3573 5047 3591 5114 3

2049 5125 2221 5203 ideo
2263 5130 2492 5204 homo
2526 5131 2790 5206 debuit
2819 5134 3187 5230 reparari,
3233 5159 3387 5209 666
3437 5139 3599 5211 An-

395 5263 622 5320 videtur
650 5264 801 5320 idem
834 5266 904 5320 de
936 5281 1051 5320 una
1085 5264 1277 5337 specie
1310 5263 1586 5322 bumana.
1618 5268 1746 5323 Alia
1794 5270 1936 5325 ratio
2047 5247 2293 5341 gelus·
2356 5246 2534 5322 Ideo
2583 5251 2995 5324 AUSGIOEUS
3048 5251 3117 5324 1·
3178 5252 3338 5325 Cur
3382 5253 3597 5326 Deus

393 5352 654 5423 ejusdem
713 5351 975 5424 (scilicet,
1033 5353 1187 5424 quod
1259 5352 1433 5410 homo
1493 5369 1562 5411 ex
1623 5357 1938 5413 tentatione
2043 5362 2294 5451 homo,
2336 5388 2501 5462 Gap·
2569 5366 2959 5441 213dicit·
3036 5367 3263 5443 Sicut
3314 5369 3604 5467 Anyell·

395 5441 622 5512 cecidit,
654 5457 769 5498 non
813 5440 1084 5515 Angelus)
1144 5442 1424 5515 rejicitur,
1486 5443 1623 5517 quia
1669 5444 1936 5518 praelium

395 5546 671 5602 magnum
703 5532 1096 5589 tentationum
1128 5534 1339 5590 factum
1396 5534 1508 5591 fuit
1568 5534 1626 5591 in
1677 5535 1819 5592 coelo
1864 5538 1933 5592 ad

397 5618 711 5678 trahendos
743 5620 1092 5694 Angelos-od
1127 5628 1454 5695 peccatum.

2049 5482 2490 5556 ceciderunt
2552 5483 2766 5558 nullo
2858 5485 3011 5560 alio
3080 5493 3417 5573 nocente,
3493 5487 3600 5562 ita

2049 5598 2263 5674 lnulo
2304 5595 2456 5674 alio
2490 5600 2903 5701 adjuvante
2939 5627 3251 5702 swyere
3295 5603 3593 5681 debent.

3656 4880 3918 4944 objicitur
4018 4877 4021 4880 ’
