4295 6326
1486 438 1713 506 DIST.
1766 435 2089 506 XXVIII.
2142 434 2559 517 QUAESTIO
2606 434 2694 503 11.

3543 435 3668 505 491

470 612 758 688 divina.
842 615 1061 690 Unde
1142 640 1290 690 non
1363 615 1575 691 odire
1652 638 1809 688 non
1904 622 2018 688 est
2133 613 2262 705 mi,
2311 621 2561 687 tamen
2635 611 3153 687 necessarium
3219 621 3332 687 est
3390 611 3482 686 de
3543 637 3670 711 po-

472 731 1022 825 necessarium,
1060 732 1161 806 ita
1202 732 1492 807 scilicet
1531 732 1734 829 quod
1770 754 2015 830 oppo-

469 845 698 919 situm
742 846 1065 924 includit
1095 849 1804 923 contradictionem.
1839 849 2008 922 Non

468 963 673 1037 enim
763 966 1286 1041 necessariu’m
1374 966 1825 1065 simpliciter
1898 975 2041 1041 cst-

467 1082 840 1156 asserenti
886 1083 1347 1182 principium
1402 1085 1775 1160 assentire
1832 1107 2011 1159 con-

469 1199 830 1294 clusioni,
875 1202 1006 1274 sed
1067 1212 1316 1301 potest
1392 1227 1543 1276 non
1602 1202 2003 1295 assentire,

467 1338 872 1413 quousque
900 1339 1115 1392 error
1154 1319 1675 1394 conclusionis
1720 1319 2008 1393 redun-

464 1430 589 1506 det
623 1431 699 1505 in
744 1456 1079 1508 errorem
1132 1435 1516 1534 principii,
1580 1444 1654 1510 et
1697 1444 2008 1534 propter

467 1547 700 1622 istum
750 1572 1089 1626 errorem
1161 1553 1437 1649 refugit
1503 1551 1598 1626 ab
1664 1552 1795 1626 illo
1828 1575 2006 1627 con-

462 1663 833 1749 clusionis
865 1687 1148 1740 errore.
1210 1666 1357 1741 Sed
1410 1666 1712 1741 bonitas
1743 1666 2006 1765 proxi-

465 1779 566 1851 mi
600 1803 750 1853 non
799 1790 910 1855 est
944 1781 1046 1855 ita
1094 1783 1529 1859 necessario
1589 1785 2002 1882 conjuncta

461 1894 781 1970 bonitati
832 1896 1036 1989 finis,
1096 1898 1294 1974 sicut
1356 1900 1632 1975 veritas
1686 1901 2000 1975 conclu-

460 2012 700 2087 sionis
734 2013 1032 2088 veritati
1074 2016 1458 2116 principii,
1502 2026 1576 2092 et
1616 2040 1753 2116 per
1810 2041 2001 2092 con-

458 2151 794 2226 sequens
825 2154 982 2204 non
1024 2143 1136 2207 est
1177 2133 1674 2209 contradictio
1717 2136 1999 2210 volun-

458 2256 688 2323 tatem
746 2251 942 2324 velle
1000 2250 1160 2325 Deo
1229 2252 1423 2327 bene
1491 2275 1687 2346 esse,
1742 2262 1815 2329 et
1866 2254 1998 2327 alii

460 2365 755 2440 homini
799 2390 951 2440 non
995 2370 1191 2443 velle
1225 2368 1420 2444 bene
1462 2393 1656 2445 esse.

234 2470 296 2536 3·
556 2483 798 2581 Igitur
827 2507 969 2560 nec
1002 2485 1448 2585 simpliciter
1474 2488 1996 2564 necessarium

122 2586 400 2711 Ρξξῗξζῑῗξ
458 2610 573 2678 est
631 2604 944 2679 habenti
995 2605 1438 2680 charitatem
1495 2607 1694 2681 velle
1737 2606 1997 2705 proxi-

130 2711 398 2825 ’3ῗῖξοξῖξί
458 2745 667 2795 mum
704 2722 952 2798 Deum
984 2723 1330 2821 diligere,
1366 2734 1499 2799 aut
1546 2749 1699 2799 non
1752 2725 1991 2820 odire,

133 2837 424 2963 ffiffxiggP
456 2838 641 2937 quia
679 2850 927 2938 potest
977 2843 1172 2916 velle
1236 2866 1412 2918 eum
1466 2867 1624 2917 non
1654 2843 1993 2955 'diligere

456 2955 733 3050 Deum,
787 2980 1041 3055 neque
1094 2957 1170 3031 in
1230 2968 1404 3034 actu
1450 2959 1579 3034 illo
1635 2969 1751 3034 est
1806 2984 1997 3035 con-

452 3074 831 3170 tradictio,
912 3099 1164 3174 neque
1225 3078 1667 3168 necessitaS,
1747 3079 1810 3154 si
1898 3080 1995 3155 sit

452 3190 762 3267 habitus
793 3191 1309 3291 imperfectus.
1348 3193 1567 3271 Unde
1605 3198 1988 3292 voluntaS,

455 3308 637 3408 quia
675 3309 917 3386 libera
947 3320 1088 3406 est,
1125 3321 1374 3410 potest
1412 3314 1694 3389 habere
1735 3324 1991 3390 actum

454 3450 714 3520 suum,
822 3427 997 3504 licet
1090 3431 1423 3508 charitas
1517 3432 1833 3510 inclinet
1908 3434 1986 3508 in

451 3566 791 3619 amorem
835 3556 1208 3644 quantum
1252 3548 1331 3623 in
1393 3573 1474 3625 sc
1520 3560 1658 3625 est.
1722 3551 1988 3649 Itaque

451 3682 607 3733 non
667 3670 782 3736 est
837 3664 1337 3740 contradictio
1417 3668 1622 3764 quod
1709 3668 1989 3767 aliquis

394 3890 402 3898 ·
452 3775 729 3853 habeat
776 3779 1219 3857 charitatem
1288 3807 1464 3859 cum
1511 3783 1686 3861 odio
1731 3787 1991 3884 proxi-

2128 729 2366 804 tentia
2435 728 2784 804 ordinata
2860 727 3028 821 Dei,
3109 727 3292 825 quia
3374 727 3446 800 in
3535 728 3665 803 illo

2127 856 2510 946 praecepto
2565 845 3013 944 prohibetur
3079 844 3204 918 ille
3273 853 3488 919 actus
3519 868 3669 918 ma-

2127 966 2273 1058 luS‚
2320 964 2612 1038 scilicet
2679 962 2888 1037 odire
2950 961 3412 1060 proximum,
3485 986 3663 1036 nam

2124 1082 2574 1179 simpliciter
2671 1079 3187 1156 necessarium
3291 1089 3405 1153 est
3508 1103 3661 1153 non

2122 1199 2334 1273 odire
2377 1198 2468 1273 de
2501 1198 2841 1296 potentia
2910 1196 3259 1271 ordinata
3318 1205 3391 1270 et
3448 1196 3662 1271 intel-

2124 1320 2320 1392 lectu
2399 1317 2787 1416 praecepti.
2850 1315 3069 1390 Unde
3158 1324 3454 1389 tantum
3547 1323 3661 1388 est

2120 1433 2639 1509 necessarium
2684 1456 2775 1506 ex
2816 1439 3198 1529 praecepto
3240 1438 3312 1504 et
3351 1430 3661 1505 ordina-

2117 1551 2352 1643 tione,
2388 1550 2572 1648 quia
2603 1549 2695 1624 de
2732 1552 2923 1623 facto
2965 1546 3655 1643 transgressionem

2114 1666 2475 1765 praecepti
2529 1665 2861 1741 charitas
2920 1672 3167 1739 cessat
3225 1662 3301 1735 in
3364 1662 3649 1757 anima,

2113 1785 2295 1883 quia
2339 1793 2518 1859 tunc
2551 1782 2929 1859 annihilat
2969 1805 3132 1857 eam
3168 1781 3402 1855 Deus,

2211 1903 2320 1977 De
2388 1911 2556 1977 actu
2641 1899 3126 1993 affirmatiVO‚
3217 1898 3385 1973 dico
3444 1898 3649 1996 quod
3681 1915 3764 1966 An
3793 1919 3972 1994 pragi:

2111 2045 2261 2096 non
2349 2029 2645 2119 oportet
2747 2042 3050 2116 semper
3142 2018 3421 2111 inesse,
3515 2017 3645 2092 sed
3678 1988 4000 2119 ῗῖυἷιῗιῖιῗὲιιῖἶ

2112 2138 2335 2213 debet
2368 2138 2619 2212 inesse
2660 2136 2969 2234 quando
3011 2134 3342 2210 occurrit
3379 2158 3649 2209 neces·
3678 2105 3747 2158 ‘¹⁰
3781 2107 3998 2220 22¹5&

2112 2254 2323 2348 sitaS,
2371 2254 2539 2330 ideo
2582 2253 2759 2329 licet
2824 2275 3126 2350 semper
3174 2263 3642 2351 praeceptum

2111 2372 2424 2469 obliget,
2495 2380 2575 2444 ut
2633 2392 3030 2466 nunquam
3085 2369 3318 2462 odiat,
3395 2378 3642 2443 tamen

2112 2512 2266 2562 non
2311 2496 2424 2564 est
2481 2486 3001 2565 necessarium
3065 2484 3293 2559 alicui
3364 2486 3645 2561 habere

2110 2618 2361 2686 actum
2407 2607 2947 2686 affirmativum
3002 2613 3352 2703 respectu
3403 2605 3652 2702 proxi-

2111 2729 2240 2801 mi.
2281 2727 2498 2803 Unde
2528 2722 3169 2821 contemplativus
3202 2730 3448 2819 potest
3486 2721 3651 2795 dili-

2106 2870 2287 2943 gere
2319 2869 2428 2939 se,
2474 2854 2549 2920 et
2577 2843 2834 2917 vivere
2875 2839 3238 2932 solitarie,
3275 2863 3429 2914 non
3474 2863 3650 2913 con-

2107 2962 2515 3039 siderando
2548 2960 3010 3059 proximum,
3048 2980 3187 3032 nec
3229 2966 3343 3031 est
3375 2980 3645 3032 neces-

2106 3080 2396 3156 sarium
2431 3077 2920 3154 considerare
2963 3074 3424 3175 proximum,
3471 3074 3642 3150 ideo

2103 3221 2359 3298 neque
2392 3197 2502 3273 sic
2534 3195 2849 3292 diligere
2893 3193 3137 3268 illum.
3199 3195 3291 3266 Et
3346 3192 3517 3268 ideo
3579 3193 3640 3268 si

2104 3326 2308 3394 esset
2363 3313 2644 3413 aliquis
2710 3310 3100 3388 solitarius
3157 3319 3231 3385 et
3287 3309 3638 3405 devotuS,

2102 3434 2298 3509 nihil
2346 3431 2692 3530 cogitans
2758 3429 2850 3504 de
2899 3427 3274 3527 proximo,
3330 3451 3484 3501 non
3528 3436 3642 3502 est

2104 3549 2630 3630 necessarium
2663 3547 2941 3624 elicere
2974 3554 3229 3620 actum
3271 3543 3636 3641 diligendi

2103 3672 2308 3747 circa
2373 3670 2658 3769 ipsum,
2729 3664 2862 3742 sed
2948 3662 3382 3740 necessario
3484 3685 3641 3735 non

2100 3787 2340 3862 odire.
