4295 6326
219 2533 283 2601 1.

1453 476 1676 546 DIST.
1728 472 2051 544 XXXIV.
2105 469 2523 550 QUAESTIO
2574 470 2811 541 UNIC.

3536 468 3658 532 169

1035 1003 2181 1160 DISTINCTIO
2313 998 3032 1151 XXXIV.

825 1652 1228 1735 QUAESTIO
1279 1655 1572 1722 UNICA.

604 1831 847 1896 Utrum
877 1823 1132 1895 bonum
1160 1823 1258 1889 sit
1311 1839 1519 1889 causa
1567 1820 1801 1887 mali?

424 2030 872 2100 Alenswzpq
908 2029 1137 2084 100..m
1172 2023 1637 2081 3..α..ι6121).
1685 2023 1973 2078 Thomu.

628 2102 763 2156 ..75
798 2100 1194 2225 αηιειὴιῖοᾳ.
1228 2114 1267 2153 ι.
1298 2114 1351 2152 a.
1381 2100 1436 2153 2.
1468 2104 1600 2168 etq.
1633 2094 1868 2151 dellalo
1919 2111 1974 2151 a.

648 2172 915 2229 ..Bonav
1089 2185 1186 2241 q..
1238 2186 1273 2223 1.
1315 2173 1368 2223 et
1395 2170 1449 2224 2.
1482 2168 1642 2223 Rich.
1671 2183 1724 2221 a.
1752 2169 1805 2221 2.
1837 2182 1888 2237 q.
1918 2166 1973 2222 2.

498 2191 679 2301 1Gabr.
713 2262 765 2316 ᾳ.
791 2262 827 2300 ι.
851 2245 1005 2299 Scot.
1040 2244 1099 2297 in
1127 2245 1306 2300 Oxou.
1339 2241 1428 2296 hic
1452 2241 1590 2295 et2.
1621 2239 1675 2294 d.
1717 2238 1804 2292 37.
1856 2254 1907 2309 q.
1933 2254 1974 2292 1.

505 2333 661 2372 num.
696 2317 783 2371 15.
816 2325 866 2371 et
896 2324 1085 2386 quaest.
1111 2315 1167 2368 2.
1199 2328 1354 2368 num.
1384 2312 1437 2366 9.

534 2491 754 2565 Circa
841 2488 1408 2563 distinctionem
1507 2483 1973 2581 trigesimam

85 2652 402 2714 Argument.
439 2622 815 2703 quartam,
861 2607 938 2680 in
1001 2629 1154 2704 qua
1211 2603 1578 2701 Magister
1632 2602 1810 2699 agit
1883 2601 1976 2676 de

118 2715 369 2776 mmm·
438 2734 749 2823 peccato
833 2723 1133 2808 actuali,
1191 2744 1455 2820 quaero
1559 2718 1651 2793 de
1743 2741 1977 2792 causa

135 4353 333 4405 Secun-

167 4420 321 4468 dum.

97 5192 360 5248 Tertium.

433 2841 753 2941 peccati,
835 2840 1175 2914 scilicet:
1218 2839 1513 2925 {Utrum
1574 2841 1974 2933 peccatum

429 2959 825 3036 sitabono
856 2961 1056 3034 sicut
1099 2983 1145 3032 a
1209 2955 1709 3052 causa,quod
1783 2978 1968 3027 non.

432 3078 648 3167 Quod
718 3077 1034 3152 omnino
1102 3075 1402 3149 nullum
1469 3097 1627 3148 6336
1713 3074 1969 3162 habet,

429 3220 587 3271 non
691 3195 920 3270 habet
1021 3216 1331 3268 causam
1387 3221 1406 3287 3
1469 3193 1602 3268 sed
1684 3193 1971 3266 malum

432 3314 729 3387 nullum
818 3334 976 3385 6336
1063 3310 1317 3404 habet,
1392 3310 1577 3407 quia
1659 3308 1970 3407 quando

436 3451 671 3503 unum
741 3411 1300 3502 contrariorum
1370 3435 1485 3500 est
1550 3424 1965 3514 infinitum,

434 3569 581 3619 non
618 3544 1078 3643 compatitur
1117 3543 1194 3616 in
1221 3551 1497 3617 natura
1526 3542 1763 3636 aliud,
1790 3542 1974 3639 quia

430 3661 810 3736 contraria
886 3684 1037 3734 non
1101 3659 1677 3758 compatiuntur
1715 3681 1796 3733 se
1865 3658 1973 3732 si—

430 3778 585 3882 mul
630 3804 651 3870 3
696 3775 930 3873 igitur
995 3786 1283 3873 quanto
1338 3774 1648 3879 majoris
1709 3772 1972 3848 effica-

426 3894 564 3968 eiae
606 3902 721 3967 est
790 3916 1026 3966 unum
1099 3891 1687 3982 contrariorum,
1762 3901 1968 3967 tanto

427 4009 671 4105 magis
710 4008 1028 4083 destruit
1086 4008 1356 4101 aliud3
1421 4008 1654 4104 igitur
1720 4007 1783 4081 si
1855 4017 1970 4082 est

428 4123 813 4199 infinitum
881 4124 1291 4217 intensive
1350 4145 1504 4197 non
1600 4122 1971 4221 permittit

428 4239 634 4314 aliud
659 4239 735 4311 in
770 4238 1029 4337 aliquo
1061 4239 1329 4335 gradu.

527 4356 1029 4450 Item,unitas
1094 4355 1328 4429 totius
1387 4379 1538 4429 non
1597 4355 1970 4453 compati-

427 4482 551 4547 tur
615 4494 878 4546 seeum
957 4470 1248 4568 aliquid
1325 4494 1769 4569 repugnans
1859 4470 1968 4544 illi

429 4587 701 4663 unitati
766 4615 784 4681 3
848 4587 980 4662 sed
1061 4588 1315 4661 unitas
1411 4586 1752 4661 universi
1856 4595 1971 4661 est

430 4704 681 4780 unitas
729 4704 1022 4778 ordinis
1078 4704 1195 4776 12.
1265 4702 1608 4801 Metaplz.
1673 4704 1964 4778 Malum

425 4830 680 4896 autem
760 4829 1137 4916 repugnat
1213 4817 1492 4912 ordini,
1568 4818 1750 4916 quia
1830 4842 1967 4917 pro

430 4946 636 5012 tanto
659 4935 940 5011 dicitur
980 4937 1299 5030 malum,
1343 4935 1527 5033 quia
1571 4934 1967 5010 inordina-

425 5064 585 5129 tum
623 5082 642 5147 3
687 5052 948 5151 igitur,
983 5061 1126 5128 ete.

524 5172 739 5264 Item,
801 5168 1008 5267 quod
1078 5169 1363 5243 malum
1445 5191 1603 5242 non
1689 5167 1969 5244 habeat

423 5289 714 5363 bonurn
781 5309 919 5385 pro
994 5307 1253 5377 eausa,
1326 5284 1506 5383 quia
1617 5285 1969 5384 opposita

421 5428 578 5480 non
637 5401 1216 5501 compatiuntur
1279 5424 1361 5476 se
1422 5430 1442 5497 3
1512 5401 1803 5477 bonum
1892 5412 1967 5478 et

421 5522 708 5597 malum
741 5529 923 5596 sunt
960 5517 1313 5617 opposita
1344 5546 1364 5613 3
1398 5517 1714 5595 effectus
1778 5542 1962 5595 vero

421 5661 577 5712 non
617 5638 868 5713 solum
922 5633 1384 5732 compatitur
1454 5658 1766 5711 causam
1842 5659 1974 5712 se-

2093 1479 2300 1549 cum,
2337 1452 2468 1528 sed
2501 1451 2826 1550 requirit
2865 1473 3033 1526 eam
3076 1459 3288 1544 tunc,
3334 1448 3643 1549 quando

2093 1573 2407 1673 ponitur
2439 1572 2512 1645 in
2559 1594 2745 1645 6336.

2190 1691 2404 1777 Item,
2437 1689 2724 1762 bonum
2752 1687 2981 1761 habet
3022 1686 3392 1759 rationem
3429 1683 3635 1778 finis,
3687 1726 3962 1787 Quartum.

2088 1806 2159 1879 2.
2196 1805 2512 1905 physic.
2595 1803 2666 1875 4.
2705 1808 2780 1878 et
2840 1803 2906 1874 1.
2960 1801 3221 1876 Etloeic.
3268 1800 3417 1875 Sed
3472 1824 3639 1875 ma-

2088 1922 2249 2015 lum
2320 1941 2475 1992 non
2554 1916 2783 1991 habet
2848 1915 3136 1990 honum
3208 1937 3344 2012 pro
3404 1936 3641 1988 eausa

2089 2035 2300 2110 finali
2338 2035 2628 2132 3igi1ur
2680 2057 2835 2108 non
2914 2033 3144 2108 habet
3202 2031 3435 2107 finem
3497 2022 3635 2130 pro

2088 2174 2350 2244 eausa,
2390 2160 2464 2225 et
2504 2150 2706 2248 quod
2742 2143 2913 2222 non'
2942 2148 3173 2223 habet
3211 2148 3443 2222 finem
3497 2172 3634 2247 pro

2088 2290 2350 2361 causa,
2389 2269 2679 2342 nullam
2713 2288 3024 2341 eausam
3061 2265 3315 2339 habet.

2187 2386 2404 2477 Item,
2439 2384 2708 2458 Matth.
2748 2384 2818 2455 7.
2863 2382 3049 2459 Non
3095 2388 3348 2479 potest
3409 2380 3639 2457 arbor
3683 2431 3959 2491 Quintum.

2088 2497 2287 2574 bona
2359 2497 2616 2573 Malos
2675 2498 2976 2594 fructus
3041 2495 3328 2594 facere,
3384 2520 3525 2570 nee
3593 2520 3633 2571 e

2085 2622 2353 2689 contra
2387 2641 2405 2707 3
2443 2612 2676 2709 igitur
2707 2612 2994 2687 bonum
3031 2634 3182 2685 non
3227 2621 3340 2685 est
3399 2634 3635 2686 eausa

2049 2732 2052 2733 *
2084 2728 2430 2804 efficiens
2475 2727 2679 2802 mali.

2184 2846 2371 2920 Item
2406 2844 2823 2943 Dionysius
2856 2845 2926 2917 4.
2996 2842 3089 2918 de
3155 2844 3425 2918 Divin.
3490 2868 3635 2918 no·
3718 2870 3952 2921 sextum.

2080 2959 2364 3035 Mz’m‘b.
2411 2959 2594 3034 dicit
2651 2959 2856 3056 quod
2896 2983 3052 3034 non
3114 2966 3225 3033 est
3288 2960 3489 3055 iynis
3521 2959 3634 3033 in-

2078 3078 2489 3177 friqidare,
2534 3101 2777 3176 neque
2811 3076 2996 3152 boni
3034 3101 3191 3151 non
3258 3075 3458 3151 bona
3503 3076 3633 3175 fa-

2082 3218 2278 3268 cere.

2181 3312 2292 3384 Ex
2333 3311 2476 3384 hoc
2516 3309 2868 3406 arguitur
2929 3310 3176 3405 primo
3218 3309 3378 3383 sie:
3444 3310 3630 3383 Om-
3784 3311 3851 3378 2.
3958 3389 3965 3398 ,

2084 3425 2206 3499 nis
2279 3450 2515 3502 causa
2582 3417 2958 3501 assimilat
3016 3425 3161 3500 sibi
3241 3423 3975 3519 effectum,Septimum·

2082 3545 2353 3617 saltem
2410 3543 2487 3615 in
2555 3542 2985 3617 rationibus
3026 3541 3569 3616 communibus
3602 3570 3623 3635 3

2083 3662 2215 3735 sed
2249 3661 2540 3735 bonum
2604 3659 3079 3734 convertitur
3130 3683 3305 3734 cum
3385 3671 3558 3733 ente
3604 3684 3621 3746 3

2082 3777 2317 3872 igitur
2357 3777 2435 3850 in
2478 3777 2790 3852 entitate
2840 3783 2915 3850 et
2980 3776 3317 3850 bonitate
3375 3774 3628 3849 omnis

2081 3916 2317 3968 eausa
2355 3893 2730 3968 assimilat
2768 3892 2914 3967 sibi
2956 3890 3307 3967 effectum
3363 3920 3381 3986 3
3435 3891 3625 3965 nihil

2080 4008 2315 4105 igitur
2346 4020 2611 4085 causat
2653 4011 2966 4084 malum.

2178 4124 2534 4200 Secundo
2567 4124 2657 4199 ad
2720 4124 2964 4198 idem:
3024 4123 3219 4197 Illud
3296 4147 3451 4199 non
3512 4131 3626 4198 est
3669 4142 3943 4191 octavum.

2079 4265 2315 4317 causa
2360 4242 2686 4338 alicujus
2744 4239 3086 4333 effectus,
3122 4240 3326 4338 quod
3394 4239 3624 4314 hahet

2080 4357 2434 4434 effectum
2511 4357 2977 4433 contrarium
3042 4355 3251 4431 illius
3318 4384 3334 4444 ;
3413 4380 3622 4431 nune
3705 4453 3708 4455 v

2079 4483 2338 4549 autem
2388 4473 2568 4548 boni
2637 4483 2752 4548 est
2816 4474 3143 4566 salvare,
3232 4472 3466 4568 igitur
3518 4472 3624 4569 ip-

2080 4614 2252 4664 sum
2288 4613 2442 4662 non
2518 4597 2783 4663 causat
2817 4589 3131 4682 malum,
3190 4587 3373 4684 quia
3444 4586 3621 4661 mali

2078 4717 2192 4782 est
2219 4728 2739 4803 corrumpere.

2179 4823 2388 4909 Item,
2422 4821 2712 4921 aliquid
2775 4829 2890 4895 est
2954 4820 3288 4916 primum
3333 4820 3621 4895 malum
3699 4827 3933 4898 Nonum.

2076 4939 2155 5013 in
2216 4938 2524 5014 entibus
2586 4966 2604 5032 3
2659 4937 2892 5034 igitur
2946 4936 3135 5010 illud
3212 4945 3325 5010 est
3391 4959 3624 5011 eausa

2077 5057 2591 5156 posterioris3
2665 5056 2898 5153 igitur
2971 5056 3273 5130 nullum
3331 5055 3621 5129 malum

2077 5184 2192 5249 est
2221 5199 2267 5248 a
2305 5173 2508 5249 bono
2540 5170 2913 5248 effective.
2960 5171 3442 5246 Antecedens
3482 5194 3623 5270 pa-

2078 5297 2210 5377 tet,
2249 5290 2431 5386 quia
2469 5289 2780 5386 aliquod
2815 5298 2930 5362 est
2973 5311 3273 5362 summe
3333 5289 3622 5362 malum

2078 5406 2155 5479 in
2200 5405 2536 5499 entihuS,
2600 5405 2823 5479 aliter
2896 5403 3103 5478 enim
3162 5412 3363 5477 esset
3455 5427 3622 5499 pro-

2074 5544 2339 5597 cessus
2379 5521 2455 5595 in
2499 5518 2888 5594 infinitum
2955 5519 3030 5591 in
3093 5517 3618 5617 permanenti-

2072 5637 2246 5733 buS,
2283 5648 2357 5714 et
2393 5661 2533 5737 per
2560 5657 3047 5734 consequens
3111 5643 3313 5710 esset
3350 5632 3617 5708 infini-
