<?xml version="1.0" encoding="UTF-8"?>
<!DOCTYPE html PUBLIC "-//W3C//DTD XHTML 1.0 Transitional//EN"
    "http://www.w3.org/TR/xhtml1/DTD/xhtml1-transitional.dtd">
<html xmlns="http://www.w3.org/1999/xhtml" xml:lang="en" lang="en">
 <head>
  <title>
</title>
<meta http-equiv="Content-Type" content="text/html;charset=utf-8" />
  <meta name='ocr-system' content='tesseract 3.04.00' />
  <meta name='ocr-capabilities' content='ocr_page ocr_carea ocr_par ocr_line ocrx_word'/>
</head>
<body>
  <div class='ocr_page' id='page_1' title='image "./joannisdunsscot00waddgoog_0636.png"; bbox 0 0 4295 6326; ppageno 0'>
   <div class='ocr_carea' id='block_1_1' title="bbox 658 383 790 453">
    <p class='ocr_par' dir='ltr' id='par_1_1' title="bbox 658 383 790 453">
     <span class='ocr_line' id='line_1_1' title="bbox 658 383 790 453; baseline -0.03 1"><span class='ocrx_word' id='word_1_1' title='bbox 658 383 790 453; x_wconf 75' lang='lat'><strong>608</strong></span> 
     </span>
    </p>
   </div>
   <div class='ocr_carea' id='block_1_2' title="bbox 667 539 2218 875">
    <p class='ocr_par' dir='ltr' id='par_1_2' title="bbox 667 539 2218 875">
     <span class='ocr_line' id='line_1_2' title="bbox 667 539 2214 640; baseline -0.012 -12"><span class='ocrx_word' id='word_1_2' title='bbox 667 555 831 629; x_wconf 89' lang='lat' dir='ltr'><strong>dire</strong></span> <span class='ocrx_word' id='word_1_3' title='bbox 864 550 1219 627; x_wconf 81' lang='lat' dir='ltr'><strong>effectum</strong></span> <span class='ocrx_word' id='word_1_4' title='bbox 1272 544 1750 624; x_wconf 89' lang='lat' dir='ltr'><strong>Sacramenti</strong></span> <span class='ocrx_word' id='word_1_5' title='bbox 1809 539 2214 640; x_wconf 90' lang='lat' dir='ltr'><strong>Baptismi,</strong></span> 
     </span>
     <span class='ocr_line' id='line_1_3' title="bbox 670 659 2215 768; baseline -0.013 -20"><span class='ocrx_word' id='word_1_6' title='bbox 670 696 816 748; x_wconf 90' lang='lat' dir='ltr'><strong>nec</strong></span> <span class='ocrx_word' id='word_1_7' title='bbox 883 695 1064 768; x_wconf 91' lang='lat' dir='ltr'><strong>ergo</strong></span> <span class='ocrx_word' id='word_1_8' title='bbox 1135 668 1338 743; x_wconf 80' lang='lat' dir='ltr'><strong>fictio</strong></span> <span class='ocrx_word' id='word_1_9' title='bbox 1413 664 1778 763; x_wconf 80' lang='lat' dir='ltr'><strong>impediet</strong></span> <span class='ocrx_word' id='word_1_10' title='bbox 1862 659 2215 735; x_wconf 79' lang='lat' dir='ltr'><strong>effectum</strong></span> 
     </span>
     <span class='ocr_line' id='line_1_4' title="bbox 674 768 2218 875; baseline -0.013 -13"><span class='ocrx_word' id='word_1_11' title='bbox 674 784 1175 870; x_wconf 89' lang='lat' dir='ltr'><strong>Sacramenti,</strong></span> <span class='ocrx_word' id='word_1_12' title='bbox 1202 806 1357 857; x_wconf 88' lang='lat' dir='ltr'><strong>non</strong></span> <span class='ocrx_word' id='word_1_13' title='bbox 1391 780 1597 856; x_wconf 89' lang='lat' dir='ltr'><strong>enim</strong></span> <span class='ocrx_word' id='word_1_14' title='bbox 1630 774 2036 875; x_wconf 88' lang='lat' dir='ltr'><strong>impediret</strong></span> <span class='ocrx_word' id='word_1_15' title='bbox 2068 768 2218 845; x_wconf 88' lang='lat' dir='ltr'><strong>nisi</strong></span> 
     </span>
    </p>
   </div>
   <div class='ocr_carea' id='block_1_3' title="bbox 676 905 1467 1002">
    <p class='ocr_par' dir='ltr' id='par_1_3' title="bbox 676 905 1467 1002">
     <span class='ocr_line' id='line_1_5' title="bbox 676 905 1467 1002; baseline -0.011 -22"><span class='ocrx_word' id='word_1_16' title='bbox 676 905 855 1002; x_wconf 85' lang='lat' dir='ltr'><strong>quia</strong></span> <span class='ocrx_word' id='word_1_17' title='bbox 896 913 1007 979; x_wconf 88' lang='lat' dir='ltr'><strong>est</strong></span> <span class='ocrx_word' id='word_1_18' title='bbox 1039 911 1467 1000; x_wconf 90' lang='lat' dir='ltr'><strong>peccatum.</strong></span> 
     </span>
    </p>
   </div>
   <div class='ocr_carea' id='block_1_4' title="bbox 355 1006 2221 1238">
    <p class='ocr_par' dir='ltr' id='par_1_4' title="bbox 355 1006 2221 1238">
     <span class='ocr_line' id='line_1_6' title="bbox 355 1006 2221 1138; baseline -0.006 -47"><span class='ocrx_word' id='word_1_19' title='bbox 355 1010 607 1138; x_wconf 44' lang='lat' dir='ltr'><strong>¹2⁸2&amp;ss</strong></span> <span class='ocrx_word' id='word_1_20' title='bbox 772 1019 1223 1119; x_wconf 84' lang='lat' dir='ltr'>Oppositum</span> <span class='ocrx_word' id='word_1_21' title='bbox 1308 1019 1473 1091; x_wconf 88' lang='lat' dir='ltr'><strong>vult</strong></span> <span class='ocrx_word' id='word_1_22' title='bbox 1564 1010 2043 1108; x_wconf 78' lang='lat' dir='ltr'><strong>Augustinus</strong></span> <span class='ocrx_word' id='word_1_23' title='bbox 2127 1006 2221 1081; x_wconf 86' lang='lat' dir='ltr'><strong>de</strong></span> 
     </span>
     <span class='ocr_line' id='line_1_7' title="bbox 391 1091 2215 1238; baseline -0.007 -27"><span class='ocrx_word' id='word_1_24' title='bbox 391 1091 594 1202; x_wconf 41' lang='lat' dir='ltr'><strong>Rugum</strong></span> <span class='ocrx_word' id='word_1_25' title='bbox 662 1142 937 1238; x_wconf 84' lang='lat' dir='ltr'><strong>poenit.</strong></span> <span class='ocrx_word' id='word_1_26' title='bbox 1005 1161 1173 1234; x_wconf 82' lang='lat' dir='ltr'><strong>cap.</strong></span> <span class='ocrx_word' id='word_1_27' title='bbox 1239 1136 1310 1210; x_wconf 83' lang='lat'><strong>2.</strong></span> <span class='ocrx_word' id='word_1_28' title='bbox 1385 1143 1459 1209; x_wconf 91' lang='lat' dir='ltr'><strong>et</strong></span> <span class='ocrx_word' id='word_1_29' title='bbox 1508 1141 1713 1232; x_wconf 86' lang='lat' dir='ltr'><strong>patet</strong></span> <span class='ocrx_word' id='word_1_30' title='bbox 1770 1131 1840 1203; x_wconf 92' lang='lat' dir='ltr'><strong>in</strong></span> <span class='ocrx_word' id='word_1_31' title='bbox 1914 1127 2215 1201; x_wconf 87' lang='lat' dir='ltr'><strong>littera:</strong></span> 
     </span>
    </p>
   </div>
   <div class='ocr_carea' id='block_1_5' title="bbox 678 1240 2230 1461">
    <p class='ocr_par' dir='ltr' id='par_1_5' title="bbox 678 1240 2230 1461">
     <span class='ocr_line' id='line_1_8' title="bbox 680 1240 2222 1352; baseline -0.009 -24"><span class='ocrx_word' id='word_1_32' title='bbox 680 1254 947 1330; x_wconf 82' lang='lat' dir='ltr'><strong>Omnis</strong></span> <span class='ocrx_word' id='word_1_33' title='bbox 988 1255 1124 1352; x_wconf 76' lang='lat' dir='ltr'><strong>qui</strong></span> <span class='ocrx_word' id='word_1_34' title='bbox 1132 1254 1306 1352; x_wconf 83' lang='lat' dir='ltr'><strong>jam</strong></span> <span class='ocrx_word' id='word_1_35' title='bbox 1348 1274 1509 1325; x_wconf 80' lang='lat' dir='ltr'><strong>suae</strong></span> <span class='ocrx_word' id='word_1_36' title='bbox 1550 1245 1965 1323; x_wconf 75' lang='lat' dir='ltr'><strong>voluntatis</strong></span> <span class='ocrx_word' id='word_1_37' title='bbox 2009 1240 2222 1317; x_wconf 73' lang='lat' dir='ltr'><strong>arbi-</strong></span> 
     </span>
     <span class='ocr_line' id='line_1_9' title="bbox 678 1358 2230 1461; baseline -0.011 -14"><span class='ocrx_word' id='word_1_38' title='bbox 678 1379 792 1447; x_wconf 85' lang='lat' dir='ltr'><strong>ter</strong></span> <span class='ocrx_word' id='word_1_39' title='bbox 858 1371 1306 1446; x_wconf 81' lang='lat' dir='ltr'><strong>constitutus</strong></span> <span class='ocrx_word' id='word_1_40' title='bbox 1358 1375 1491 1461; x_wconf 87' lang='lat' dir='ltr'><strong>est,</strong></span> <span class='ocrx_word' id='word_1_41' title='bbox 1540 1389 1710 1440; x_wconf 86' lang='lat' dir='ltr'><strong>cum</strong></span> <span class='ocrx_word' id='word_1_42' title='bbox 1759 1360 2050 1437; x_wconf 84' lang='lat' dir='ltr'><strong>accedit</strong></span> <span class='ocrx_word' id='word_1_43' title='bbox 2124 1358 2230 1432; x_wconf 80' lang='lat' dir='ltr'><strong>ad</strong></span> 
     </span>
    </p>
   </div>
   <div class='ocr_carea' id='block_1_6' title="bbox 662 1477 2229 2865">
    <p class='ocr_par' dir='ltr' id='par_1_6' title="bbox 667 1477 2223 1821">
     <span class='ocr_line' id='line_1_10' title="bbox 682 1477 2223 1584; baseline -0.01 -19"><span class='ocrx_word' id='word_1_44' title='bbox 682 1491 1274 1565; x_wconf 76' lang='lat' dir='ltr'><strong><em>Sacramentum</em></strong></span> <span class='ocrx_word' id='word_1_45' title='bbox 1322 1485 1700 1584; x_wconf 78' lang='lat' dir='ltr'><strong>fidelium,</strong></span> <span class='ocrx_word' id='word_1_46' title='bbox 1766 1480 1924 1554; x_wconf 81' lang='lat' dir='ltr'><strong>nisi</strong></span> <span class='ocrx_word' id='word_1_47' title='bbox 1960 1477 2223 1576; x_wconf 84' lang='lat' dir='ltr'><strong>poeni-</strong></span> 
     </span>
     <span class='ocr_line' id='line_1_11' title="bbox 675 1602 2217 1693; baseline -0.01 -12"><span class='ocrx_word' id='word_1_48' title='bbox 675 1613 826 1681; x_wconf 84' lang='lat' dir='ltr'><strong>teat</strong></span> <span class='ocrx_word' id='word_1_49' title='bbox 891 1630 1063 1680; x_wconf 77' lang='lat' dir='ltr'><strong>eum</strong></span> <span class='ocrx_word' id='word_1_50' title='bbox 1130 1602 1406 1679; x_wconf 85' lang='lat' dir='ltr'><strong>veteris</strong></span> <span class='ocrx_word' id='word_1_51' title='bbox 1462 1602 1670 1693; x_wconf 71' lang='lat' dir='ltr'><strong>vitae,</strong></span> <span class='ocrx_word' id='word_1_52' title='bbox 1736 1619 2013 1671; x_wconf 79' lang='lat' dir='ltr'><strong>novam</strong></span> <span class='ocrx_word' id='word_1_53' title='bbox 2063 1616 2217 1667; x_wconf 82' lang='lat' dir='ltr'><strong>non</strong></span> 
     </span>
     <span class='ocr_line' id='line_1_12' title="bbox 667 1721 1335 1821; baseline -0.007 -24"><span class='ocrx_word' id='word_1_54' title='bbox 667 1728 920 1821; x_wconf 87' lang='lat' dir='ltr'><strong>potest</strong></span> <span class='ocrx_word' id='word_1_55' title='bbox 950 1721 1335 1795; x_wconf 78' lang='lat' dir='ltr'><strong>inchoare.</strong></span> 
     </span>
    </p>

    <p class='ocr_par' dir='ltr' id='par_1_7' title="bbox 662 1830 2229 2865">
     <span class='ocr_line' id='line_1_13' title="bbox 774 1830 2219 1933; baseline -0.012 -20"><span class='ocrx_word' id='word_1_56' title='bbox 774 1839 990 1924; x_wconf 86' lang='lat' dir='ltr'><strong>Item,</strong></span> <span class='ocrx_word' id='word_1_57' title='bbox 1062 1837 1156 1910; x_wconf 92' lang='lat' dir='ltr'><strong>de</strong></span> <span class='ocrx_word' id='word_1_58' title='bbox 1243 1834 1637 1933; x_wconf 86' lang='lat' dir='ltr'><strong>Baptismo</strong></span> <span class='ocrx_word' id='word_1_59' title='bbox 1718 1830 2219 1928; x_wconf 87' lang='lat' dir='ltr'><strong>parvulorum</strong></span> 
     </span>
     <span class='ocr_line' id='line_1_14' title="bbox 674 1942 2225 2050; baseline -0.01 -19"><span class='ocrx_word' id='word_1_60' title='bbox 674 1956 866 2032; x_wconf 91' lang='lat' dir='ltr'><strong>dicit</strong></span> <span class='ocrx_word' id='word_1_61' title='bbox 894 1953 1375 2050; x_wconf 80' lang='lat' dir='ltr'><strong>Augustinus</strong></span> <span class='ocrx_word' id='word_1_62' title='bbox 1423 1975 1439 2027; x_wconf 74' lang='grc' dir='ltr'>ε</span> <span class='ocrx_word' id='word_1_63' title='bbox 1484 1951 1695 2024; x_wconf 83' lang='lat' dir='ltr'><strong>Tunc</strong></span> <span class='ocrx_word' id='word_1_64' title='bbox 1726 1945 1982 2022; x_wconf 85' lang='lat' dir='ltr'><strong>valere</strong></span> <span class='ocrx_word' id='word_1_65' title='bbox 2030 1942 2225 2016; x_wconf 83' lang='lat' dir='ltr'><strong>inci-</strong></span> 
     </span>
     <span class='ocr_line' id='line_1_15' title="bbox 662 2057 2224 2172; baseline -0.01 -26"><span class='ocrx_word' id='word_1_66' title='bbox 662 2073 791 2172; x_wconf 90' lang='lat' dir='ltr'><strong>pit</strong></span> <span class='ocrx_word' id='word_1_67' title='bbox 833 2069 1286 2167; x_wconf 81' lang='lat' dir='ltr'><strong>Baptismus</strong></span> <span class='ocrx_word' id='word_1_68' title='bbox 1318 2067 1421 2142; x_wconf 86' lang='lat' dir='ltr'><strong>ad</strong></span> <span class='ocrx_word' id='word_1_69' title='bbox 1452 2064 1803 2150; x_wconf 77' lang='lat' dir='ltr'><strong>salutem,</strong></span> <span class='ocrx_word' id='word_1_70' title='bbox 1852 2085 2023 2135; x_wconf 77' lang='lat' dir='ltr'><strong>cum</strong></span> <span class='ocrx_word' id='word_1_71' title='bbox 2084 2057 2224 2132; x_wconf 83' lang='lat' dir='ltr'><strong>illa</strong></span> 
     </span>
     <span class='ocr_line' id='line_1_16' title="bbox 669 2174 2219 2283; baseline -0.01 -22"><span class='ocrx_word' id='word_1_72' title='bbox 669 2185 885 2283; x_wconf 78' lang='lat' dir='ltr'><strong>fictio</strong></span> <span class='ocrx_word' id='word_1_73' title='bbox 942 2184 1203 2257; x_wconf 83' lang='lat' dir='ltr'><strong>veraci</strong></span> <span class='ocrx_word' id='word_1_74' title='bbox 1258 2178 1737 2277; x_wconf 82' lang='lat' dir='ltr'><strong>confessione</strong></span> <span class='ocrx_word' id='word_1_75' title='bbox 1798 2174 2219 2264; x_wconf 80' lang='lat' dir='ltr'><strong>recesserit,</strong></span> 
     </span>
     <span class='ocr_line' id='line_1_17' title="bbox 672 2294 2225 2403; baseline -0.01 -26"><span class='ocrx_word' id='word_1_76' title='bbox 672 2325 845 2403; x_wconf 79' lang='lat' dir='ltr'><strong>quae</strong></span> <span class='ocrx_word' id='word_1_77' title='bbox 888 2300 1114 2374; x_wconf 85' lang='lat' dir='ltr'><strong>corde</strong></span> <span class='ocrx_word' id='word_1_78' title='bbox 1180 2299 1263 2372; x_wconf 81' lang='lat' dir='ltr'><strong>in</strong></span> <span class='ocrx_word' id='word_1_79' title='bbox 1330 2294 1632 2370; x_wconf 74' lang='lat' dir='ltr'><strong>matitia</strong></span> <span class='ocrx_word' id='word_1_80' title='bbox 1682 2294 2225 2391; x_wconf 81' lang='lat' dir='ltr'><strong>perseverante</strong></span> 
     </span>
     <span class='ocr_line' id='line_1_18' title="bbox 669 2403 2229 2518; baseline -0.01 -24"><span class='ocrx_word' id='word_1_81' title='bbox 669 2426 1162 2518; x_wconf 79' lang='lat' dir='ltr'><strong>peccatorum</strong></span> <span class='ocrx_word' id='word_1_82' title='bbox 1197 2412 1672 2488; x_wconf 77' lang='lat' dir='ltr'><strong>ablutionem</strong></span> <span class='ocrx_word' id='word_1_83' title='bbox 1718 2432 1869 2483; x_wconf 81' lang='lat' dir='ltr'><strong>non</strong></span> <span class='ocrx_word' id='word_1_84' title='bbox 1928 2403 2229 2480; x_wconf 82' lang='lat' dir='ltr'><strong>sinebat</strong></span> 
     </span>
     <span class='ocr_line' id='line_1_19' title="bbox 684 2521 2225 2631; baseline -0.01 -23"><span class='ocrx_word' id='word_1_85' title='bbox 684 2533 865 2631; x_wconf 78' lang='lat' dir='ltr'><strong>fieri</strong></span> <span class='ocrx_word' id='word_1_86' title='bbox 907 2561 931 2616; x_wconf 92' lang='grc'><strong>,·</strong></span> <span class='ocrx_word' id='word_1_87' title='bbox 996 2555 1178 2628; x_wconf 85' lang='lat' dir='ltr'><strong>ergo</strong></span> <span class='ocrx_word' id='word_1_88' title='bbox 1262 2530 1391 2602; x_wconf 90' lang='lat' dir='ltr'><strong>illa</strong></span> <span class='ocrx_word' id='word_1_89' title='bbox 1468 2525 1673 2600; x_wconf 85' lang='lat' dir='ltr'><strong>fictio</strong></span> <span class='ocrx_word' id='word_1_90' title='bbox 1757 2521 2225 2620; x_wconf 85' lang='lat' dir='ltr'><strong>impediebat</strong></span> 
     </span>
     <span class='ocr_line' id='line_1_20' title="bbox 680 2644 2226 2742; baseline -0.01 -16"><span class='ocrx_word' id='word_1_91' title='bbox 680 2650 1152 2726; x_wconf 88' lang='lat' dir='ltr'><strong>ablutionem</strong></span> <span class='ocrx_word' id='word_1_92' title='bbox 1191 2647 1266 2719; x_wconf 92' lang='lat' dir='ltr'><strong>in</strong></span> <span class='ocrx_word' id='word_1_93' title='bbox 1302 2644 1722 2742; x_wconf 86' lang='lat' dir='ltr'><strong>Baptism0‚</strong></span> <span class='ocrx_word' id='word_1_94' title='bbox 1760 2651 1835 2715; x_wconf 87' lang='lat' dir='ltr'><strong>et</strong></span> <span class='ocrx_word' id='word_1_95' title='bbox 1866 2663 2002 2738; x_wconf 90' lang='lat' dir='ltr'><strong>per</strong></span> <span class='ocrx_word' id='word_1_96' title='bbox 2041 2661 2226 2712; x_wconf 90' lang='lat' dir='ltr'><strong>con-</strong></span> 
     </span>
     <span class='ocr_line' id='line_1_21' title="bbox 677 2765 1402 2865; baseline -0.012 -21"><span class='ocrx_word' id='word_1_97' title='bbox 677 2790 1013 2865; x_wconf 88' lang='lat' dir='ltr'><strong>sequens</strong></span> <span class='ocrx_word' id='word_1_98' title='bbox 1052 2765 1402 2862; x_wconf 79' lang='lat' dir='ltr'><strong>gratiam.</strong></span> 
     </span>
    </p>
   </div>
   <div class='ocr_carea' id='block_1_7' title="bbox 1262 3037 1645 3096">
    <p class='ocr_par' dir='ltr' id='par_1_8' title="bbox 1262 3037 1645 3096">
     <span class='ocr_line' id='line_1_22' title="bbox 1262 3037 1645 3096; baseline -0.01 0"><span class='ocrx_word' id='word_1_99' title='bbox 1262 3037 1645 3096; x_wconf 86' lang='lat' dir='ltr'><strong>SCHOLIUM.</strong></span> 
     </span>
    </p>
   </div>
   <div class='ocr_carea' id='block_1_8' title="bbox 673 3185 2233 4608">
    <p class='ocr_par' dir='ltr' id='par_1_9' title="bbox 673 3185 2233 4608">
     <span class='ocr_line' id='line_1_23' title="bbox 754 3185 2225 3265; baseline -0.012 -9"><span class='ocrx_word' id='word_1_100' title='bbox 754 3200 1012 3255; x_wconf 79' lang='lat' dir='ltr'><strong>Primum</strong></span> <span class='ocrx_word' id='word_1_101' title='bbox 1046 3195 1288 3257; x_wconf 83' lang='lat' dir='ltr'><strong>dictum,</strong></span> <span class='ocrx_word' id='word_1_102' title='bbox 1320 3192 1540 3265; x_wconf 73' lang='lat' dir='ltr'><strong>finyens</strong></span> <span class='ocrx_word' id='word_1_103' title='bbox 1567 3206 1622 3246; x_wconf 82' lang='lat' dir='ltr'><strong>se</strong></span> <span class='ocrx_word' id='word_1_104' title='bbox 1651 3187 2007 3259; x_wconf 78' lang='lat' dir='ltr'><strong>dispositum,</strong></span> <span class='ocrx_word' id='word_1_105' title='bbox 2042 3185 2097 3241; x_wconf 83' lang='lat' dir='ltr'><strong>id</strong></span> <span class='ocrx_word' id='word_1_106' title='bbox 2127 3188 2225 3251; x_wconf 79' lang='lat' dir='ltr'><strong>est,</strong></span> 
     </span>
     <span class='ocr_line' id='line_1_24' title="bbox 677 3275 2225 3364; baseline -0.012 -17"><span class='ocrx_word' id='word_1_107' title='bbox 677 3292 1026 3364; x_wconf 63' lang='lat' dir='ltr'><strong>mentientem</strong></span> <span class='ocrx_word' id='word_1_108' title='bbox 1055 3285 1119 3341; x_wconf 79' lang='lat' dir='ltr'><strong>de</strong></span> <span class='ocrx_word' id='word_1_109' title='bbox 1146 3285 1379 3356; x_wconf 76' lang='lat' dir='ltr'><strong>peccatis</strong></span> <span class='ocrx_word' id='word_1_110' title='bbox 1410 3279 1741 3344; x_wconf 76' lang='lat' dir='ltr'><strong>commissis,</strong></span> <span class='ocrx_word' id='word_1_111' title='bbox 1771 3276 1978 3348; x_wconf 79' lang='lat' dir='ltr'><strong>accipit</strong></span> <span class='ocrx_word' id='word_1_112' title='bbox 2021 3275 2225 3331; x_wconf 82' lang='lat' dir='ltr'><strong>Sacra·</strong></span> 
     </span>
     <span class='ocr_line' id='line_1_25' title="bbox 679 3367 2226 3445; baseline -0.011 -10"><span class='ocrx_word' id='word_1_113' title='bbox 679 3388 942 3443; x_wconf 81' lang='lat' dir='ltr'><strong>mentum,</strong></span> <span class='ocrx_word' id='word_1_114' title='bbox 975 3376 1076 3432; x_wconf 81' lang='lat' dir='ltr'><strong>sed</strong></span> <span class='ocrx_word' id='word_1_115' title='bbox 1104 3392 1215 3430; x_wconf 83' lang='lat' dir='ltr'><strong>non</strong></span> <span class='ocrx_word' id='word_1_116' title='bbox 1243 3377 1503 3445; x_wconf 70' lang='lat' dir='ltr'><strong>qratiam.</strong></span> <span class='ocrx_word' id='word_1_117' title='bbox 1534 3368 1796 3424; x_wconf 84' lang='lat' dir='ltr'><strong>Trident.</strong></span> <span class='ocrx_word' id='word_1_118' title='bbox 1831 3383 1974 3423; x_wconf 59' lang='lat' dir='ltr'><strong>sess</strong></span> <span class='ocrx_word' id='word_1_119' title='bbox 2009 3367 2060 3420; x_wconf 89' lang='grc'><strong>6.</strong></span> <span class='ocrx_word' id='word_1_120' title='bbox 2094 3381 2226 3435; x_wconf 81' lang='lat' dir='ltr'><strong>cap.</strong></span> 
     </span>
     <span class='ocr_line' id='line_1_26' title="bbox 680 3457 2226 3540; baseline -0.01 -15"><span class='ocrx_word' id='word_1_121' title='bbox 680 3473 732 3524; x_wconf 79' lang='lat'><strong>6.</strong></span> <span class='ocrx_word' id='word_1_122' title='bbox 766 3472 1015 3540; x_wconf 74' lang='lat' dir='ltr'><strong>August.</strong></span> <span class='ocrx_word' id='word_1_123' title='bbox 1068 3468 1141 3522; x_wconf 85' lang='lat' dir='ltr'><strong>de</strong></span> <span class='ocrx_word' id='word_1_124' title='bbox 1201 3465 1316 3520; x_wconf 80' lang='lat' dir='ltr'><strong>fide</strong></span> <span class='ocrx_word' id='word_1_125' title='bbox 1371 3468 1429 3518; x_wconf 85' lang='lat' dir='ltr'><strong>et</strong></span> <span class='ocrx_word' id='word_1_126' title='bbox 1486 3461 1781 3532; x_wconf 81' lang='lat' dir='ltr'><strong>operibus,</strong></span> <span class='ocrx_word' id='word_1_127' title='bbox 1842 3475 1967 3528; x_wconf 85' lang='lat' dir='ltr'><strong>cap.</strong></span> <span class='ocrx_word' id='word_1_128' title='bbox 2002 3457 2054 3511; x_wconf 74' lang='lat'><strong>4.</strong></span> <span class='ocrx_word' id='word_1_129' title='bbox 2088 3462 2144 3512; x_wconf 86' lang='lat' dir='ltr'><strong>et</strong></span> <span class='ocrx_word' id='word_1_130' title='bbox 2169 3458 2226 3510; x_wconf 89' lang='lat'><strong>5.</strong></span> 
     </span>
     <span class='ocr_line' id='line_1_27' title="bbox 682 3551 2226 3635; baseline -0.008 -16"><span class='ocrx_word' id='word_1_131' title='bbox 682 3562 957 3635; x_wconf 83' lang='lat' dir='ltr'><strong>Cartbag.</strong></span> <span class='ocrx_word' id='word_1_132' title='bbox 996 3559 1093 3615; x_wconf 82' lang='lat' dir='ltr'><strong>lv,</strong></span> <span class='ocrx_word' id='word_1_133' title='bbox 1134 3575 1262 3631; x_wconf 86' lang='lat' dir='ltr'><strong>cap.</strong></span> <span class='ocrx_word' id='word_1_134' title='bbox 1297 3559 1387 3612; x_wconf 83' lang='lat'><strong>85.</strong></span> <span class='ocrx_word' id='word_1_135' title='bbox 1415 3554 1769 3627; x_wconf 82' lang='lat' dir='ltr'><strong>Aquisgran.</strong></span> <span class='ocrx_word' id='word_1_136' title='bbox 1821 3553 1864 3607; x_wconf 92' lang='lat'><strong>1.</strong></span> <span class='ocrx_word' id='word_1_137' title='bbox 1925 3568 2052 3622; x_wconf 87' lang='lat' dir='ltr'><strong>cap.</strong></span> <span class='ocrx_word' id='word_1_138' title='bbox 2105 3551 2226 3607; x_wconf 68' lang='lat'><strong>1⁴4.</strong></span> 
     </span>
     <span class='ocr_line' id='line_1_28' title="bbox 687 3641 2226 3725; baseline -0.008 -15"><span class='ocrx_word' id='word_1_139' title='bbox 687 3654 921 3725; x_wconf 80' lang='lat' dir='ltr'><strong>Dionys.</strong></span> <span class='ocrx_word' id='word_1_140' title='bbox 956 3652 1026 3707; x_wconf 88' lang='lat' dir='ltr'><strong>de</strong></span> <span class='ocrx_word' id='word_1_141' title='bbox 1058 3647 1393 3704; x_wconf 81' lang='lat' dir='ltr'><strong>Ecclesiast.</strong></span> <span class='ocrx_word' id='word_1_142' title='bbox 1428 3642 1693 3700; x_wconf 80' lang='lat' dir='ltr'><strong>Hier-acb.</strong></span> <span class='ocrx_word' id='word_1_143' title='bbox 1722 3657 1851 3714; x_wconf 83' lang='lat' dir='ltr'><strong>cap.</strong></span> <span class='ocrx_word' id='word_1_144' title='bbox 1882 3641 1937 3696; x_wconf 83' lang='lat'><strong>2.</strong></span> <span class='ocrx_word' id='word_1_145' title='bbox 1990 3641 2226 3697; x_wconf 83' lang='lat' dir='ltr'><strong>Nazian.</strong></span> 
     </span>
     <span class='ocr_line' id='line_1_29' title="bbox 682 3730 2225 3801; baseline -0.008 -2"><span class='ocrx_word' id='word_1_146' title='bbox 682 3748 829 3799; x_wconf 84' lang='lat' dir='ltr'><strong>orat.</strong></span> <span class='ocrx_word' id='word_1_147' title='bbox 865 3741 922 3796; x_wconf 89' lang='lat' dir='ltr'><strong>in</strong></span> <span class='ocrx_word' id='word_1_148' title='bbox 954 3744 1010 3797; x_wconf 85' lang='lat' dir='ltr'><strong>S.</strong></span> <span class='ocrx_word' id='word_1_149' title='bbox 1044 3738 1384 3795; x_wconf 75' lang='lat' dir='ltr'><strong>Lavacrum.</strong></span> <span class='ocrx_word' id='word_1_150' title='bbox 1416 3736 1771 3797; x_wconf 84' lang='lat' dir='ltr'><strong>Secundum,</strong></span> <span class='ocrx_word' id='word_1_151' title='bbox 1802 3730 2084 3787; x_wconf 78' lang='lat' dir='ltr'><strong>recedente</strong></span> <span class='ocrx_word' id='word_1_152' title='bbox 2127 3731 2225 3801; x_wconf 74' lang='lat' dir='ltr'><strong>tic·</strong></span> 
     </span>
     <span class='ocr_line' id='line_1_30' title="bbox 677 3822 2231 3902; baseline -0.008 -14"><span class='ocrx_word' id='word_1_153' title='bbox 677 3834 848 3899; x_wconf 85' lang='lat' dir='ltr'><strong>tione,</strong></span> <span class='ocrx_word' id='word_1_154' title='bbox 904 3829 1094 3902; x_wconf 73' lang='lat' dir='ltr'><strong>qratia</strong></span> <span class='ocrx_word' id='word_1_155' title='bbox 1144 3825 1498 3899; x_wconf 76' lang='lat' dir='ltr'><strong>Baptismalis</strong></span> <span class='ocrx_word' id='word_1_156' title='bbox 1554 3839 1654 3895; x_wconf 82' lang='lat' dir='ltr'><strong>per</strong></span> <span class='ocrx_word' id='word_1_157' title='bbox 1711 3822 1901 3888; x_wconf 81' lang='lat' dir='ltr'><strong>Deum,</strong></span> <span class='ocrx_word' id='word_1_158' title='bbox 1956 3836 2065 3877; x_wconf 87' lang='lat' dir='ltr'><strong>non</strong></span> <span class='ocrx_word' id='word_1_159' title='bbox 2130 3837 2231 3892; x_wconf 87' lang='lat' dir='ltr'><strong>per</strong></span> 
     </span>
     <span class='ocr_line' id='line_1_31' title="bbox 676 3909 2229 3980; baseline -0.008 -2"><span class='ocrx_word' id='word_1_160' title='bbox 676 3922 1051 3978; x_wconf 81' lang='lat' dir='ltr'><strong>characterem</strong></span> <span class='ocrx_word' id='word_1_161' title='bbox 1105 3920 1388 3972; x_wconf 76' lang='lat' dir='ltr'><strong>causatur.</strong></span> <span class='ocrx_word' id='word_1_162' title='bbox 1438 3912 1633 3969; x_wconf 84' lang='lat' dir='ltr'><strong>Tertio</strong></span> <span class='ocrx_word' id='word_1_163' title='bbox 1646 3928 1725 3980; x_wconf 91' lang='lat' dir='ltr'><strong>m,</strong></span> <span class='ocrx_word' id='word_1_164' title='bbox 1783 3909 2068 3966; x_wconf 77' lang='lat' dir='ltr'><strong>recedente</strong></span> <span class='ocrx_word' id='word_1_165' title='bbox 2130 3910 2229 3980; x_wconf 80' lang='lat' dir='ltr'><strong>fic-</strong></span> 
     </span>
     <span class='ocr_line' id='line_1_32' title="bbox 677 3998 2228 4081; baseline -0.007 -16"><span class='ocrx_word' id='word_1_166' title='bbox 677 4023 826 4067; x_wconf 79' lang='lat' dir='ltr'><strong>none</strong></span> <span class='ocrx_word' id='word_1_167' title='bbox 850 4016 1133 4081; x_wconf 81' lang='lat' dir='ltr'><strong>peccatum</strong></span> <span class='ocrx_word' id='word_1_168' title='bbox 1164 4003 1402 4061; x_wconf 82' lang='lat' dir='ltr'><strong>actualis</strong></span> <span class='ocrx_word' id='word_1_169' title='bbox 1432 4002 1690 4073; x_wconf 76' lang='lat' dir='ltr'><strong>fictionis,</strong></span> <span class='ocrx_word' id='word_1_170' title='bbox 1740 4003 1792 4055; x_wconf 86' lang='lat' dir='ltr'><strong>et</strong></span> <span class='ocrx_word' id='word_1_171' title='bbox 1831 3998 2228 4071; x_wconf 72' lang='lat' dir='ltr'><strong>praecedentia,</strong></span> 
     </span>
     <span class='ocr_line' id='line_1_33' title="bbox 673 4092 2229 4174; baseline -0.006 -18"><span class='ocrx_word' id='word_1_172' title='bbox 673 4116 772 4174; x_wconf 87' lang='lat' dir='ltr'><strong>per</strong></span> <span class='ocrx_word' id='word_1_173' title='bbox 803 4100 1171 4171; x_wconf 77' lang='lat' dir='ltr'><strong>Baptismum‚</strong></span> <span class='ocrx_word' id='word_1_174' title='bbox 1205 4095 1429 4165; x_wconf 77' lang='lat' dir='ltr'><strong>reliqua</strong></span> <span class='ocrx_word' id='word_1_175' title='bbox 1453 4092 1646 4148; x_wconf 79' lang='lat' dir='ltr'><strong>omnia</strong></span> <span class='ocrx_word' id='word_1_176' title='bbox 1675 4097 1896 4163; x_wconf 79' lang='lat' dir='ltr'><strong>peccata</strong></span> <span class='ocrx_word' id='word_1_177' title='bbox 1924 4106 2025 4161; x_wconf 84' lang='lat' dir='ltr'><strong>per</strong></span> <span class='ocrx_word' id='word_1_178' title='bbox 2042 4092 2229 4161; x_wconf 82' lang='lat' dir='ltr'><strong>poeni-</strong></span> 
     </span>
     <span class='ocr_line' id='line_1_34' title="bbox 679 4179 2233 4253; baseline -0.008 -6"><span class='ocrx_word' id='word_1_179' title='bbox 679 4191 906 4247; x_wconf 81' lang='lat' dir='ltr'><strong>tentiam</strong></span> <span class='ocrx_word' id='word_1_180' title='bbox 936 4186 1321 4250; x_wconf 78' lang='lat' dir='ltr'><strong>remittuntur,</strong></span> <span class='ocrx_word' id='word_1_181' title='bbox 1351 4193 1401 4239; x_wconf 84' lang='lat' dir='ltr'><strong>et</strong></span> <span class='ocrx_word' id='word_1_182' title='bbox 1429 4183 1611 4253; x_wconf 72' lang='lat' dir='ltr'><strong>qratia</strong></span> <span class='ocrx_word' id='word_1_183' title='bbox 1659 4184 1791 4236; x_wconf 80' lang='lat' dir='ltr'><strong>tunc</strong></span> <span class='ocrx_word' id='word_1_184' title='bbox 1836 4179 1965 4235; x_wconf 83' lang='lat' dir='ltr'><strong>data</strong></span> <span class='ocrx_word' id='word_1_185' title='bbox 2012 4181 2233 4250; x_wconf 79' lang='lat' dir='ltr'><strong>utrique</strong></span> 
     </span>
     <span class='ocr_line' id='line_1_35' title="bbox 676 4268 2229 4351; baseline -0.007 -17"><span class='ocrx_word' id='word_1_186' title='bbox 676 4277 1004 4351; x_wconf 79' lang='lat' dir='ltr'><strong>partialiter</strong></span> <span class='ocrx_word' id='word_1_187' title='bbox 1032 4273 1428 4347; x_wconf 77' lang='lat' dir='ltr'><strong>correspondet.</strong></span> <span class='ocrx_word' id='word_1_188' title='bbox 1462 4270 1606 4327; x_wconf 84' lang='lat' dir='ltr'><strong>Vide</strong></span> <span class='ocrx_word' id='word_1_189' title='bbox 1623 4269 1922 4326; x_wconf 86' lang='lat' dir='ltr'><strong>Scholium</strong></span> <span class='ocrx_word' id='word_1_190' title='bbox 1957 4268 2014 4323; x_wconf 93' lang='lat' dir='ltr'><strong>in</strong></span> <span class='ocrx_word' id='word_1_191' title='bbox 2047 4268 2229 4324; x_wconf 80' lang='lat' dir='ltr'><strong>Oxou.</strong></span> 
     </span>
     <span class='ocr_line' id='line_1_36' title="bbox 679 4359 2230 4436; baseline -0.008 -10"><span class='ocrx_word' id='word_1_192' title='bbox 679 4370 776 4426; x_wconf 79' lang='lat' dir='ltr'><strong>htc</strong></span> <span class='ocrx_word' id='word_1_193' title='bbox 809 4385 973 4425; x_wconf 86' lang='lat' dir='ltr'><strong>num.</strong></span> <span class='ocrx_word' id='word_1_194' title='bbox 1006 4368 1057 4422; x_wconf 79' lang='lat'><strong>4.</strong></span> <span class='ocrx_word' id='word_1_195' title='bbox 1094 4367 1165 4423; x_wconf 82' lang='lat' dir='ltr'><strong>de</strong></span> <span class='ocrx_word' id='word_1_196' title='bbox 1192 4382 1259 4422; x_wconf 80' lang='lat' dir='ltr'><strong>eo</strong></span> <span class='ocrx_word' id='word_1_197' title='bbox 1293 4365 1443 4436; x_wconf 89' lang='lat' dir='ltr'><strong>quod</strong></span> <span class='ocrx_word' id='word_1_198' title='bbox 1476 4363 1557 4419; x_wconf 81' lang='lat' dir='ltr'><strong>ait</strong></span> <span class='ocrx_word' id='word_1_199' title='bbox 1605 4362 1817 4418; x_wconf 83' lang='lat' dir='ltr'><strong>Doctor</strong></span> <span class='ocrx_word' id='word_1_200' title='bbox 1863 4359 1986 4415; x_wconf 83' lang='lat' dir='ltr'><strong>dari</strong></span> <span class='ocrx_word' id='word_1_201' title='bbox 2048 4360 2230 4432; x_wconf 86' lang='lat' dir='ltr'><strong>poeni-</strong></span> 
     </span>
     <span class='ocr_line' id='line_1_37' title="bbox 682 4451 2232 4528; baseline -0.006 -11"><span class='ocrx_word' id='word_1_202' title='bbox 682 4459 926 4517; x_wconf 81' lang='lat' dir='ltr'><strong>tentiam</strong></span> <span class='ocrx_word' id='word_1_203' title='bbox 960 4460 1032 4515; x_wconf 82' lang='lat' dir='ltr'><strong>de</strong></span> <span class='ocrx_word' id='word_1_204' title='bbox 1056 4474 1171 4514; x_wconf 91' lang='lat' dir='ltr'><strong>uno</strong></span> <span class='ocrx_word' id='word_1_205' title='bbox 1230 4460 1483 4528; x_wconf 80' lang='lat' dir='ltr'><strong>peccate,</strong></span> <span class='ocrx_word' id='word_1_206' title='bbox 1545 4459 1603 4510; x_wconf 85' lang='lat' dir='ltr'><strong>et</strong></span> <span class='ocrx_word' id='word_1_207' title='bbox 1652 4469 1766 4509; x_wconf 88' lang='lat' dir='ltr'><strong>non</strong></span> <span class='ocrx_word' id='word_1_208' title='bbox 1826 4454 1894 4507; x_wconf 78' lang='lat' dir='ltr'><strong>de</strong></span> <span class='ocrx_word' id='word_1_209' title='bbox 1952 4451 2232 4508; x_wconf 81' lang='lat' dir='ltr'><strong>omnibus</strong></span> 
     </span>
     <span class='ocr_line' id='line_1_38' title="bbox 686 4549 889 4608; baseline -0.015 0"><span class='ocrx_word' id='word_1_210' title='bbox 686 4549 889 4608; x_wconf 81' lang='lat' dir='ltr'><strong>simul.</strong></span> 
     </span>
    </p>
   </div>
   <div class='ocr_carea' id='block_1_9' title="bbox 333 4721 2242 5523">
    <p class='ocr_par' dir='ltr' id='par_1_10' title="bbox 333 4721 2242 5410">
     <span class='ocr_line' id='line_1_39' title="bbox 469 4721 2237 4827; baseline -0.007 -20"><span class='ocrx_word' id='word_1_211' title='bbox 469 4758 534 4824; x_wconf 70' lang='lat'><strong>2⁸</strong></span> <span class='ocrx_word' id='word_1_212' title='bbox 786 4728 1274 4827; x_wconf 79' lang='lat' dir='ltr'><strong>RespondeO,</strong></span> <span class='ocrx_word' id='word_1_213' title='bbox 1308 4725 1585 4799; x_wconf 86' lang='lat' dir='ltr'><strong>dicitur</strong></span> <span class='ocrx_word' id='word_1_214' title='bbox 1625 4721 1849 4796; x_wconf 86' lang='lat' dir='ltr'><strong>fictus</strong></span> <span class='ocrx_word' id='word_1_215' title='bbox 1880 4721 2012 4820; x_wconf 92' lang='lat' dir='ltr'><strong>qui</strong></span> <span class='ocrx_word' id='word_1_216' title='bbox 2046 4745 2237 4820; x_wconf 56' lang='lat' dir='ltr'><strong>pra}-</strong></span> 
     </span>
     <span class='ocr_line' id='line_1_40' title="bbox 333 4839 2234 4943; baseline -0.005 -21"><span class='ocrx_word' id='word_1_217' title='bbox 333 4872 464 4932; x_wconf 71' lang='lat' dir='ltr'><strong>Quis</strong></span> <span class='ocrx_word' id='word_1_218' title='bbox 502 4869 656 4920; x_wconf 70' lang='lat' dir='ltr'><strong>fletus</strong></span> <span class='ocrx_word' id='word_1_219' title='bbox 689 4847 934 4924; x_wconf 91' lang='lat' dir='ltr'><strong>tendit</strong></span> <span class='ocrx_word' id='word_1_220' title='bbox 1009 4844 1298 4943; x_wconf 89' lang='lat' dir='ltr'><strong>aliquid</strong></span> <span class='ocrx_word' id='word_1_221' title='bbox 1367 4841 1730 4932; x_wconf 84' lang='lat' dir='ltr'><strong>exteriuS,</strong></span> <span class='ocrx_word' id='word_1_222' title='bbox 1803 4839 2009 4937; x_wconf 89' lang='lat' dir='ltr'><strong>quod</strong></span> <span class='ocrx_word' id='word_1_223' title='bbox 2081 4863 2234 4913; x_wconf 88' lang='lat' dir='ltr'><strong>non</strong></span> 
     </span>
     <span class='ocr_line' id='line_1_41' title="bbox 336 4933 2238 5061; baseline -0.009 -13"><span class='ocrx_word' id='word_1_224' title='bbox 336 4933 657 5061; x_wconf 65' lang='lat' dir='ltr'><strong>r?1}{2‘31·.0</strong></span> <span class='ocrx_word' id='word_1_225' title='bbox 693 4967 923 5041; x_wconf 86' lang='lat' dir='ltr'><strong>habet</strong></span> <span class='ocrx_word' id='word_1_226' title='bbox 977 4962 1328 5053; x_wconf 81' lang='lat' dir='ltr'><strong>interiuS,</strong></span> <span class='ocrx_word' id='word_1_227' title='bbox 1393 4968 1467 5032; x_wconf 90' lang='lat' dir='ltr'><strong>et</strong></span> <span class='ocrx_word' id='word_1_228' title='bbox 1522 4958 1694 5032; x_wconf 88' lang='lat' dir='ltr'><strong>ideo</strong></span> <span class='ocrx_word' id='word_1_229' title='bbox 1778 4957 1949 5031; x_wconf 90' lang='lat' dir='ltr'><strong>talis</strong></span> <span class='ocrx_word' id='word_1_230' title='bbox 2015 4980 2238 5031; x_wconf 90' lang='lat' dir='ltr'><strong>acce-</strong></span> 
     </span>
     <span class='ocr_line' id='line_1_42' title="bbox 335 5059 2237 5185; baseline -0.017 -9"><span class='ocrx_word' id='word_1_231' title='bbox 335 5059 660 5185; x_wconf 53' lang='grc' dir='ltr'><strong>ἓίοἷῗζῖιίζὲῗ</strong></span> <span class='ocrx_word' id='word_1_232' title='bbox 692 5082 909 5175; x_wconf 80' lang='lat' dir='ltr'><strong>denS,</strong></span> <span class='ocrx_word' id='word_1_233' title='bbox 986 5076 1475 5178; x_wconf 83' lang='lat' dir='ltr'><strong>praetendens</strong></span> <span class='ocrx_word' id='word_1_234' title='bbox 1543 5097 1624 5148; x_wconf 90' lang='lat' dir='ltr'><strong>se</strong></span> <span class='ocrx_word' id='word_1_235' title='bbox 1694 5096 1862 5148; x_wconf 90' lang='lat' dir='ltr'><strong>esse</strong></span> <span class='ocrx_word' id='word_1_236' title='bbox 1907 5072 2237 5170; x_wconf 89' lang='lat' dir='ltr'><strong>disposi-</strong></span> 
     </span>
     <span class='ocr_line' id='line_1_43' title="bbox 364 5188 2239 5299; baseline -0.007 -23"><span class='ocrx_word' id='word_1_237' title='bbox 364 5188 631 5299; x_wconf 56' lang='grc' dir='ltr'><strong>’ξξζῗζξῗ</strong></span> <span class='ocrx_word' id='word_1_238' title='bbox 691 5209 854 5273; x_wconf 89' lang='lat' dir='ltr'><strong>tum</strong></span> <span class='ocrx_word' id='word_1_239' title='bbox 924 5197 1017 5271; x_wconf 91' lang='lat' dir='ltr'><strong>ad</strong></span> <span class='ocrx_word' id='word_1_240' title='bbox 1095 5194 1418 5293; x_wconf 78' lang='lat' dir='ltr'><strong>gratiam</strong></span> <span class='ocrx_word' id='word_1_241' title='bbox 1483 5190 2083 5287; x_wconf 83' lang='lat' dir='ltr'><strong>suscipiendam,</strong></span> <span class='ocrx_word' id='word_1_242' title='bbox 2165 5198 2239 5264; x_wconf 93' lang='lat' dir='ltr'><strong>et</strong></span> 
     </span>
     <span class='ocr_line' id='line_1_44' title="bbox 695 5308 2242 5410; baseline -0.006 -21"><span class='ocrx_word' id='word_1_243' title='bbox 695 5340 849 5390; x_wconf 91' lang='lat' dir='ltr'><strong>non</strong></span> <span class='ocrx_word' id='word_1_244' title='bbox 898 5324 1012 5389; x_wconf 91' lang='lat' dir='ltr'><strong>est</strong></span> <span class='ocrx_word' id='word_1_245' title='bbox 1083 5308 1526 5410; x_wconf 83' lang='lat' dir='ltr'><strong>disposituS,</strong></span> <span class='ocrx_word' id='word_1_246' title='bbox 1604 5316 1916 5406; x_wconf 87' lang='lat' dir='ltr'><strong>propter</strong></span> <span class='ocrx_word' id='word_1_247' title='bbox 1980 5330 2242 5406; x_wconf 89' lang='lat' dir='ltr'><strong>pecca-</strong></span> 
     </span>
    </p>

    <p class='ocr_par' dir='ltr' id='par_1_11' title="bbox 695 5424 2235 5523">
     <span class='ocr_line' id='line_1_45' title="bbox 695 5424 2235 5523; baseline -0.007 -16"><span class='ocrx_word' id='word_1_248' title='bbox 695 5444 860 5507; x_wconf 89' lang='lat' dir='ltr'><strong>tum</strong></span> <span class='ocrx_word' id='word_1_249' title='bbox 906 5432 1226 5504; x_wconf 82' lang='lat' dir='ltr'><strong>mortale</strong></span> <span class='ocrx_word' id='word_1_250' title='bbox 1276 5425 1637 5518; x_wconf 82' lang='lat' dir='ltr'><strong>fictioniS,</strong></span> <span class='ocrx_word' id='word_1_251' title='bbox 1694 5424 1785 5499; x_wconf 92' lang='lat' dir='ltr'><strong>de</strong></span> <span class='ocrx_word' id='word_1_252' title='bbox 1862 5449 2014 5523; x_wconf 90' lang='lat' dir='ltr'><strong>quo</strong></span> <span class='ocrx_word' id='word_1_253' title='bbox 2083 5449 2235 5497; x_wconf 90' lang='lat' dir='ltr'><strong>non</strong></span> 
     </span>
    </p>
   </div>
   <div class='ocr_carea' id='block_1_10' title="bbox 697 5541 2241 5640">
    <p class='ocr_par' dir='ltr' id='par_1_12' title="bbox 697 5541 2241 5640">
     <span class='ocr_line' id='line_1_46' title="bbox 697 5541 2241 5640; baseline -0.006 -17"><span class='ocrx_word' id='word_1_254' title='bbox 697 5548 1147 5638; x_wconf 88' lang='lat' dir='ltr'><strong>conteritur,</strong></span> <span class='ocrx_word' id='word_1_255' title='bbox 1201 5542 1470 5640; x_wconf 85' lang='lat' dir='ltr'><strong>recipit</strong></span> <span class='ocrx_word' id='word_1_256' title='bbox 1522 5541 2102 5616; x_wconf 84' lang='lat' dir='ltr'><strong>Sacramentum</strong></span> <span class='ocrx_word' id='word_1_257' title='bbox 2167 5551 2241 5614; x_wconf 87' lang='lat' dir='ltr'><strong>et</strong></span> 
     </span>
    </p>
   </div>
   <div class='ocr_carea' id='block_1_11' title="bbox 2121 359 2529 434">
    <p class='ocr_par' dir='ltr' id='par_1_13' title="bbox 2121 359 2529 434">
     <span class='ocr_line' id='line_1_47' title="bbox 2121 359 2529 434; baseline -0.015 0"><span class='ocrx_word' id='word_1_258' title='bbox 2121 361 2363 434; x_wconf 84' lang='lat' dir='ltr'>LIBRI</span> <span class='ocrx_word' id='word_1_259' title='bbox 2408 359 2529 429; x_wconf 80' lang='lat' dir='ltr'><strong>IV.</strong></span> 
     </span>
    </p>
   </div>
   <div class='ocr_carea' id='block_1_12' title="bbox 2325 528 3878 1210">
    <p class='ocr_par' dir='ltr' id='par_1_14' title="bbox 2325 528 3878 1210">
     <span class='ocr_line' id='line_1_48' title="bbox 2330 528 3870 630; baseline -0.003 -22"><span class='ocrx_word' id='word_1_260' title='bbox 2330 537 2880 625; x_wconf 84' lang='lat' dir='ltr'><strong>characterem,</strong></span> <span class='ocrx_word' id='word_1_261' title='bbox 2933 528 3119 630; x_wconf 86' lang='lat' dir='ltr'><strong>quia</strong></span> <span class='ocrx_word' id='word_1_262' title='bbox 3163 529 3374 605; x_wconf 91' lang='lat' dir='ltr'><strong>Deus</strong></span> <span class='ocrx_word' id='word_1_263' title='bbox 3426 528 3673 604; x_wconf 88' lang='lat' dir='ltr'><strong>noluit</strong></span> <span class='ocrx_word' id='word_1_264' title='bbox 3726 532 3870 604; x_wconf 88' lang='lat' dir='ltr'><strong>hoc</strong></span> 
     </span>
     <span class='ocr_line' id='line_1_49' title="bbox 2325 643 3870 749; baseline -0.004 -28"><span class='ocrx_word' id='word_1_265' title='bbox 2325 648 2908 721; x_wconf 87' lang='lat' dir='ltr'><strong>Sacramentum</strong></span> <span class='ocrx_word' id='word_1_266' title='bbox 2981 667 3150 749; x_wconf 86' lang='lat' dir='ltr'><strong>esse</strong></span> <span class='ocrx_word' id='word_1_267' title='bbox 3238 643 3700 736; x_wconf 88' lang='lat' dir='ltr'><strong>reiterabile,</strong></span> <span class='ocrx_word' id='word_1_268' title='bbox 3771 665 3870 716; x_wconf 91' lang='lat' dir='ltr'><strong>ne</strong></span> 
     </span>
     <span class='ocr_line' id='line_1_50' title="bbox 2325 759 3872 858; baseline -0.001 -21"><span class='ocrx_word' id='word_1_269' title='bbox 2325 764 2648 839; x_wconf 78' lang='lat' dir='ltr'><strong>facilitas</strong></span> <span class='ocrx_word' id='word_1_270' title='bbox 2684 761 2962 848; x_wconf 82' lang='lat' dir='ltr'><strong>veniae,</strong></span> <span class='ocrx_word' id='word_1_271' title='bbox 2992 770 3066 835; x_wconf 89' lang='lat' dir='ltr'><strong>et</strong></span> <span class='ocrx_word' id='word_1_272' title='bbox 3095 761 3316 858; x_wconf 88' lang='lat' dir='ltr'><strong>copia</strong></span> <span class='ocrx_word' id='word_1_273' title='bbox 3343 759 3872 857; x_wconf 67' lang='lat' dir='ltr'><strong>indulgentiae,</strong></span> 
     </span>
     <span class='ocr_line' id='line_1_51' title="bbox 2328 876 3877 977; baseline -0.002 -23"><span class='ocrx_word' id='word_1_274' title='bbox 2328 881 2579 977; x_wconf 86' lang='lat' dir='ltr'><strong>qualis</strong></span> <span class='ocrx_word' id='word_1_275' title='bbox 2621 888 2735 954; x_wconf 91' lang='lat' dir='ltr'><strong>est</strong></span> <span class='ocrx_word' id='word_1_276' title='bbox 2779 879 2855 952; x_wconf 92' lang='lat' dir='ltr'><strong>in</strong></span> <span class='ocrx_word' id='word_1_277' title='bbox 2907 878 3052 952; x_wconf 90' lang='lat' dir='ltr'><strong>hoc</strong></span> <span class='ocrx_word' id='word_1_278' title='bbox 3105 878 3630 970; x_wconf 85' lang='lat' dir='ltr'><strong>SacramentO,</strong></span> <span class='ocrx_word' id='word_1_279' title='bbox 3693 876 3877 975; x_wconf 88' lang='lat' dir='ltr'><strong>quia</strong></span> 
     </span>
     <span class='ocr_line' id='line_1_52' title="bbox 2330 996 3871 1092; baseline -0.003 -23"><span class='ocrx_word' id='word_1_280' title='bbox 2330 997 2643 1070; x_wconf 88' lang='lat' dir='ltr'><strong>remittit</strong></span> <span class='ocrx_word' id='word_1_281' title='bbox 2673 1005 2827 1068; x_wconf 89' lang='lat' dir='ltr'><strong>tam</strong></span> <span class='ocrx_word' id='word_1_282' title='bbox 2880 996 3181 1092; x_wconf 89' lang='lat' dir='ltr'><strong>culpam</strong></span> <span class='ocrx_word' id='word_1_283' title='bbox 3242 1017 3474 1090; x_wconf 90' lang='lat' dir='ltr'><strong>quam</strong></span> <span class='ocrx_word' id='word_1_284' title='bbox 3536 1016 3871 1091; x_wconf 88' lang='lat' dir='ltr'><strong>poenam‚</strong></span> 
     </span>
     <span class='ocr_line' id='line_1_53' title="bbox 2329 1110 3878 1210; baseline -0.001 -26"><span class='ocrx_word' id='word_1_285' title='bbox 2329 1112 2708 1210; x_wconf 56' lang='lat' dir='ltr'><strong>praeberet</strong></span> <span class='ocrx_word' id='word_1_286' title='bbox 2765 1111 2910 1185; x_wconf 91' lang='lat' dir='ltr'><strong>iter</strong></span> <span class='ocrx_word' id='word_1_287' title='bbox 2983 1110 3485 1208; x_wconf 86' lang='lat' dir='ltr'><strong>contemptui,</strong></span> <span class='ocrx_word' id='word_1_288' title='bbox 3550 1119 3623 1184; x_wconf 88' lang='lat' dir='ltr'><strong>et</strong></span> <span class='ocrx_word' id='word_1_289' title='bbox 3699 1110 3878 1183; x_wconf 91' lang='lat' dir='ltr'><strong>irre-</strong></span> 
     </span>
    </p>
   </div>
   <div class='ocr_carea' id='block_1_13' title="bbox 2303 1230 3873 1320">
    <p class='ocr_par' dir='ltr' id='par_1_15' title="bbox 2303 1230 3873 1320">
     <span class='ocr_line' id='line_1_54' title="bbox 2303 1230 3873 1320; baseline -0.001 -16"><span class='ocrx_word' id='word_1_290' title='bbox 2303 1232 2753 1306; x_wconf 78' lang='lat' dir='ltr'><strong>verentiam</strong></span> <span class='ocrx_word' id='word_1_291' title='bbox 2816 1230 3342 1320; x_wconf 76' lang='lat' dir='ltr'><strong>Sacramenm,</strong></span> <span class='ocrx_word' id='word_1_292' title='bbox 3403 1253 3556 1304; x_wconf 90' lang='lat' dir='ltr'><strong>non</strong></span> <span class='ocrx_word' id='word_1_293' title='bbox 3617 1238 3873 1305; x_wconf 83' lang='lat' dir='ltr'><strong>tamen</strong></span> 
     </span>
    </p>
   </div>
   <div class='ocr_carea' id='block_1_14' title="bbox 2331 1345 3880 1677">
    <p class='ocr_par' dir='ltr' id='par_1_16' title="bbox 2331 1345 3880 1677">
     <span class='ocr_line' id='line_1_55' title="bbox 2331 1345 3879 1443; baseline -0.001 -24"><span class='ocrx_word' id='word_1_294' title='bbox 2331 1348 2457 1421; x_wconf 91' lang='lat' dir='ltr'><strong>dat</strong></span> <span class='ocrx_word' id='word_1_295' title='bbox 2489 1347 2840 1443; x_wconf 86' lang='lat' dir='ltr'><strong>gratiam,</strong></span> <span class='ocrx_word' id='word_1_296' title='bbox 2889 1347 3071 1443; x_wconf 90' lang='lat' dir='ltr'><strong>quia</strong></span> <span class='ocrx_word' id='word_1_297' title='bbox 3123 1345 3312 1443; x_wconf 84' lang='lat' dir='ltr'><strong>Sap.</strong></span> <span class='ocrx_word' id='word_1_298' title='bbox 3340 1347 3629 1443; x_wconf 88' lang='lat' dir='ltr'><strong>primo,</strong></span> <span class='ocrx_word' id='word_1_299' title='bbox 3685 1345 3879 1419; x_wconf 90' lang='lat' dir='ltr'><strong>dici-</strong></span> 
     </span>
     <span class='ocr_line' id='line_1_56' title="bbox 2333 1461 3876 1560; baseline 0.001 -24"><span class='ocrx_word' id='word_1_300' title='bbox 2333 1474 2457 1538; x_wconf 90' lang='lat' dir='ltr'><strong>tur</strong></span> <span class='ocrx_word' id='word_1_301' title='bbox 2536 1488 2551 1538; x_wconf 88' lang='lat'>:</span> <span class='ocrx_word' id='word_1_302' title='bbox 2657 1462 3001 1560; x_wconf 72' lang='lat' dir='ltr'><strong>Spiritus</strong></span> <span class='ocrx_word' id='word_1_303' title='bbox 3065 1468 3372 1537; x_wconf 77' lang='lat' dir='ltr'><strong>sanctus</strong></span> <span class='ocrx_word' id='word_1_304' title='bbox 3438 1461 3876 1560; x_wconf 63' lang='lat' dir='ltr'><strong>disciplinae</strong></span> 
     </span>
     <span class='ocr_line' id='line_1_57' title="bbox 2332 1576 3880 1677; baseline -0.001 -23"><span class='ocrx_word' id='word_1_305' title='bbox 2332 1576 2649 1677; x_wconf 68' lang='lat' dir='ltr'><strong>effthiet</strong></span> <span class='ocrx_word' id='word_1_306' title='bbox 2675 1578 2967 1675; x_wconf 80' lang='lat' dir='ltr'><strong>lictum.</strong></span> <span class='ocrx_word' id='word_1_307' title='bbox 3016 1578 3165 1653; x_wconf 89' lang='lat' dir='ltr'><strong>Sed</strong></span> <span class='ocrx_word' id='word_1_308' title='bbox 3199 1576 3520 1653; x_wconf 85' lang='lat' dir='ltr'><strong>effectus</strong></span> <span class='ocrx_word' id='word_1_309' title='bbox 3575 1578 3880 1676; x_wconf 89' lang='lat' dir='ltr'><strong>Baptis-</strong></span> 
     </span>
    </p>
   </div>
   <div class='ocr_carea' id='block_1_15' title="bbox 2238 1694 3878 1791">
    <p class='ocr_par' dir='ltr' id='par_1_17' title="bbox 2238 1694 3878 1791">
     <span class='ocr_line' id='line_1_58' title="bbox 2238 1694 3878 1791; baseline 0 -24"><span class='ocrx_word' id='word_1_310' title='bbox 2238 1738 2249 1749; x_wconf 91' lang='lat'><strong>·</strong></span> <span class='ocrx_word' id='word_1_311' title='bbox 2333 1696 2434 1768; x_wconf 92' lang='lat' dir='ltr'><strong>mi</strong></span> <span class='ocrx_word' id='word_1_312' title='bbox 2504 1703 2619 1770; x_wconf 88' lang='lat' dir='ltr'><strong>est</strong></span> <span class='ocrx_word' id='word_1_313' title='bbox 2677 1694 2987 1769; x_wconf 87' lang='lat' dir='ltr'><strong>donatio</strong></span> <span class='ocrx_word' id='word_1_314' title='bbox 3065 1694 3433 1791; x_wconf 87' lang='lat' dir='ltr'><strong>spiritus;</strong></span> <span class='ocrx_word' id='word_1_315' title='bbox 3480 1717 3663 1790; x_wconf 88' lang='lat' dir='ltr'><strong>ergo</strong></span> <span class='ocrx_word' id='word_1_316' title='bbox 3724 1717 3878 1767; x_wconf 89' lang='lat' dir='ltr'><strong>non</strong></span> 
     </span>
    </p>
   </div>
   <div class='ocr_carea' id='block_1_16' title="bbox 2328 1811 3897 5520">
    <p class='ocr_par' dir='ltr' id='par_1_18' title="bbox 2328 1811 3874 2262">
     <span class='ocr_line' id='line_1_59' title="bbox 2332 1811 3873 1909; baseline -0.001 -23"><span class='ocrx_word' id='word_1_317' title='bbox 2332 1813 2474 1887; x_wconf 89' lang='lat' dir='ltr'><strong>erit</strong></span> <span class='ocrx_word' id='word_1_318' title='bbox 2515 1813 2592 1885; x_wconf 94' lang='lat' dir='ltr'><strong>in</strong></span> <span class='ocrx_word' id='word_1_319' title='bbox 2625 1811 2847 1904; x_wconf 85' lang='lat' dir='ltr'><strong>fict03</strong></span> <span class='ocrx_word' id='word_1_320' title='bbox 2893 1821 2969 1886; x_wconf 91' lang='lat' dir='ltr'><strong>et</strong></span> <span class='ocrx_word' id='word_1_321' title='bbox 3007 1811 3237 1886; x_wconf 87' lang='lat' dir='ltr'><strong>etiam</strong></span> <span class='ocrx_word' id='word_1_322' title='bbox 3271 1812 3456 1909; x_wconf 88' lang='lat' dir='ltr'><strong>quia</strong></span> <span class='ocrx_word' id='word_1_323' title='bbox 3485 1812 3873 1887; x_wconf 89' lang='lat' dir='ltr'><strong>neminem</strong></span> 
     </span>
     <span class='ocr_line' id='line_1_60' title="bbox 2331 1927 3874 2024; baseline -0.001 -22"><span class='ocrx_word' id='word_1_324' title='bbox 2331 1931 2717 2004; x_wconf 89' lang='lat' dir='ltr'><strong>nolentem</strong></span> <span class='ocrx_word' id='word_1_325' title='bbox 2745 1927 3141 2024; x_wconf 81' lang='lat' dir='ltr'><strong>justificat,</strong></span> <span class='ocrx_word' id='word_1_326' title='bbox 3197 1929 3622 2004; x_wconf 89' lang='lat' dir='ltr'><strong>secundum</strong></span> <span class='ocrx_word' id='word_1_327' title='bbox 3686 1928 3874 2002; x_wconf 90' lang='lat' dir='ltr'><strong>illud</strong></span> 
     </span>
     <span class='ocr_line' id='line_1_61' title="bbox 2328 2045 3869 2143; baseline -0.001 -23"><span class='ocrx_word' id='word_1_328' title='bbox 2328 2045 2767 2143; x_wconf 86' lang='lat' dir='ltr'><strong>Augustini,</strong></span> <span class='ocrx_word' id='word_1_329' title='bbox 2805 2045 2987 2143; x_wconf 83' lang='lat' dir='ltr'><strong>quia</strong></span> <span class='ocrx_word' id='word_1_330' title='bbox 3029 2046 3165 2143; x_wconf 83' lang='lat' dir='ltr'><strong>qui</strong></span> <span class='ocrx_word' id='word_1_331' title='bbox 3217 2046 3405 2142; x_wconf 84' lang='lat' dir='ltr'><strong>fecit</strong></span> <span class='ocrx_word' id='word_1_332' title='bbox 3445 2053 3515 2119; x_wconf 82' lang='lat' dir='ltr'><strong>te</strong></span> <span class='ocrx_word' id='word_1_333' title='bbox 3561 2046 3731 2119; x_wconf 84' lang='lat' dir='ltr'><strong>sine</strong></span> <span class='ocrx_word' id='word_1_334' title='bbox 3773 2053 3869 2135; x_wconf 85' lang='lat' dir='ltr'><strong>te,</strong></span> 
     </span>
     <span class='ocr_line' id='line_1_62' title="bbox 2329 2160 3311 2262; baseline -0.002 -25"><span class='ocrx_word' id='word_1_335' title='bbox 2329 2187 2482 2237; x_wconf 73' lang='lat' dir='ltr'><strong>reon</strong></span> <span class='ocrx_word' id='word_1_336' title='bbox 2497 2160 2888 2262; x_wconf 76' lang='lat' dir='ltr'><strong>justificat</strong></span> <span class='ocrx_word' id='word_1_337' title='bbox 2915 2169 2987 2236; x_wconf 92' lang='lat' dir='ltr'><strong>te</strong></span> <span class='ocrx_word' id='word_1_338' title='bbox 3014 2162 3182 2236; x_wconf 83' lang='lat' dir='ltr'><strong>sine</strong></span> <span class='ocrx_word' id='word_1_339' title='bbox 3215 2173 3311 2236; x_wconf 88' lang='lat' dir='ltr'><strong>te.</strong></span> 
     </span>
    </p>

    <p class='ocr_par' dir='ltr' id='par_1_19' title="bbox 2330 2279 3884 3075">
     <span class='ocr_line' id='line_1_63' title="bbox 2428 2279 3879 2373; baseline -0.002 -18"><span class='ocrx_word' id='word_1_340' title='bbox 2428 2280 2576 2355; x_wconf 91' lang='lat' dir='ltr'><strong>Sed</strong></span> <span class='ocrx_word' id='word_1_341' title='bbox 2611 2281 2754 2353; x_wconf 91' lang='lat' dir='ltr'><strong>hoc</strong></span> <span class='ocrx_word' id='word_1_342' title='bbox 2816 2279 3122 2355; x_wconf 87' lang='lat' dir='ltr'><strong>videtur</strong></span> <span class='ocrx_word' id='word_1_343' title='bbox 3171 2279 3519 2373; x_wconf 92' lang='lat' dir='ltr'><strong>dubium,</strong></span> <span class='ocrx_word' id='word_1_344' title='bbox 3572 2280 3879 2355; x_wconf 87' lang='lat' dir='ltr'><strong>videtur</strong></span> 
     </span>
     <span class='ocr_line' id='line_1_64' title="bbox 2330 2396 3879 2495; baseline -0.001 -23"><span class='ocrx_word' id='word_1_345' title='bbox 2330 2398 2537 2473; x_wconf 90' lang='lat' dir='ltr'><strong>enim</strong></span> <span class='ocrx_word' id='word_1_346' title='bbox 2571 2396 2778 2494; x_wconf 88' lang='lat' dir='ltr'><strong>quod</strong></span> <span class='ocrx_word' id='word_1_347' title='bbox 2814 2396 2985 2470; x_wconf 88' lang='lat' dir='ltr'><strong>talis</strong></span> <span class='ocrx_word' id='word_1_348' title='bbox 3015 2396 3112 2471; x_wconf 91' lang='lat' dir='ltr'><strong>sit</strong></span> <span class='ocrx_word' id='word_1_349' title='bbox 3140 2397 3577 2495; x_wconf 84' lang='lat' dir='ltr'><strong>perplexuS,</strong></span> <span class='ocrx_word' id='word_1_350' title='bbox 3616 2398 3879 2472; x_wconf 90' lang='lat' dir='ltr'><strong>nullus</strong></span> 
     </span>
     <span class='ocr_line' id='line_1_65' title="bbox 2330 2512 3879 2611; baseline -0.002 -23"><span class='ocrx_word' id='word_1_351' title='bbox 2330 2514 2535 2588; x_wconf 91' lang='lat' dir='ltr'><strong>enim</strong></span> <span class='ocrx_word' id='word_1_352' title='bbox 2637 2522 2887 2611; x_wconf 90' lang='lat' dir='ltr'><strong>potest</strong></span> <span class='ocrx_word' id='word_1_353' title='bbox 2976 2512 3410 2608; x_wconf 84' lang='lat' dir='ltr'><strong>justificari,</strong></span> <span class='ocrx_word' id='word_1_354' title='bbox 3506 2513 3653 2588; x_wconf 90' lang='lat' dir='ltr'><strong>nisi</strong></span> <span class='ocrx_word' id='word_1_355' title='bbox 3741 2537 3879 2611; x_wconf 88' lang='lat' dir='ltr'><strong>per</strong></span> 
     </span>
     <span class='ocr_line' id='line_1_66' title="bbox 2331 2627 3880 2727; baseline -0.001 -25"><span class='ocrx_word' id='word_1_356' title='bbox 2331 2629 2653 2726; x_wconf 88' lang='lat' dir='ltr'><strong>gratiam</strong></span> <span class='ocrx_word' id='word_1_357' title='bbox 2699 2627 3258 2727; x_wconf 86' lang='lat' dir='ltr'><strong>baptismalem.</strong></span> <span class='ocrx_word' id='word_1_358' title='bbox 3307 2629 3386 2702; x_wconf 93' lang='lat' dir='ltr'><strong>Si</strong></span> <span class='ocrx_word' id='word_1_359' title='bbox 3439 2652 3622 2726; x_wconf 88' lang='lat' dir='ltr'><strong>ergo</strong></span> <span class='ocrx_word' id='word_1_360' title='bbox 3656 2627 3880 2703; x_wconf 86' lang='lat' dir='ltr'><strong>fictus</strong></span> 
     </span>
     <span class='ocr_line' id='line_1_67' title="bbox 2333 2744 3874 2843; baseline 0 -25"><span class='ocrx_word' id='word_1_361' title='bbox 2333 2769 2484 2820; x_wconf 90' lang='lat' dir='ltr'><strong>non</strong></span> <span class='ocrx_word' id='word_1_362' title='bbox 2524 2745 2842 2843; x_wconf 91' lang='lat' dir='ltr'><strong>recipiat</strong></span> <span class='ocrx_word' id='word_1_363' title='bbox 2885 2745 3122 2833; x_wconf 85' lang='lat' dir='ltr'><strong>illam,</strong></span> <span class='ocrx_word' id='word_1_364' title='bbox 3177 2745 3358 2818; x_wconf 91' lang='lat' dir='ltr'><strong>dum</strong></span> <span class='ocrx_word' id='word_1_365' title='bbox 3415 2744 3874 2843; x_wconf 87' lang='lat' dir='ltr'><strong>baptizatur,</strong></span> 
     </span>
     <span class='ocr_line' id='line_1_68' title="bbox 2334 2859 3884 2958; baseline -0.001 -23"><span class='ocrx_word' id='word_1_366' title='bbox 2334 2884 2735 2958; x_wconf 90' lang='lat' dir='ltr'><strong>nunquam</strong></span> <span class='ocrx_word' id='word_1_367' title='bbox 2761 2859 3340 2957; x_wconf 87' lang='lat' dir='ltr'><strong>justificabitur,</strong></span> <span class='ocrx_word' id='word_1_368' title='bbox 3398 2871 3471 2935; x_wconf 86' lang='lat' dir='ltr'><strong>et</strong></span> <span class='ocrx_word' id='word_1_369' title='bbox 3511 2861 3616 2936; x_wconf 92' lang='lat' dir='ltr'><strong>ita</strong></span> <span class='ocrx_word' id='word_1_370' title='bbox 3674 2885 3884 2935; x_wconf 91' lang='lat' dir='ltr'><strong>nun-</strong></span> 
     </span>
     <span class='ocr_line' id='line_1_69' title="bbox 2335 2977 3055 3075; baseline -0.006 -22"><span class='ocrx_word' id='word_1_371' title='bbox 2335 3000 2567 3075; x_wconf 89' lang='lat' dir='ltr'><strong>quam</strong></span> <span class='ocrx_word' id='word_1_372' title='bbox 2609 2977 3055 3051; x_wconf 87' lang='lat' dir='ltr'><strong>salvabitur.</strong></span> 
     </span>
    </p>

    <p class='ocr_par' dir='ltr' id='par_1_20' title="bbox 2335 3092 3889 4708">
     <span class='ocr_line' id='line_1_70' title="bbox 2433 3092 3885 3193; baseline 0.003 -26"><span class='ocrx_word' id='word_1_373' title='bbox 2433 3092 2889 3193; x_wconf 82' lang='lat' dir='ltr'><strong>Respondeo</strong></span> <span class='ocrx_word' id='word_1_374' title='bbox 2994 3093 3201 3192; x_wconf 87' lang='lat' dir='ltr'><strong>quod</strong></span> <span class='ocrx_word' id='word_1_375' title='bbox 3294 3092 3602 3170; x_wconf 84' lang='lat' dir='ltr'><strong>fictione</strong></span> <span class='ocrx_word' id='word_1_376' title='bbox 3682 3118 3885 3171; x_wconf 89' lang='lat' dir='ltr'><strong>rece-</strong></span> 
     </span>
     <span class='ocr_line' id='line_1_71' title="bbox 2336 3211 3884 3311; baseline 0.001 -26"><span class='ocrx_word' id='word_1_377' title='bbox 2336 3212 2563 3286; x_wconf 90' lang='lat' dir='ltr'><strong>dente</strong></span> <span class='ocrx_word' id='word_1_378' title='bbox 2597 3211 2847 3285; x_wconf 89' lang='lat' dir='ltr'><strong>statim</strong></span> <span class='ocrx_word' id='word_1_379' title='bbox 2886 3211 3157 3309; x_wconf 89' lang='lat' dir='ltr'><strong>recipit</strong></span> <span class='ocrx_word' id='word_1_380' title='bbox 3214 3211 3538 3308; x_wconf 90' lang='lat' dir='ltr'><strong>gratiam</strong></span> <span class='ocrx_word' id='word_1_381' title='bbox 3589 3212 3884 3311; x_wconf 90' lang='lat' dir='ltr'><strong>baptis—</strong></span> 
     </span>
     <span class='ocr_line' id='line_1_72' title="bbox 2339 3329 3880 3427; baseline 0.001 -25"><span class='ocrx_word' id='word_1_382' title='bbox 2339 3331 2646 3421; x_wconf 91' lang='lat' dir='ltr'><strong>malem,</strong></span> <span class='ocrx_word' id='word_1_383' title='bbox 2713 3352 2941 3426; x_wconf 88' lang='lat' dir='ltr'><strong>quam</strong></span> <span class='ocrx_word' id='word_1_384' title='bbox 3014 3329 3245 3403; x_wconf 90' lang='lat' dir='ltr'><strong>etiam</strong></span> <span class='ocrx_word' id='word_1_385' title='bbox 3316 3330 3729 3427; x_wconf 87' lang='lat' dir='ltr'><strong>recepisset</strong></span> <span class='ocrx_word' id='word_1_386' title='bbox 3803 3331 3880 3403; x_wconf 93' lang='lat' dir='ltr'><strong>in</strong></span> 
     </span>
     <span class='ocr_line' id='line_1_73' title="bbox 2336 3444 3884 3543; baseline 0.002 -25"><span class='ocrx_word' id='word_1_387' title='bbox 2336 3445 2756 3543; x_wconf 86' lang='lat' dir='ltr'><strong>Baptismo,</strong></span> <span class='ocrx_word' id='word_1_388' title='bbox 2822 3444 2971 3518; x_wconf 92' lang='lat' dir='ltr'><strong>nisi</strong></span> <span class='ocrx_word' id='word_1_389' title='bbox 3040 3444 3234 3518; x_wconf 88' lang='lat' dir='ltr'><strong>obex</strong></span> <span class='ocrx_word' id='word_1_390' title='bbox 3302 3444 3634 3519; x_wconf 84' lang='lat' dir='ltr'><strong>fictionis</strong></span> <span class='ocrx_word' id='word_1_391' title='bbox 3700 3455 3884 3521; x_wconf 90' lang='lat' dir='ltr'><strong>tunc</strong></span> 
     </span>
     <span class='ocr_line' id='line_1_74' title="bbox 2337 3562 3888 3660; baseline 0.001 -25"><span class='ocrx_word' id='word_1_392' title='bbox 2337 3563 2714 3652; x_wconf 83' lang='lat' dir='ltr'><strong>infuisset,</strong></span> <span class='ocrx_word' id='word_1_393' title='bbox 2802 3585 2950 3635; x_wconf 90' lang='lat' dir='ltr'><strong>non</strong></span> <span class='ocrx_word' id='word_1_394' title='bbox 3017 3562 3200 3660; x_wconf 91' lang='lat' dir='ltr'><strong>quia</strong></span> <span class='ocrx_word' id='word_1_395' title='bbox 3283 3565 3679 3639; x_wconf 87' lang='lat' dir='ltr'><strong>character</strong></span> <span class='ocrx_word' id='word_1_396' title='bbox 3752 3565 3888 3638; x_wconf 88' lang='lat' dir='ltr'><strong>im·</strong></span> 
     </span>
     <span class='ocr_line' id='line_1_75' title="bbox 2336 3678 3887 3782; baseline 0.003 -29"><span class='ocrx_word' id='word_1_397' title='bbox 2336 3704 2649 3779; x_wconf 90' lang='lat' dir='ltr'><strong>pressus</strong></span> <span class='ocrx_word' id='word_1_398' title='bbox 2683 3678 2755 3752; x_wconf 95' lang='lat' dir='ltr'><strong>in</strong></span> <span class='ocrx_word' id='word_1_399' title='bbox 2820 3680 3201 3777; x_wconf 85' lang='lat' dir='ltr'><strong>baptizato</strong></span> <span class='ocrx_word' id='word_1_400' title='bbox 3270 3681 3561 3779; x_wconf 88' lang='lat' dir='ltr'><strong>aliquid</strong></span> <span class='ocrx_word' id='word_1_401' title='bbox 3621 3682 3887 3782; x_wconf 90' lang='lat' dir='ltr'><strong>dispo—</strong></span> 
     </span>
     <span class='ocr_line' id='line_1_76' title="bbox 2337 3796 3887 3896; baseline 0.003 -26"><span class='ocrx_word' id='word_1_402' title='bbox 2337 3806 2468 3872; x_wconf 85' lang='lat' dir='ltr'><strong>nat</strong></span> <span class='ocrx_word' id='word_1_403' title='bbox 2533 3797 2656 3871; x_wconf 87' lang='lat' dir='ltr'><strong>vel</strong></span> <span class='ocrx_word' id='word_1_404' title='bbox 2708 3806 2886 3892; x_wconf 90' lang='lat' dir='ltr'><strong>agat</strong></span> <span class='ocrx_word' id='word_1_405' title='bbox 2939 3796 3032 3870; x_wconf 89' lang='lat' dir='ltr'><strong>ad</strong></span> <span class='ocrx_word' id='word_1_406' title='bbox 3091 3798 3656 3895; x_wconf 87' lang='lat' dir='ltr'><strong>susceptionem</strong></span> <span class='ocrx_word' id='word_1_407' title='bbox 3704 3824 3887 3896; x_wconf 89' lang='lat' dir='ltr'><strong>gra-</strong></span> 
     </span>
     <span class='ocr_line' id='line_1_77' title="bbox 2335 3913 3884 4007; baseline 0.003 -19"><span class='ocrx_word' id='word_1_408' title='bbox 2335 3915 2491 4006; x_wconf 62' lang='lat' dir='ltr'><strong>tiae,</strong></span> <span class='ocrx_word' id='word_1_409' title='bbox 2532 3924 2612 3987; x_wconf 92' lang='lat' dir='ltr'><strong>ut</strong></span> <span class='ocrx_word' id='word_1_410' title='bbox 2651 3913 2832 3987; x_wconf 90' lang='lat' dir='ltr'><strong>dicit</strong></span> <span class='ocrx_word' id='word_1_411' title='bbox 2891 3914 3321 3990; x_wconf 89' lang='lat' dir='ltr'><strong>Richardus</strong></span> <span class='ocrx_word' id='word_1_412' title='bbox 3364 3916 3385 3940; x_wconf 76' lang='lat'><em>⁶</em></span> <span class='ocrx_word' id='word_1_413' title='bbox 3453 3947 3468 4007; x_wconf 92' lang='lat'>;</span> <span class='ocrx_word' id='word_1_414' title='bbox 3507 3917 3637 3991; x_wconf 92' lang='lat' dir='ltr'><strong>sed</strong></span> <span class='ocrx_word' id='word_1_415' title='bbox 3672 3918 3884 3993; x_wconf 89' lang='lat' dir='ltr'><strong>Deus</strong></span> 
     </span>
     <span class='ocr_line' id='line_1_78' title="bbox 2338 4032 3881 4130; baseline 0.004 -24"><span class='ocrx_word' id='word_1_416' title='bbox 2338 4056 2429 4106; x_wconf 84' lang='lat' dir='ltr'><strong>ex</strong></span> <span class='ocrx_word' id='word_1_417' title='bbox 2459 4032 2726 4106; x_wconf 90' lang='lat' dir='ltr'><strong>eadem</strong></span> <span class='ocrx_word' id='word_1_418' title='bbox 2761 4032 3143 4129; x_wconf 85' lang='lat' dir='ltr'><strong>pactione,</strong></span> <span class='ocrx_word' id='word_1_419' title='bbox 3204 4056 3358 4130; x_wconf 91' lang='lat' dir='ltr'><strong>qua</strong></span> <span class='ocrx_word' id='word_1_420' title='bbox 3408 4035 3692 4109; x_wconf 88' lang='lat' dir='ltr'><strong>assistit</strong></span> <span class='ocrx_word' id='word_1_421' title='bbox 3740 4061 3881 4112; x_wconf 88' lang='lat' dir='ltr'><strong>suo</strong></span> 
     </span>
     <span class='ocr_line' id='line_1_79' title="bbox 2337 4149 3882 4245; baseline 0.004 -22"><span class='ocrx_word' id='word_1_422' title='bbox 2337 4150 2558 4245; x_wconf 85' lang='lat' dir='ltr'><strong>signo</strong></span> <span class='ocrx_word' id='word_1_423' title='bbox 2657 4149 3048 4242; x_wconf 79' lang='lat' dir='ltr'><strong>efficienti,</strong></span> <span class='ocrx_word' id='word_1_424' title='bbox 3140 4150 3233 4224; x_wconf 89' lang='lat' dir='ltr'><strong>ad</strong></span> <span class='ocrx_word' id='word_1_425' title='bbox 3329 4152 3882 4229; x_wconf 84' lang='lat' dir='ltr'><strong>conferendum</strong></span> 
     </span>
     <span class='ocr_line' id='line_1_80' title="bbox 2338 4263 3879 4364; baseline 0.004 -27"><span class='ocrx_word' id='word_1_426' title='bbox 2338 4265 2689 4362; x_wconf 88' lang='lat' dir='ltr'><strong>gratiam,</strong></span> <span class='ocrx_word' id='word_1_427' title='bbox 2727 4265 2790 4338; x_wconf 91' lang='lat' dir='ltr'><strong>si</strong></span> <span class='ocrx_word' id='word_1_428' title='bbox 2823 4263 3027 4338; x_wconf 84' lang='lat' dir='ltr'><strong>fictio</strong></span> <span class='ocrx_word' id='word_1_429' title='bbox 3064 4276 3245 4339; x_wconf 90' lang='lat' dir='ltr'><strong>tunc</strong></span> <span class='ocrx_word' id='word_1_430' title='bbox 3309 4269 3676 4364; x_wconf 87' lang='lat' dir='ltr'><strong>temporis</strong></span> <span class='ocrx_word' id='word_1_431' title='bbox 3727 4293 3879 4344; x_wconf 91' lang='lat' dir='ltr'><strong>non</strong></span> 
     </span>
     <span class='ocr_line' id='line_1_81' title="bbox 2340 4380 3881 4479; baseline 0.004 -26"><span class='ocrx_word' id='word_1_432' title='bbox 2340 4380 2717 4473; x_wconf 83' lang='lat' dir='ltr'><strong>intuisset,</strong></span> <span class='ocrx_word' id='word_1_433' title='bbox 2807 4380 3074 4455; x_wconf 89' lang='lat' dir='ltr'><strong>eadem</strong></span> <span class='ocrx_word' id='word_1_434' title='bbox 3166 4383 3458 4456; x_wconf 76' lang='lat' dir='ltr'><strong>confert</strong></span> <span class='ocrx_word' id='word_1_435' title='bbox 3559 4385 3881 4479; x_wconf 86' lang='lat' dir='ltr'><strong>gratiam</strong></span> 
     </span>
     <span class='ocr_line' id='line_1_82' title="bbox 2343 4496 3889 4598; baseline 0.004 -29"><span class='ocrx_word' id='word_1_436' title='bbox 2343 4496 2647 4570; x_wconf 84' lang='lat' dir='ltr'><strong>fictione</strong></span> <span class='ocrx_word' id='word_1_437' title='bbox 2691 4496 3122 4584; x_wconf 89' lang='lat' dir='ltr'><strong>recedente,</strong></span> <span class='ocrx_word' id='word_1_438' title='bbox 3190 4498 3396 4595; x_wconf 91' lang='lat' dir='ltr'><strong>quod</strong></span> <span class='ocrx_word' id='word_1_439' title='bbox 3447 4499 3587 4574; x_wconf 84' lang='lat' dir='ltr'><strong>l&#39;uit</strong></span> <span class='ocrx_word' id='word_1_440' title='bbox 3652 4500 3889 4598; x_wconf 90' lang='lat' dir='ltr'><strong>impe·</strong></span> 
     </span>
     <span class='ocr_line' id='line_1_83' title="bbox 2342 4610 3882 4708; baseline 0.004 -25"><span class='ocrx_word' id='word_1_441' title='bbox 2342 4610 2767 4684; x_wconf 70' lang='lat' dir='ltr'><strong>(limentum</strong></span> <span class='ocrx_word' id='word_1_442' title='bbox 2810 4632 3048 4708; x_wconf 89' lang='lat' dir='ltr'><strong>quare</strong></span> <span class='ocrx_word' id='word_1_443' title='bbox 3104 4611 3350 4706; x_wconf 86' lang='lat' dir='ltr'><strong>gratia</strong></span> <span class='ocrx_word' id='word_1_444' title='bbox 3416 4635 3569 4687; x_wconf 89' lang='lat' dir='ltr'><strong>non</strong></span> <span class='ocrx_word' id='word_1_445' title='bbox 3629 4613 3882 4689; x_wconf 81' lang='lat' dir='ltr'><strong>insuit.</strong></span> 
     </span>
    </p>

    <p class='ocr_par' dir='ltr' id='par_1_21' title="bbox 2343 4728 3897 5520">
     <span class='ocr_line' id='line_1_84' title="bbox 2440 4728 3888 4827; baseline 0.004 -26"><span class='ocrx_word' id='word_1_446' title='bbox 2440 4728 2588 4801; x_wconf 90' lang='lat' dir='ltr'><strong>Sed</strong></span> <span class='ocrx_word' id='word_1_447' title='bbox 2617 4738 2799 4803; x_wconf 90' lang='lat' dir='ltr'><strong>tunc</strong></span> <span class='ocrx_word' id='word_1_448' title='bbox 2830 4728 3134 4803; x_wconf 86' lang='lat' dir='ltr'><strong>videtur</strong></span> <span class='ocrx_word' id='word_1_449' title='bbox 3193 4729 3401 4826; x_wconf 85' lang='lat' dir='ltr'><strong>quod</strong></span> <span class='ocrx_word' id='word_1_450' title='bbox 3463 4730 3597 4805; x_wconf 91' lang='lat' dir='ltr'><strong>illa</strong></span> <span class='ocrx_word' id='word_1_451' title='bbox 3640 4733 3888 4827; x_wconf 88' lang='lat' dir='ltr'><strong>gratia</strong></span> 
     </span>
     <span class='ocr_line' id='line_1_85' title="bbox 2343 4842 3887 4921; baseline 0.003 -6"><span class='ocrx_word' id='word_1_452' title='bbox 2343 4867 2493 4915; x_wconf 87' lang='lat' dir='ltr'><strong>non</strong></span> <span class='ocrx_word' id='word_1_453' title='bbox 2557 4842 2653 4916; x_wconf 90' lang='lat' dir='ltr'><strong>sit</strong></span> <span class='ocrx_word' id='word_1_454' title='bbox 2710 4843 2985 4917; x_wconf 87' lang='lat' dir='ltr'><strong>collata</strong></span> <span class='ocrx_word' id='word_1_455' title='bbox 3049 4843 3329 4917; x_wconf 87' lang='lat' dir='ltr'><strong>virtute</strong></span> <span class='ocrx_word' id='word_1_456' title='bbox 3408 4844 3887 4921; x_wconf 88' lang='lat' dir='ltr'><strong>Sacramenti</strong></span> 
     </span>
     <span class='ocr_line' id='line_1_86' title="bbox 2344 4959 3891 5057; baseline 0.004 -25"><span class='ocrx_word' id='word_1_457' title='bbox 2344 4959 2741 5057; x_wconf 85' lang='lat' dir='ltr'><strong>Baptismi‚</strong></span> <span class='ocrx_word' id='word_1_458' title='bbox 2815 4959 2948 5035; x_wconf 92' lang='lat' dir='ltr'><strong>sed</strong></span> <span class='ocrx_word' id='word_1_459' title='bbox 3034 4960 3314 5034; x_wconf 87' lang='lat' dir='ltr'><strong>virtute</strong></span> <span class='ocrx_word' id='word_1_460' title='bbox 3410 4960 3891 5038; x_wconf 88' lang='lat' dir='ltr'><strong>Sacramenti</strong></span> 
     </span>
     <span class='ocr_line' id='line_1_87' title="bbox 2346 5075 3891 5174; baseline 0.004 -26"><span class='ocrx_word' id='word_1_461' title='bbox 2346 5076 2855 5165; x_wconf 80' lang='lat' dir='ltr'><strong>Poenitentiae,</strong></span> <span class='ocrx_word' id='word_1_462' title='bbox 2903 5100 3056 5174; x_wconf 89' lang='lat' dir='ltr'><strong>qua</strong></span> <span class='ocrx_word' id='word_1_463' title='bbox 3088 5086 3335 5151; x_wconf 88' lang='lat' dir='ltr'><strong>cessat</strong></span> <span class='ocrx_word' id='word_1_464' title='bbox 3365 5075 3569 5153; x_wconf 85' lang='lat' dir='ltr'><strong>fictio</strong></span> <span class='ocrx_word' id='word_1_465' title='bbox 3608 5108 3626 5173; x_wconf 86' lang='lat'><em>3</em></span> <span class='ocrx_word' id='word_1_466' title='bbox 3684 5079 3891 5154; x_wconf 87' lang='lat' dir='ltr'><strong>fictio</strong></span> 
     </span>
     <span class='ocr_line' id='line_1_88' title="bbox 2347 5191 3894 5296; baseline 0.003 -29"><span class='ocrx_word' id='word_1_467' title='bbox 2347 5192 2549 5267; x_wconf 92' lang='lat' dir='ltr'><strong>enim</strong></span> <span class='ocrx_word' id='word_1_468' title='bbox 2619 5192 2749 5267; x_wconf 88' lang='lat' dir='ltr'><strong>illa</strong></span> <span class='ocrx_word' id='word_1_469' title='bbox 2799 5192 3231 5291; x_wconf 89' lang='lat' dir='ltr'><strong>impediens</strong></span> <span class='ocrx_word' id='word_1_470' title='bbox 3275 5191 3631 5269; x_wconf 81' lang='lat' dir='ltr'><strong>effectum</strong></span> <span class='ocrx_word' id='word_1_471' title='bbox 3684 5198 3894 5296; x_wconf 91' lang='lat' dir='ltr'><strong>Bap-</strong></span> 
     </span>
     <span class='ocr_line' id='line_1_89' title="bbox 2345 5309 3895 5411; baseline 0.005 -30"><span class='ocrx_word' id='word_1_472' title='bbox 2345 5309 2578 5400; x_wconf 84' lang='lat' dir='ltr'><strong>tismi,</strong></span> <span class='ocrx_word' id='word_1_473' title='bbox 2616 5319 2747 5383; x_wconf 89' lang='lat' dir='ltr'><strong>aut</strong></span> <span class='ocrx_word' id='word_1_474' title='bbox 2778 5319 3024 5385; x_wconf 90' lang='lat' dir='ltr'><strong>cessat</strong></span> <span class='ocrx_word' id='word_1_475' title='bbox 3049 5319 3221 5407; x_wconf 90' lang='lat' dir='ltr'><strong>post</strong></span> <span class='ocrx_word' id='word_1_476' title='bbox 3243 5310 3720 5408; x_wconf 88' lang='lat' dir='ltr'><strong>Baptismum</strong></span> <span class='ocrx_word' id='word_1_477' title='bbox 3755 5337 3895 5411; x_wconf 89' lang='lat' dir='ltr'><strong>per</strong></span> 
     </span>
     <span class='ocr_line' id='line_1_90' title="bbox 2348 5425 3897 5520; baseline 0.006 -22"><span class='ocrx_word' id='word_1_478' title='bbox 2348 5425 2919 5520; x_wconf 86' lang='lat' dir='ltr'><strong>Poenitentiam,</strong></span> <span class='ocrx_word' id='word_1_479' title='bbox 3000 5437 3129 5500; x_wconf 88' lang='lat' dir='ltr'><strong>aut</strong></span> <span class='ocrx_word' id='word_1_480' title='bbox 3201 5450 3351 5500; x_wconf 90' lang='lat' dir='ltr'><strong>non</strong></span> <span class='ocrx_word' id='word_1_481' title='bbox 3396 5427 3436 5499; x_wconf 86' lang='lat'><strong>‘?</strong></span> <span class='ocrx_word' id='word_1_482' title='bbox 3494 5429 3574 5504; x_wconf 92' lang='lat' dir='ltr'><strong>Si</strong></span> <span class='ocrx_word' id='word_1_483' title='bbox 3646 5442 3897 5506; x_wconf 89' lang='lat' dir='ltr'><strong>cessat</strong></span> 
     </span>
    </p>
   </div>
   <div class='ocr_carea' id='block_1_17' title="bbox 2347 5543 3890 5641">
    <p class='ocr_par' dir='ltr' id='par_1_22' title="bbox 2347 5543 3890 5641">
     <span class='ocr_line' id='line_1_91' title="bbox 2347 5543 3890 5641; baseline 0.003 -24"><span class='ocrx_word' id='word_1_484' title='bbox 2347 5566 2483 5640; x_wconf 90' lang='lat' dir='ltr'><strong>per</strong></span> <span class='ocrx_word' id='word_1_485' title='bbox 2524 5543 3097 5636; x_wconf 88' lang='lat' dir='ltr'><strong>Poenitentiam,</strong></span> <span class='ocrx_word' id='word_1_486' title='bbox 3130 5566 3312 5638; x_wconf 88' lang='lat' dir='ltr'><strong>ergo</strong></span> <span class='ocrx_word' id='word_1_487' title='bbox 3355 5567 3508 5641; x_wconf 90' lang='lat' dir='ltr'><strong>qua</strong></span> <span class='ocrx_word' id='word_1_488' title='bbox 3567 5547 3890 5638; x_wconf 84' lang='lat' dir='ltr'><strong>ratione,</strong></span> 
     </span>
    </p>
   </div>
   <div class='ocr_carea' id='block_1_18' title="bbox 3972 2080 4179 2140">
    <p class='ocr_par' dir='ltr' id='par_1_23' title="bbox 3972 2080 4179 2140">
     <span class='ocr_line' id='line_1_92' title="bbox 3972 2080 4179 2140; baseline -0.01 -14"><span class='ocrx_word' id='word_1_489' title='bbox 3972 2080 4016 2126; x_wconf 83' lang='grc' dir='ltr'>Α</span> <span class='ocrx_word' id='word_1_490' title='bbox 4027 2081 4179 2140; x_wconf 71' lang='lat' dir='ltr'><strong>ugust.</strong></span> 
     </span>
    </p>
   </div>
   <div class='ocr_carea' id='block_1_19' title="bbox 3913 3103 4222 3531">
    <p class='ocr_par' dir='ltr' id='par_1_24' title="bbox 3913 3103 4222 3531">
     <span class='ocr_line' id='line_1_93' title="bbox 3914 3103 4208 3154; baseline -0.017 0"><span class='ocrx_word' id='word_1_491' title='bbox 3914 3103 4208 3154; x_wconf 81' lang='lat' dir='ltr'><strong>Recedente</strong></span> 
     </span>
     <span class='ocr_line' id='line_1_94' title="bbox 3967 3167 4174 3217; baseline -0.024 0"><span class='ocrx_word' id='word_1_492' title='bbox 3967 3167 4174 3217; x_wconf 77' lang='lat' dir='ltr'><strong>fictione</strong></span> 
     </span>
     <span class='ocr_line' id='line_1_95' title="bbox 3913 3228 4218 3293; baseline -0.013 -13"><span class='ocrx_word' id='word_1_493' title='bbox 3913 3229 4097 3293; x_wconf 76' lang='lat' dir='ltr'><strong>gratia</strong></span> <span class='ocrx_word' id='word_1_494' title='bbox 4135 3228 4218 3277; x_wconf 78' lang='grc' dir='ltr'><strong>Βι-</strong></span> 
     </span>
     <span class='ocr_line' id='line_1_96' title="bbox 3914 3291 4220 3355; baseline -0.016 -12"><span class='ocrx_word' id='word_1_495' title='bbox 3914 3291 4220 3355; x_wconf 69' lang='lat' dir='ltr'><strong>ptismiquo·</strong></span> 
     </span>
     <span class='ocr_line' id='line_1_97' title="bbox 3915 3356 4207 3406; baseline -0.014 -1"><span class='ocrx_word' id='word_1_496' title='bbox 3915 3356 4081 3406; x_wconf 82' lang='lat' dir='ltr'><strong>modo</strong></span> <span class='ocrx_word' id='word_1_497' title='bbox 4114 3360 4159 3403; x_wconf 83' lang='lat' dir='ltr'><strong>et</strong></span> <span class='ocrx_word' id='word_1_498' title='bbox 4183 3367 4207 3401; x_wconf 76' lang='grc' dir='ltr'>ι</span> 
     </span>
     <span class='ocr_line' id='line_1_98' title="bbox 3916 3429 4222 3482; baseline -0.01 -15"><span class='ocrx_word' id='word_1_499' title='bbox 3916 3431 4034 3482; x_wconf 84' lang='lat' dir='ltr'><strong>quo</strong></span> <span class='ocrx_word' id='word_1_500' title='bbox 4065 3429 4222 3467; x_wconf 76' lang='lat' dir='ltr'><strong>cauu-</strong></span> 
     </span>
     <span class='ocr_line' id='line_1_99' title="bbox 4009 3482 4164 3531; baseline -0.019 0"><span class='ocrx_word' id='word_1_501' title='bbox 4009 3482 4164 3531; x_wconf 82' lang='lat' dir='ltr'><strong>bitur.</strong></span> 
     </span>
    </p>
   </div>
   <div class='ocr_carea' id='block_1_20' title="bbox 3916 3899 4223 4156">
    <p class='ocr_par' dir='ltr' id='par_1_25' title="bbox 3916 3899 4223 4156">
     <span class='ocr_line' id='line_1_100' title="bbox 3916 3899 4223 3952; baseline -0.02 1"><span class='ocrx_word' id='word_1_502' title='bbox 3916 3903 3937 3926; x_wconf 76' lang='lat'><em>⁶</em></span> <span class='ocrx_word' id='word_1_503' title='bbox 3962 3900 4121 3952; x_wconf 85' lang='lat' dir='ltr'><strong>Rich.</strong></span> <span class='ocrx_word' id='word_1_504' title='bbox 4150 3899 4223 3948; x_wconf 84' lang='lat' dir='ltr'><strong>ubi</strong></span> 
     </span>
     <span class='ocr_line' id='line_1_101' title="bbox 3960 3964 4192 4036; baseline -0.017 -21"><span class='ocrx_word' id='word_1_505' title='bbox 3960 3978 4115 4036; x_wconf 74' lang='lat' dir='ltr'><strong>supr.</strong></span> <span class='ocrx_word' id='word_1_506' title='bbox 4127 3964 4192 4034; x_wconf 34' lang='lat' dir='ltr'><strong>‚in</strong></span> 
     </span>
     <span class='ocr_line' id='line_1_102' title="bbox 3960 4040 4189 4092; baseline -0.017 -15"><span class='ocrx_word' id='word_1_507' title='bbox 3960 4040 4189 4092; x_wconf 72' lang='lat' dir='ltr'><strong>princip.</strong></span> 
     </span>
     <span class='ocr_line' id='line_1_103' title="bbox 3978 4094 4169 4156; baseline -0.016 -17"><span class='ocrx_word' id='word_1_508' title='bbox 3978 4094 4169 4156; x_wconf 66' lang='lat' dir='ltr'><strong>quest.</strong></span> 
     </span>
    </p>
   </div>
   <div class='ocr_carea' id='block_1_21' title="bbox 3971 4743 4204 4807">
    <p class='ocr_par' dir='ltr' id='par_1_26' title="bbox 3971 4743 4204 4807">
     <span class='ocr_line' id='line_1_104' title="bbox 3971 4743 4204 4807; baseline -0.009 -15"><span class='ocrx_word' id='word_1_509' title='bbox 3971 4743 4204 4807; x_wconf 76' lang='lat' dir='ltr'><strong>Replica.</strong></span> 
     </span>
    </p>
   </div>
  </div>
 </body>
</html>
