4295 6326
1412 401 1637 470 DIST.
1688 397 2013 469 XXXIX.
2066 390 2486 475 QUAESTIO
2535 392 2620 462 ΙΙ.

85 609 196 655 tum
220 605 407 676 arvo·
438 583 521 649 ut
572 575 1013 678 intellectus·
1034 578 1441 677 practicus,
1501 586 1575 652 et
1613 575 1972 649 voluntas

122 668 348 780 ιζ’ξιῗιὲο
436 704 618 767 sunt
661 720 896 769 unum
954 696 1450 795 principium,
1517 706 1772 769 tamen
1827 688 1977 762 dis-

443 810 861 908 tinguendo
920 814 1394 890 intellectum
1449 811 1870 912 prae-ticum
1931 833 1975 882 a

437 930 855 1025 voluntate,
902 956 1057 1005 non
1109 941 1224 1006 est
1274 955 1571 1024 verum,
1626 929 1810 1027 quia
1850 951 1977 1001 re-

432 1055 639 1121 ctum
697 1057 772 1122 et
825 1048 1117 1122 bonum
1182 1048 1426 1144 magis
1467 1044 1975 1121 transumitur

433 1166 526 1240 ad
559 1164 1033 1241 intellectum
1080 1165 1527 1263 practicum.

528 1282 640 1356 Ad
710 1282 947 1373 aliud,
1015 1282 1184 1356 dico
1255 1282 1458 1381 quod
1520 1302 1749 1378 poena
1817 1299 1967 1350 non

432 1398 761 1496 pertinet
801 1400 894 1473 ad
936 1398 1515 1491 conscientiam,
1553 1395 1698 1480 nisi
1759 1403 1976 1469 ante·

432 1518 794 1591 cedenter
823 1517 945 1590 vel
979 1516 1609 1609 concomitanter,
1646 1512 1777 1588 sed
1812 1534 1977 1610 per-

436 1633 623 1708 tinet
666 1632 1083 1708 formaliter
1129 1633 1224 1707 ad
1273 1641 1562 1731 partem
1616 1628 1975 1728 appetiti-

431 1774 634 1844 vam,
672 1774 813 1826 nec
876 1759 990 1824 est
1042 1748 1374 1841 tristitia,
1411 1771 1552 1823 nec
1603 1745 1972 1843 gaudium

430 1866 508 1939 in
551 1866 803 1964 primo
837 1874 1012 1941 actu
1088 1864 1532 1956 voluntatis,
1564 1862 1698 1936 sed
1725 1861 1973 1958 primo

434 1984 599 2076 vult
688 1983 969 2070 solum,
1106 1981 1447 2056 secundo
1541 1979 1976 2053 intellectus

432 2100 939 2198 apprehendit
998 2101 1141 2173 hoc
1196 2098 1548 2172 ultimum
1609 2120 1654 2171 a
1711 2097 1979 2169 volun-

431 2222 610 2307 tate,
657 2222 731 2288 et
787 2223 997 2306 tunc,
1035 2212 1097 2286 si
1166 2220 1281 2285 est
1348 2208 1970 2301 disconvenienS,

434 2328 784 2425 sequitur
854 2327 1155 2401 tristitia
1215 2328 1291 2400 in
1363 2328 1782 2417 voluntate,
1853 2325 1972 2397 vel

435 2445 834 2541 gaudium,
901 2445 963 2520 si
1052 2454 1165 2519 est
1241 2442 1743 2529 conveniens,
1796 2440 1979 2537 quia

435 2562 589 2635 illae
672 2569 855 2635 sunt
923 2560 1322 2659 passiones
1394 2558 1473 2631 in
1540 2559 1965 2631 voluntate.

75 2693 320 2766 ssapdere
349 2695 405 2741 et
431 2678 719 2752 Tamen
817 2676 910 2751 ad
1015 2675 1566 2751 conscientiam
1651 2673 1982 2772 pertinet

108 2762 382 2891 32333230
433 2794 769 2890 gaudere
802 2793 1369 2885 antecedenter,
1442 2815 1596 2865 non
1642 2788 1982 2864 formali-

98 2887 373 3016 ἓὲηὲξξξὲ
440 2921 578 3002 ter,
634 2911 818 3008 quia
869 2932 1259 2983 remorsus
1318 2906 1810 2981 conscientiae
1870 2912 1983 2979 est

96 3012 369 3060 ‘³¹⁰⁰”m‘
435 3024 781 3104 effective
834 3047 877 3098 a
944 3021 1442 3098 conscientia.
1515 3024 1606 3095 Et
1672 3019 1982 3118 quando

437 3145 801 3218 voluntas
840 3141 1053 3239 eligit
1083 3140 1272 3215 illud
1305 3139 1510 3238 quod
1554 3146 1760 3214 recta
1792 3136 1983 3212 ratio

438 3260 701 3353 dictat,
747 3282 903 3334 non
948 3258 1301 3357 sequitur
1353 3279 1746 3331 remorsus
1812 3278 1987 3329 con-

432 3378 952 3471 scientiae,nec
984 3376 1243 3473 aliqua
1260 3374 1589 3450 tristitia.

532 3494 646 3571 Ad
687 3494 924 3588 aliud,
998 3493 1285 3568 dictum
1344 3502 1459 3568 est
1497 3492 1712 3591 prius
1780 3489 1987 3588 quod

439 3636 596 3687 non
632 3612 1005 3685 minuitur
1070 3610 1569 3703 conscientia,
1642 3608 1983 3683 nisinun

438 3728 1021 3820 considerando,
1083 3722 1205 3803 vel
1258 3727 1442 3824 quia
1526 3751 1683 3799 non
1764 3748 1987 3821 aeque

439 3854 643 3920 certa
683 3855 798 3920 est
828 3844 1615 3941 notitia‚quamquam
1657 3843 1809 3917 duo
1854 3844 1991 3916 ha-

440 3963 622 4038 bent
661 3961 1010 4036 notitiam
1052 3985 1188 4059 per
1215 3961 1561 4035 eamdem
1610 3960 1983 4033 rationem

442 4079 984 4171 necessariam,
1029 4086 1103 4152 et
1138 4101 1338 4151 unus
1378 4084 1625 4174 potest
1665 4075 1988 4149 vacilla-

445 4219 523 4270 re
580 4206 890 4294 propter
959 4193 1294 4268 rationes
1371 4191 1829 4291 sophisticas
1893 4190 1984 4264 ad

442 4311 915 4409 oppositum,
944 4332 1139 4407 quas
1179 4309 1420 4383 nescit
1463 4310 1787 4384 solvere.

81 1279 159 1328 Ad
192 1294 382 1331 secun-

173 1345 323 1396 dum.

147 3502 228 3551 Ad
258 3507 358 3554 ter·

178 3566 327 3616 tium.

966 4571 1332 4631 SCllOLlUM
1375 4571 1475 4627 111.

512 4720 875 4778 Conscientia
932 4717 1249 4774 conformis
1277 4716 1391 4786 legi
1432 4714 1534 4771 Dei
1564 4730 1796 4785 semper
1824 4712 1989 4785 ligat,

446 4812 494 4868 si
542 4820 737 4867 autem
788 4809 971 4865 dictat
1014 4805 1238 4878 aliquid
1287 4820 1417 4860 esee
1468 4804 1861 4859 neceesarium
1917 4803 1988 4859 ad

446 4901 721 4967 salutern,
749 4898 1121 4971 quodtamen
1165 4899 1253 4951 est
1299 4894 1655 4960 indifferenS,
1707 4894 1881 4948 etiam
1922 4891 1990 4946 li-

446 4995 566 5062 gat,
595 4988 730 5061 quia
761 4988 1037 5044 omittens
1071 4984 1321 5051 licitum,
1345 4983 1498 5055 quod
1521 4982 1751 5054 judicat
1783 4997 1991 5037 neces-

446 5080 665 5135 sarium
727 5078 795 5135 ad
855 5076 1128 5140 salutem,
1187 5072 1511 5131 contemnit
1561 5088 1712 5128 eam.
1771 5072 1991 5127 sivero

446 5170 626 5225 dictat
680 5167 897 5239 aliquid
961 5164 1316 5227 faciendum,
1372 5162 1524 5233 quod
1585 5166 1675 5217 eet
1749 5160 1991 5226 malum,

447 5258 655 5315 Doctor
694 5261 853 5312 tenet
902 5271 1016 5310 non
1058 5269 1188 5310 esse
1232 5252 1611 5323 sequendam,
1664 5251 1762 5305 sed
1813 5249 1991 5320 depo·

451 5349 724 5415 nendum,
752 5344 905 5418 quod
938 5343 1313 5399 verissimum
1345 5349 1453 5407 est,
1488 5340 1723 5413 quando
1744 5338 1994 5395 occurrit

452 5441 648 5512 aliqua
678 5437 820 5493 ratio
851 5440 1071 5493 contra.
1099 5433 1208 5489 Sed
1243 5432 1294 5487 si
1325 5432 1673 5487 admittatur
1702 5429 1995 5485 conscien-

455 5528 588 5584 tiam
621 5528 827 5584 hocita
875 5525 1094 5581 dictare
1154 5522 1303 5593 quod
1362 5521 1506 5577 nihil
1536 5521 1593 5576 in
1635 5519 1990 5576 contrarium

455 5626 736 5685 occurrat,
776 5614 1074 5689 sequenda
1094 5615 1208 5681 eet,
1237 5614 1302 5667 ut
1329 5610 1376 5667 si
1397 5610 1528 5682 quis
1557 5624 1794 5667 erronee
1830 5608 1993 5680 judi·

3511 392 3638 458 207

2083 570 2242 622 caret
2270 582 2332 621 ee
2372 565 2550 621 teneri
2575 581 2803 622 servare
2829 565 3000 622 fidem
3034 564 3395 634 concubinae,
3452 562 3637 620 nulla·

2079 670 2195 727 que
2224 654 2496 726 cogitatio
2530 654 2588 708 in
2641 655 3001 711 contrarium
3049 659 3397 710 occurreret.
3451 656 3638 708 Casus

2082 744 2226 799 torte
2253 760 2404 807 raro,
2437 752 2534 798 aut
2568 760 2867 815 nunquam
2919 744 3229 812 contingit.
3291 741 3496 798 Plures
3555 747 3637 797 ta-

2080 850 2216 890 men
2247 839 2447 888 tenent
2492 833 2550 889 in
2600 834 2956 904 quibusdam
3012 832 3315 905 praeceptis
3363 831 3633 901 Deculogi

2078 924 2470 992 ignorantium
2519 923 2871 995 quandoque
2924 939 3218 992 excusare,
3275 922 3627 992 quibuscum

2080 1021 2136 1072 et
2165 1031 2270 1087 ego
2303 1016 2508 1071 senti0.

2183 1273 2294 1346 Ad
2330 1274 2627 1348 tertiam
2663 1276 3197 1371 quaestioiiem,
3224 1298 3398 1347 cum
3425 1297 3629 1371 quae·
3752 1312 3858 1380 10·

2080 1386 2298 1473 ritur‚
2353 1411 2453 1460 an
2512 1388 2765 1461 omnis
2834 1389 3338 1486 §conscientia
3417 1388 3622 1486 emec,-

2081 1502 2250 1575 dico
2295 1503 2499 1601 quod
2535 1513 2783 1601 potest
2812 1528 2979 1579 esse
3023 1504 3493 1580 conscientia
3537 1505 3629 1581 de

2080 1620 2248 1714 lege
2292 1618 2583 1724 divina,
2618 1621 2739 1694 vel
2773 1620 2865 1694 de
2898 1629 3069 1694 actu
3117 1619 3627 1715 indifferente,

2078 1735 2199 1808 vel
2231 1735 2699 1810 conscientia
2726 1760 3050 1811 erronea
3089 1737 3180 1812 de
3209 1747 3381 1812 actu
3444 1762 3634 1813 con-

2079 1860 2197 1925 tra
2228 1854 2476 1948 legem
2512 1852 2880 1929 divinam.
2938 1854 3194 1929 Primo
3257 1855 3482 1930 modo
3539 1856 3635 1929 li-

2081 1976 2243 2064 gat,
2291 1992 2469 2041 curn
2512 1971 2988 2046 conscientia
3054 1981 3169 2048 est
3217 1973 3632 2048 conformis

2083 2084 2234 2181 legi
2269 2084 2581 2175 divinae,
2618 2087 2907 2186 duplici
2957 2088 3296 2163 vinculo,
3348 2091 3634 2165 Secun-

2082 2199 2178 2273 do
2227 2200 2451 2275 modo
2497 2201 2706 2298 ligat,
2754 2203 2935 2300 quia
2978 2203 3109 2301 qui
3157 2205 3387 2280 habet
3418 2229 3634 2281 cons-

2084 2315 2446 2391 cientiam
2467 2318 2559 2393 de
2579 2327 2750 2392 actu
2777 2319 3288 2415 indifferente,
3312 2322 3634 2397 credens

2088 2432 2293 2531 quod
2353 2434 2453 2508 sit
2516 2435 2607 2509 de
2658 2436 3113 2512 necessitate
3187 2439 3480 2525 salutis,
3536 2439 3633 2513 fa-

2084 2551 2296 2624 ciens
2337 2552 2805 2626 contrarium
2827 2555 3248 2628 contemnit
3274 2557 3630 2649 salutem,

2087 2674 2161 2738 et
2193 2666 2539 2741 faciendo
2574 2678 2827 2742 actum
2893 2669 2968 2742 in
3023 2694 3105 2745 se
3149 2695 3303 2745 non
3338 2682 3628 2769 peccat,

2088 2806 2264 2857 cum
2306 2784 2402 2859 sit
2469 2808 2561 2858 ex
2627 2808 2708 2860 se
2780 2785 3283 2876 indifferens3
3357 2789 3637 2885 ligatur

2090 2899 2326 2995 igitur
2348 2901 2442 2974 ad
2486 2901 2944 2977 faciendum.
2980 2903 3060 2977 Si
3096 2914 3208 2979 est
3243 2906 3635 2980 conscien-
3666 2893 3960 2944 C⁰⁰⁸⁰¹⁸‘¹·

2089 3015 2196 3090 tia
2226 3040 2575 3111 erronea,
2621 3019 2873 3094 adhuc
2899 3019 3109 3116 ligat,
3151 3021 3284 3096 sed
3329 3046 3481 3096 non
3519 3033 3632 3097 te-
3663 2958 3987 3069 ἱιῖῑᾟῗὲθῐῖῗῑῖ

2094 3142 2320 3208 netur
2360 3134 2452 3209 ad
2505 3135 2935 3212 faciendum
2979 3138 3195 3233 illud,
3259 3162 3401 3214 nec
3467 3139 3635 3237 ejus
3665 3082 3988 3258 ἓὲῑέἷεὲἰίἐῖἷ

2094 3251 2592 3346 contrarium,
2673 3253 2805 3328 sed
2901 3254 2992 3328 ad
3089 3255 3634 3354 deponendum
3744 3222 3928 3322 ‘inuisos¹

2096 3391 2463 3463 errorem,
2500 3368 2883 3467 quia-sive
2952 3371 3200 3463 saciat,
3267 3372 3426 3447 sive
3480 3397 3637 3447 non

2100 3484 2346 3579 saciat,
2430 3495 2675 3560 stante
2781 3486 3279 3583 conscientia,
3376 3501 3642 3588 peccat

2099 3602 2545 3696 mortaliter,
2606 3602 2791 3701 quia
2856 3604 3119 3678 nullus
3178 3628 3317 3702 per
3380 3630 3644 3705 pecca·

2098 3730 2258 3793 tum
2302 3742 2529 3793 suum
2563 3728 2810 3816 potest
2842 3743 2923 3793 se
2957 3720 3356 3796 absolvere
3398 3748 3443 3797 a
3476 3726 3641 3821 lege

2095 3835 2386 3929 divina,
2416 3836 2598 3932 quia
2629 3836 2760 3910 illa
2793 3846 2907 3910 est
2930 3836 3363 3933 ignorantia
3396 3840 3646 3938 dispo-

2096 3951 2426 4044 sitionis,
2474 3960 2547 4025 et
2581 3975 2733 4024 non
2771 3952 3230 4047 negationis
3271 3954 3449 4028 Ideo
3483 3980 3638 4030 non

2097 4076 2436 4159 excusat,
2482 4066 2614 4141 sed
2649 4077 2983 4159 accusat,
3020 4076 3094 4141 et
3147 4068 3211 4141 si
3244 4069 3634 4168 adimplet,

2097 4183 2273 4257 lacit
2393 4191 2660 4257 contra
2770 4182 3321 4258 conscientiam
3367 4213 3385 4279 3
3469 4188 3639 4262 ideo

2099 4323 2569 4398 quamquam
2605 4302 2726 4373 lex
2764 4299 2903 4373 Dei
2941 4301 3347 4376 necessitet
3386 4303 3640 4402 ipsum

2096 4416 2189 4490 ad
2223 4414 2722 4508 contrarium,
2786 4414 2950 4513 ipse
2994 4416 3170 4489 facit
3204 4425 3453 4492 tamen
3496 4420 3641 4494 sibi

2096 4535 2342 4631 legem
2380 4533 2842 4609 contrariam
2884 4533 3034 4630 legi
3077 4534 3386 4611 divinae.
3435 4538 3643 4625 Quo-

2098 4650 2326 4724 modo
2368 4648 2601 4746 igitur
2640 4648 3138 4745 deponetur?
3203 4651 3391 4728 Dico
3434 4657 3640 4754 quod

2097 4766 2160 4839 si
2193 4776 2308 4840 est
2349 4766 2441 4840 de
2484 4775 2867 4864 praecepto
2926 4766 3315 4863 negativo,
3383 4782 3642 4847 utnon

2097 4879 2421 4974 occideS,
2460 4880 2713 4954 statim
2791 4881 3080 4979 absque
3141 4885 3351 4958 omni
3434 4876 3646 4964 mora

2099 5005 2391 5093 peccat.

2197 5110 2276 5184 Si
2345 5120 2460 5185 est
2519 5111 2611 5185 de
2679 5121 3062 5209 praecepto
3151 5114 3637 5215 affirmatim,

2098 5240 2388 5329 peccat,
2435 5231 2495 5305 si
2533 5255 2686 5303 non
2710 5230 3076 5326 adimplet
3107 5257 3244 5330 pro
3300 5246 3641 5336 tempore

2100 5370 2238 5443 pro
2271 5368 2422 5442 quo
2457 5353 2785 5435 tenetur,
2828 5353 3085 5419 tamen
3136 5359 3383 5444 potest
3441 5363 3640 5431 stare

2098 5485 2236 5559 per
2260 5461 2574 5558 aliquod
2600 5470 2903 5558 tempus
2936 5463 3184 5558 posito
3218 5466 3477 5565 aliquo
3511 5495 3642 5546 ca-

2102 5603 2224 5672 su,
2262 5578 2403 5653 etsi
2434 5602 2594 5653 non
2636 5586 2923 5676 peccet.
