4295 6326
644 377 730 444 48

2056 381 2297 451 LIBRI
2346 382 2433 450 Il.

1413 919 2560 1107 DISTINCTIO
2685 923 3095 1088 XIV.

1167 1644 1568 1723 QUAESTIO
1623 1646 1671 1710 I.

655 1816 898 1883 Utrum
954 1813 1205 1881 coelum
1250 1814 1340 1881 sic
1386 1814 1768 1882 substancia
1826 1814 2124 1903 simplex·
2163 1818 2199 1881 7

648 2009 844 2065 Ateus,
877 2010 930 2064 2.
963 2024 1019 2080 p.
1052 2026 1104 2080 q.
1141 2009 1226 2062 44.
1260 2025 1331 2061 m.
1364 2007 1418 2061 2.
1456 2010 1649 2062 Averr.
1683 2006 1749 2061 de
1778 2004 2083 2060 substantia
2108 2022 2197 2061 or

723 2082 802 2135 bis
828 2096 948 2151 cap.
981 2080 1037 2136 2.
1071 2080 1202 2136 618.
1238 2078 1467 2149 Melaph.
1499 2094 1619 2148 cap.
1646 2079 1698 2132 4.
1734 2078 1798 2133 D.
1832 2078 2037 2133 Quom.
2070 2093 2108 2131 1.
2143 2093 2197 2148 p.

760 2153 894 2206 6.6.
927 2158 1109 2294 arl.q.1
1143 2157 1257 2206 et
1223 2151 1277 2206 ³.
1311 2151 1375 2204 D.
1411 2150 1622 2205 Bonav.
1655 2150 1710 2203 2.
1741 2150 1796 2204 d.
1833 2150 1918 2204 12.
1966 2149 2197 2204 Hem-ic.

721 2171 907 2349 Ξιιοάί.
941 2225 993 2278 4.
1068 2224 1205 2277 .16.
1239 2221 1536 2277 Conimbr.
1572 2239 1610 2276 1.
1663 2221 1729 2276 de
1760 2221 1924 2288 Coelo,
1957 2236 2004 2274 c.
2038 2219 2092 2275 2.
2145 2234 2199 2291 q.

807 2303 858 2350 et
888 2295 984 2350 lib.
1021 2299 1074 2349 2.
1106 2310 1154 2350 c.
1186 2297 1240 2349 2.
1273 2310 1326 2364 q.
1359 2295 1411 2349 3.
1448 2294 1600 2349 Scot.
1635 2294 1696 2348 in
1727 2292 1902 2349 oxon.
1949 2293 2038 2347 hic
2077 2307 2130 2363 q.
2161 2308 2200 2345 1.

723 2370 844 2423 6ε2.
879 2366 1049 2437 Phys.
1087 2383 1139 2437 q.
1169 2367 1219 2420 4.

428 2579 489 2643 1,
751 2544 968 2617 Circa
986 2543 1209 2617 istam
1235 2541 1800 2617 distinctionem
1825 2540 2200 2616 decimam

298 2695 614 2763 Arg-umam,
655 2669 1006 2758 quartam
1110 2659 1486 2758 quaeritur
1583 2659 1861 2755 primo,
1941 2665 2203 2731 utrum

330 2769 583 2819 prunum.
652 2778 931 2905 coelum
975 2777 1070 2849 sit
1128 2774 1557 2849 substantia
1595 2773 1917 2870 simplex
1954 2772 1992 2843 ‘3

749 2892 969 2979 Quod
1044 2916 1230 2964 non.
1288 2888 1771 2985 Augustinus
1844 2889 1913 2959 2.
1966 2909 2202 2983 super

649 3014 924 3085 Genes.
972 3032 1219 3107 capo
1177 3008 1556 3104 .Super
1631 3028 1885 3081 aerem
1942 3026 2191 3101 purus

647 3129 847 3224 tynis
879 3150 1037 3201 6336
1067 3125 1378 3218 decitur,
1423 3123 1516 3198 de
1547 3146 1691 3222 quo
1717 3122 1926 3197 side?
1929 3145 1975 3195 α
2034 3142 2192 3195 6336

641 3249 849 3344 sucta
900 3246 1393 3343 con-Nectum
1457 3241 1689 3338 igitur
1754 3242 2033 3314 coelum
2108 3236 2192 3310 fit

643 3387 736 3437 ex
767 3361 1195 3438 substantia
1236 3359 1675 3456 corporali·
1659 3415 1677 3451 ,
1734 3382 1886 3432 non
1958 3356 2193 3453 igitur

644 3491 758 3555 esl.
789 3477 1217 3554 substantia
1267 3477 1615 3573 simplex.

746 3599 962 3689 Item,
1023 3594 1230 3669 Beda
1287 3593 1631 3691 loquitur
1707 3615 1938 3689 super
1997 3590 2184 3664 Gen.

646 3716 738 3790 de
773 3713 995 3811 aquis
1042 3734 1280 3809 supra
1333 3713 1641 3804 coelum,
1705 3719 1779 3783 et
1818 3732 2022 3806 aqua
2079 3716 2194 3781 est

646 3833 788 3907 sub
820 3832 1013 3905 coelo
1059 3857 1077 3922 3
1124 3829 1254 3903 sed
1307 3828 1644 3902 medium
1704 3826 1905 3924 capit
1961 3833 2191 3899 natu-

647 3973 807 4024 ram
849 3958 1362 4023 extremorum
1404 3971 1423 4038 3
1474 3943 1707 4040 igitur
1764 3945 2043 4017 coelum
2105 3940 2189 4014 fit

647 4091 739 4141 ex
765 4068 1011 4163 aquis.

745 4186 956 4269 Item,
1010 4183 1083 4255 in
1146 4179 1354 4254 omni
1418 4189 1622 4253 moto
1715 4201 2025 4253 necesse
2077 4187 2192 4251 est

647 4299 1053 4398 imaginari
1122 4296 1546 4387 materiam,
1593 4296 1664 4369 8.
1727 4293 2075 4391 Metaplz.
2122 4297 2197 4366 6ί

651 4422 717 4493 1.
753 4419 1071 4518 Physic.

746 4540 963 4623 Item,
1011 4536 1289 4608 coelum
1324 4543 1438 4606 esl.
1469 4531 1920 4614 aninmtum,
1959 4527 2195 4623 igitur

647 4666 762 4732 est
790 4650 1300 4750 compositum
1333 4672 1423 4723 ex
1452 4648 1712 4722 anima
1735 4655 1808 4721 et
1839 4666 2188 4741 corpore.

650 4774 1028 4849 Probatur
1110 4767 1359 4865 primo
1444 4790 1535 4840 ex
1630 4764 2026 4838 Avicenna
2118 4760 2189 4830 9.

641 4888 982 4988 Metaph.
1029 4910 1194 4983 cap.
1250 4884 1319 4955 4.
1358 4882 1487 4980 qui
1529 4890 1806 4980 praeter
1859 4880 2193 4954 animam

650 5019 926 5084 motam
974 5002 1308 5104 ponebat
1364 4998 1950 5095 Intelligentiam
1985 5019 2200 5094 sepa-

649 5138 891 5201 ratam
927 5130 999 5198 et
1026 5119 1544 5216 conjunctam.
1584 5116 1793 5191 Idem
1854 5113 2196 5190 secundo

652 5246 959 5320 videtur
999 5262 1134 5339 per
1158 5235 1745 5333 Philosophum,
1781 5233 1850 5305 2.
1889 5232 1981 5306 dc
2026 5231 2200 5305 Coe-

653 5364 753 5456 lc,
791 5368 865 5436 et
881 5382 1029 5459 per
1099 5355 1792 5430 Commentatorcm
1856 5349 1970 5421 12.
2024 5347 2200 5421 Me-

649 5481 1233 5695 lapsllppositum,
1262 5587 1325 5663 si
1349 5588 1485 5679 sic,
1525 5585 1970 5664 naturaliter
1999 5590 2202 5659 esset

354 3594 550 3644 Secun—

361 3657 522 3719 [dum.

326 4205 583 4253 Tertium.

311 4573 589 4632 Quartum.

338 5635 555 5685 Contra.

2308 1372 2834 1470 corruptibile,
2862 1374 3046 1471 quia
3073 1375 3398 1447 materia
3429 1379 3538 1447 63ί
3566 1396 3664 1447 eac
3706 1398 3856 1471 qua

2309 1513 2428 1563 res
2483 1496 2737 1587 potest
2780 1514 2964 1584 6336,
3001 1496 3076 1565 et
3124 1512 3278 1565 non
3347 1514 3532 1583 esse,
3577 1490 3647 1562 8.
3685 1489 3856 1564 Me-

2306 1611 2518 1706 taph.

2860 1951 3219 2009 SCHOLIUM
3264 1953 3308 2007 1.

2382 2099 2589 2172 Opinio
2612 2099 2977 2173 Philosophi.
3009 2099 3216 2158 coelutn
3252 2116 3379 2157 esse
3405 2100 3641 2157 alterius
3683 2102 3855 2158 ratio-

2313 2192 2403 2247 nis
2436 2192 2506 2246 ab
2548 2188 2969 2259 inferioribu53
3024 2191 3234 2262 prime,
3287 2190 3426 2263 quia
3478 2190 3604 2262 ejus
3661 2195 3852 2248 motus

2313 2298 2427 2336 non
2460 2283 2549 2336 est
2578 2297 2609 2335 a
2647 2280 2859 2349 medio,
2889 2294 2995 2336 neo
3043 2280 3112 2335 ad
3169 2281 3430 2337 medium
3475 2280 3605 2350 eJ‘us
3647 2279 3726 2337 rei
3781 2281 3852 2336 ad

2313 2388 2490 2443 quam
2521 2376 2637 2428 est.
2677 2372 2959 2438 Secundo,
2991 2371 3125 2443 quia
3154 2379 3242 2427 est
3273 2371 3713 2444 incorruptibile
3760 2389 3854 2429 se·

2313 2462 2568 2518 cundum
2590 2460 2876 2533 totumjet
2920 2466 3149 2532 partes;
3200 2466 3615 2534 consequenter
3660 2460 3856 2534 posuit

2314 2550 2520 2608 coelum
2554 2550 2679 2608 sine
2710 2551 2967 2619 materia,
3013 2555 3071 2607 et
3117 2568 3326 2623 corpus
3386 2551 3650 2623 simplex.
3695 2551 3857 2609 Unde

2316 2660 2429 2699 non
2488 2643 2680 2715 posuit
2738 2642 3083 2707 animatum,
3140 2641 3419 2715 quidquid
3471 2659 3644 2716 supra
3703 2642 3859 2700 dicat

2317 2737 2626 2793 Avicenna.
2656 2735 2933 2809 Theologi
2968 2740 3161 2792 autem
3195 2741 3419 2807 ponunt
3463 2737 3856 2810 compositum

2315 2843 2384 2881 ex
2414 2826 2675 2897 materia,
2707 2831 2764 2883 et
2794 2826 2976 2882 forma
3016 2844 3031 2895 ;
3063 2826 3289 2883 variant
3316 2831 3508 2885 tamen
3542 2828 3855 2901 assignan-

2318 2915 2391 2971 do
2423 2917 2707 2973 rationem
2740 2932 2917 2987 quare
2947 2916 3025 2974 sit
3051 2917 3507 2989 incorruptibile.

2401 3128 2618 3204 Circa
2685 3128 2904 3202 istam
2975 3127 3479 3225 quaestionem
3563 3127 3846 3225 aliquid
4009 3166 4078 3232 2·

2305 3255 2417 3320 est
2447 3253 2767 3334 certum,
2814 3244 3102 3342 aliquid
3137 3254 3252 3319 est
3282 3244 3630 3318 dubium.
3669 3247 3853 3320 Cer·
3882 3279 4084 3329 0021„OE
4103 3295 4242 3330 cor-

2301 3371 2487 3444 tum,
2538 3361 2741 3458 quod
2785 3363 3061 3436 coelum
3100 3385 3252 3434 non
3308 3371 3421 3436 est
3487 3362 3850 3438 substan·
3922 3357 4164 3406 ¹³⁰‘eum

2302 3481 2921 3579 tiaincorporea,
2959 3504 3133 3554 cum
3204 3481 3300 3554 sit
3358 3492 3732 3580 quantum
3776 3493 3850 3559 et

2302 3595 2692 3671 sensibile.
2740 3596 2928 3669 Cum
2974 3595 3206 3693 igitur
3249 3597 3326 3669 in
3363 3597 3630 3695 primis
3663 3623 3849 3697 ope-

2305 3713 2867 3798 ribusnaturee,
2927 3724 2998 3788 et
3058 3715 3629 3810 communibus,
3690 3741 3842 3791 non

2302 3830 2398 3903 sit
2441 3829 2925 3918 miraculum,
2972 3853 3127 3903 non
3163 3829 3305 3905 erit
3345 3829 3449 3904 ibi
3490 3832 3846 3908 accidens

2301 3946 2465 4020 sine
2533 3946 2931 4042 subjecto;
2993 3945 3227 4042 igitur
3302 3946 3407 4020 ibi
3467 3957 3582 4023 est
3657 3949 3846 4023 sub-

2301 4063 2579 4137 stantia
2610 4062 2954 4159 subjecta
2983 4062 3114 4137 tali
3144 4062 3544 4139 accidenti.

2400 4178 2657 4251 Primo
2715 4178 2948 4274 igitur
3005 4179 3433 4253 secundum
3493 4180 3846 4256 intentio·
3873 4207 4154 4258 Coelum
4125 4225 4249 4262 se-

2302 4319 2478 4368 nem
2558 4294 3008 4392 Philosophi
3104 4297 3384 4369 coelum
3478 4322 3634 4371 non
3730 4310 3845 4374 est
3930 4276 4218 4386 ἓῖῗιῖἓῖζῖ

2303 4412 2648 4508 ejusdem
2677 4422 2975 4487 naturae
3016 4437 3192 4487 cum
3235 4414 3399 4488 istis
3474 4416 3846 4493 inferiori·
3875 4397 4258 4522 ppstgugijffu

2305 4529 2477 4620 hus,
2572 4529 2780 4625 quia,
2890 4539 2973 4602 ut
3058 4531 3221 4603 vult
3324 4533 3847 4634 Philosophus
3877 4522 4262 4638 ἀξῗζθῑξζζξ·

2297 4646 2556 4740 primo
2598 4645 2691 4718 de
2736 4643 2975 4738 Coelo,
3022 4653 3203 4720 teret.
3260 4671 3455 4722 com.
3511 4651 3629 4722 20.
3681 4677 3848 4726 mo·
3900 4647 4230 4762 :argaei-1-

2306 4770 2431 4833 tus
2461 4760 2831 4834 natuialis
2862 4770 3050 4834 esta
3092 4763 3368 4853 medio,
3405 4766 3527 4839 vel
3569 4769 3663 4842 ad
3700 4793 3852 4844 me-

2309 4877 2518 4950 dium
2588 4877 2797 4950 illius
2865 4878 2997 4963 rei,
3067 4902 3240 4976 quae
3318 4892 3432 4955 est
3507 4884 3850 4980 ejusdem

2311 5005 2606 5070 naturae
2662 5018 2834 5068 cum
2878 4997 3258 5071 elemento
3301 5000 3418 5074 vel
3446 5002 3855 5080 elementa·

2311 5120 2441 5206 to;
2488 5112 2621 5187 sed
2688 5125 2941 5186 motus
3008 5112 3182 5186 coeli
3241 5124 3354 5188 est
3422 5117 3625 5194 circa
3692 5145 3856 5196 me-

2314 5229 2553 5304 dium.

2409 5346 2636 5420 Dices
2676 5369 2813 5443 per
2836 5345 3183 5421 eamdem
3212 5347 3616 5443 rationem,
3656 5352 3857 5450 ignis

2313 5488 2470 5537 non
2512 5463 2655 5539 erit
2684 5463 3028 5561 ejusdem
3070 5474 3369 5540 naturae
3414 5491 3588 5541 cum
3662 5471 3859 5549 inse-

2314 5581 2674 5676 rioribuS‚
2746 5580 2931 5680 quia
3031 5593 3401 5680 perpetuo
3504 5600 3856 5664 movetur
