4295 6326
112 597 229 646 Nec
261 597 357 645 Da·

159 673 325 711 masc.

109 3040 181 3090 Ad
218 3040 377 3089 ratio·

81 3118 196 3152 nem
229 3116 394 3167 oppo-

82 3171 229 3215 sitam
253 3182 304 3215 n.
344 3169 390 3215 5.

101 3231 168 3279 Ex
207 3231 368 3279 inite-

106 3296 364 3345 tabilitate

83 3375 183 3409 nou
219 3364 367 3408 recte

95 3424 363 3487 colligitur

84 3488 369 3540 character.

88 5452 101 5575 *v—2
88 5388 91 5389 =

1528 403 1753 473 DIST.
1804 404 1923 475 VI.
1977 405 2395 486 QUAESTIO
2445 405 2632 475 VlIl.
3491 406 3621 474 643

516 576 674 652 Nec
739 576 1025 651 dictum
1098 579 1554 653 Damasceni
1641 580 1965 652 multum

420 696 656 769 estad
702 696 1180 794 propositum
1252 698 1327 769 in
1398 722 1479 771 se
1540 698 1710 771 sine
1777 698 1966 771 falso

423 815 844 903 intellectu,
908 827 979 890 et
1032 819 1230 891 male
1297 817 1811 912 allegantibus
1866 818 1971 914 ip-

423 956 622 1006 sum.
659 931 828 1005 Non
872 933 1075 1006 enim
1121 933 1301 1006 dicit
1358 935 1561 1031 quod
1614 933 1700 1007 in
1745 934 1969 1007 nobis

422 1049 496 1121 in
541 1049 1087 1146 Baptismoxsit
1150 1073 1372 1123 novae¹
1433 1050 1612 1123 vitae
1673 1073 1812 1147 per
1862 1049 1969 1122 si-

422 1164 693 1260 gillum
765 1166 1274 1260 regeneratio,
1330 1166 1461 1239 sed
1523 1166 1705 1238 dicit
1762 1166 1966 1263 quod

412 1284 518 1360 sit
556 1308 775 1359 norae
838 1286 1015 1360 rllae
1094 1287 1564 1383 reqeneralz'o
1643 1293 1716 1359 et
1763 1284 1971 1381 Sissil-

424 1400 607 1474 lam.
650 1401 868 1476 Unde
914 1403 1149 1476 verba
1201 1403 1527 1476 duarum
1583 1402 1966 1476 clausula-

422 1543 590 1592 rum
664 1520 1279 1615 incognatarum‚
1381 1519 1968 1615 conjunguntur

422 1637 565 1710 sibi
613 1636 971 1728 invicem,
1005 1659 1091 1710 ac
1124 1636 1185 1709 si
1230 1636 1540 1728 diceret,
1586 1637 1659 1709 et
1726 1659 1817 1709 ex
1879 1637 1968 1709 is-

420 1752 516 1826 tis
548 1752 850 1826 duabus
884 1752 1583 1850 propositionibus:
1612 1751 1835 1825 homo
1862 1758 1971 1826 est

422 1872 724 1946 animal
782 1871 1188 1959 rationale,
1284 1873 1547 1946 asinus
1634 1878 1742 1945 esl
1807 1871 1969 1945 ani-

420 1987 582 2062 mal
618 1987 1102 2080 irrationale,
1157 1997 1653 2085 componeret
1708 1987 1960 2081 istam,

419 2107 643 2181 lzomo
706 2114 814 2181 est
843 2105 1144 2180 animal
1187 2104 1683 2198 irrationale3
1731 2115 1804 2179 et
1860 2105 1969 2179 in-

422 2225 695 2320 telligit
743 2225 906 2322 ipse
973 2223 1318 2321 sitst'llam
1394 2234 1962 2298 sacramentum

423 2341 821 2438 Baptismi,
904 2340 1109 2438 quod
1169 2350 1280 2414 est
1349 2341 1656 2436 signum
1733 2339 1969 2414 sensi-

425 2458 601 2542 bile,
660 2481 794 2554 per
849 2457 1050 2554 quod
1116 2457 1374 2532 anima
1440 2456 1968 2552 configuratur

424 2584 497 2648 et
536 2575 1008 2648 assimilatur
1053 2573 1382 2666 ChristO,
1444 2573 1739 2647 etiamsi
1797 2576 1969 2657 cha-

427 2700 675 2765 racter
709 2714 1107 2788 nunquam
1143 2701 1367 2765 esset.
1417 2690 1562 2763 Per
1585 2692 1730 2763 hoc
1763 2701 1968 2787 patet

427 2808 827 2905 responsio
872 2808 964 2881 ad
1006 2806 1462 2904 Dionysium
1507 2817 1578 2880 et
1656 2807 1967 2880 Damas-

426 2949 732 3000 cenum.

522 3041 627 3115 Ad
669 3041 1042 3115 rationem
1113 3039 1309 3126 dico,
1358 3039 1563 3135 quod
1598 3041 1763 3113 haec
1800 3064 1968 3136 pro-

425 3159 699 3257 positio
743 3169 856 3233 est
910 3159 1120 3251 salsa,
1178 3166 1741 3233 sacramentam
1811 3182 1966 3231 uon

424 3282 532 3349 est
606 3274 1040 3349 illiberabile
1121 3280 1194 3348 et
1278 3272 1713 3367 indelebile,
1817 3275 1963 3348 nisi

425 3392 607 3490 quia
667 3393 1036 3490 imprimit
1125 3394 1673 3484 characterem,
1768 3392 1966 3465 sicut

424 3502 777 3585 effectum
838 3510 1355 3603 indelebilem,
1419 3509 1603 3606 quia
1655 3534 1962 3585 omnem

424 3626 803 3713 effectum,
851 3650 1080 3723 quem
1130 3626 1356 3700 habet
1397 3636 1961 3699 sacramentum

423 3730 669 3844 posito
702 3748 1163 3821 charactere.
1209 3754 1454 3843 potest
1489 3744 1768 3818 habere
1796 3745 1959 3817 sine

422 3885 540 3953 ec,
587 3861 751 3959 ipso
793 3885 945 3934 non
984 3861 1229 3958 posito
1276 3889 1293 3953 ,·
1340 3883 1522 3954 ergo
1556 3858 1963 3957 superfluit

421 3979 671 4076 ipsum
710 4002 993 4074 ponere
1035 4002 1124 4052 ex
1149 3978 1313 4050 sola
1354 3987 1628 4050 natura
1669 3976 1957 4069 divina,

420 4095 617 4168 sicut
660 4093 1062 4191 probatum
1115 4101 1228 4167 est
1289 4092 1500 4190 prius
1554 4116 1686 4189 per
1727 4114 1999 4190 quar--

426 4221 579 4285 tum
672 4219 1240 4305 argumentum,
1302 4209 1488 4282 illud
1574 4210 1956 4302 videlicet,

426 4328 631 4399 Deus
673 4333 742 4399 el
784 4335 1058 4399 aalma
1092 4324 1293 4399 nillil
1345 4331 1583 4420 ayant
1637 4325 1956 4421 frastra.

421 4448 527 4518 Ex
556 4446 823 4519 eadem
880 4444 1085 4518 enim
1144 4443 1519 4540 pactione,
1559 4466 1712 4539 qua
1754 4443 1963 4517 Deus

420 4561 749 4636 instituit
792 4564 935 4635 tale
970 4561 1310 4655 signum,
1389 4584 1479 4634 ex
1542 4560 1808 4635 eadem
1853 4583 1966 4633 as-

418 4681 617 4753 sistit
641 4680 738 4771 ci,
780 4689 858 4751 ut
882 4679 978 4752 sit
1005 4702 1102 4751 un
1119 4703 1158 4751 u
1177 4703 1242 4750 m
1275 4678 1498 4773 signu
1515 4702 1581 4749 m
1612 4666 1960 4775 respectu

418 4795 829 4890 cujuslibet
861 4793 1166 4889 signati,
1209 4794 1324 4866 vel
1351 4792 1693 4885 effectus,
1732 4817 1961 4890 quem

419 4912 702 5005 signat,
754 4910 920 4983 sine
954 4932 1445 5006 quocumque
1507 4910 1656 4983 alio
1712 4910 1963 4982 dando

417 5027 620 5126 quod
655 5026 931 5122 signat.

518 5145 700 5219 Item
750 5145 938 5217 ratio
988 5153 1103 5216 est
1134 5143 1226 5216 ad
1270 5141 1737 5239 oppositum,
1786 5166 1963 5216 nam

421 5263 482 5335 si
559 5270 889 5361 ponatur
946 5262 1342 5333 character
1414 5282 1581 5333 esse
1653 5259 1964 5356 aliquod

425 5378 839 5476 positivum
896 5377 968 5448 in
1034 5375 1318 5461 anima,
1368 5385 1612 5472 potest
1675 5400 1807 5472 per
1848 5376 1966 5447 di—

421 5496 680 5568 vinam
730 5493 1148 5591 potentiam
1219 5492 1529 5584 auferri,
1602 5503 1672 5565 et
1741 5493 1835 5565 ab
1877 5515 1967 5565 ea

424 5611 690 5697 deleri,
728 5620 801 5683 et
849 5609 1173 5682 maxime
1217 5632 1389 5680 cum
1437 5607 1614 5681 insit
1648 5607 1712 5681 ei
1760 5608 1964 5681 acci-

2078 580 2508 673 dentaliter,
2556 591 2626 654 et
2699 605 2832 679 per
2873 582 3256 655 accidens.
3341 580 3487 655 Sed
3558 579 3621 651 si

2077 698 2335 771 anima
2377 709 2707 796 ponatur
2762 699 3231 795 configurari
3288 699 3618 790 ChristO,

2081 840 2213 912 per
2254 819 2397 891 hoc
2440 818 2646 914 quod
2680 818 3018 916 suscepit
3050 818 3273 891 talem
3337 826 3618 904 actum,

2079 933 2210 1030 qui
2263 934 2421 1029 jam
2468 935 2771 1008 transiit
2829 935 2904 1007 in
2971 935 3475 1033 pi·aeteritum,
3551 942 3625 1007 et

2077 1074 2215 1148 per
2255 1075 2740 1149 consequens
2789 1053 3307 1127 necessarium
3364 1063 3478 1127 est
3518 1052 3626 1150 ip-

2077 1192 2248 1241 sum
2280 1171 2940 1266 talemrecepisse,
2992 1171 3404 1268 quial)eus
3468 1194 3618 1243 non

2078 1290 2325 1378 potest
2365 1281 2610 1356 facere
2644 1283 2830 1373 quin
2869 1283 3086 1356 illum
3124 1282 3616 1380 suscepisset,

2076 1410 2530 1494 sequeretur
2584 1400 2785 1495 quod
2821 1400 2948 1474 illa
3008 1399 3363 1496 figuratio
3423 1408 3623 1484 osset

2077 1516 2394 1589 omnino
2438 1515 2874 1591 indelebilis
2920 1518 3161 1614 magis
3202 1541 3442 1616 quam,
3482 1543 3623 1616 po-

2079 1631 2334 1704 nendo
2376 1633 2893 1706 characterem
2933 1656 3099 1708 esse
3134 1615 3452 1733 formam
3498 1634 3621 1706 in-

2077 1751 2495 1823 haerentem
2542 1749 2821 1823 animae
2867 1778 2884 1842 ;
2930 1774 3112 1846 ergo
3171 1743 3412 1848 magis
3471 1752 3623 1832 sal-

2076 1876 2300 1940 vatur
2341 1867 2483 1940 isto
2528 1867 2751 1941 modo
2810 1868 3320 1942 indelebilitas
3371 1847 3621 1966 ‘'hujus

2076 1985 2567 2078 sacramenti,
2604 1987 2723 2059 vel
2761 1984 3068 2082 configu
3085 1986 3396 2060 rationis
3429 1987 3623 2084 bap-

2077 2101 2282 2174 tizati
2352 2101 2444 2174 ad
2510 2102 2927 2191 Christum,
2977 2126 3208 2199 quam
3262 2099 3619 2201 ponendo

2074 2221 2624 2294 characterem.

2607 2523 2968 2579 SCHOLIUM
3001 2525 3070 2580 11.

2144 2676 2682 2748 Resolsitssdandum
2707 2692 2852 2742 esso,
2883 2680 2939 2732 ct
2972 2675 3200 2731 infundi
3224 2675 3617 2732 characterem

2072 2783 2137 2821 ex
2169 2785 2217 2822 c.
2252 2767 2482 2833 Maiores
2514 2768 2584 2821 de
2617 2767 2775 2838 Bapt.
2815 2770 3008 2835 postca
3058 2767 3366 2821 delinitum
3420 2772 3505 2821 cst
3554 2765 3612 2821 in

2075 2857 2390 2913 Florentia.
2421 2857 2478 2911 in
2511 2858 2736 2912 decreto
2770 2857 3034 2925 Eugenii,
3081 2855 3315 2912 etTrid.
3369 2873 3510 2915 sess,
3562 2856 3614 2909 7.

2072 2963 2198 3002 cau.
2232 2948 2286 3003 9.
2320 2946 2447 3003 vide
2479 2945 2600 3003 loca
2632 2954 2969 3003 sanctorum
3029 2946 3179 3017 apud
3231 2945 3504 3002 Coccium
3537 2946 3617 3002 ci-

2074 3041 2280 3091 tatum.
2342 3037 2517 3092 Solvit
2579 3037 2764 3106 primo
2839 3042 3184 3108 argumenta
3253 3035 3615 3108 principalia.

2076 3127 2215 3184 Vide
2246 3144 2380 3184 eum
2416 3126 2597 3183 fusius
2629 3128 2699 3183 de
2733 3125 2925 3183 hocin
2961 3127 3141 3184 Oxou.
3176 3127 3270 3183 bic
3299 3134 3505 3200 quaest.
3558 3128 3613 3183 9.

2071 3239 2100 3272 a
2132 3234 2292 3273 num.
2329 3219 2382 3274 3.

2168 3393 2406 3467 Aliter
2437 3393 2714 3467 dicitur
2744 3394 2835 3468 ad
2871 3394 3378 3491 quaestionem
3410 3394 3613 3491 quod
3757 3408 3861 3475 11.

2071 3511 2467 3584 character
2534 3509 2999 3608 imprimitur
3054 3510 3126 3582 in
3189 3511 3610 3608 Baptismo,
3666 3524 3936 3642 rsszscaiourtizo

3918 3625 3935 3651 9

2071 3635 2143 3700 et
2186 3628 2329 3699 hoc
2396 3636 2703 3724 propter
2760 3626 3287 3700 auctoritatem
3353 3629 3617 3703 Eccle-
3691 3658 3910 3719 propter

2072 3742 2208 3816 sia}
2277 3743 2421 3816 sub
2501 3743 2953 3817 Innocentio
3043 3744 3170 3816 111.
3248 3752 3467 3817 (Μῖνα
3523 3745 3616 3819 cle
3645 3720 3970 3833 20⁸„205‘2232‘3‘

2070 3859 2299 3956 Bapt.
2347 3861 2611 3958 atejus
2666 3857 2906 3955 effect.
2954 3883 3016 3931 c.
3066 3860 3435 3959 MajoreS,
3482 3861 3611 3935 ubi
3645 3843 3969 3960 {ll-⁸233}

2071 3977 2234 4048 vult
2329 3976 2532 4072 quod
2603 3977 2945 4074 operatio
3034 3980 3612 4055 sacramentalis
3699 3984 3898 4087 “333¹’‘

2071 4094 2460 4192 imprimat
2526 4097 3077 4189 characterem,
3168 4096 3342 4171 licet
3411 4098 3612 4173 dicta

2070 4210 2237 4306 ejus
2282 4219 2590 4308 possent
2622 4210 2725 4283 ibi
2770 4211 3089 4285 faciliter
3119 4215 3420 4311 exponi.
3468 4215 3613 4289 Ta-

2076 4352 2245 4401 men
2328 4336 2633 4426 propter
2717 4328 3002 4402 dictum
3073 4332 3239 4424 ejus
3319 4341 3612 4405 tantum

2073 4444 2216 4516 hoc
2276 4451 2528 4533 teneO,
2612 4451 2726 4515 est
2795 4442 2998 4515 enim
3064 4444 3454 4539 possibile,
3542 4457 3615 4522 et

2074 4581 2228 4631 non
2264 4556 2588 4630 includit
2627 4557 3337 4649 contradictionem,
3385 4563 3610 4635 talem

2073 4677 2393 4748 formam
2431 4699 2653 4772 posse
2697 4700 2740 4748 a
2772 4676 2933 4750 Deo
2974 4675 3049 4748 in
3095 4676 3432 4752 animam
3476 4680 3619 4753 im-

2074 4792 2331 4890 primi.
2405 4792 2574 4864 Non
2664 4801 2916 4865 tamen
3000 4793 3168 4888 ejus
3226 4797 3610 4892 negativa,

2074 4905 2598 5002 scilicetquod
2643 4929 2794 4977 non
2868 4906 3114 4998 datur,
3185 4919 3430 5005 potest
3487 4912 3619 4986 de-

2078 5022 2512 5113 monstrari,
2559 5022 2755 5093 sicut
2789 5045 2928 5093 nec
2971 5021 3454 5099 affirmativa.
3505 5030 3609 5101 Ad

2074 5142 2217 5212 hoc
2252 5148 2706 5236 potestesse
2750 5162 2906 5213 uua
2960 5145 3468 5237 congruentia
3504 5154 3617 5219 ta-

2075 5255 2228 5329 lis:
2317 5256 2684 5349 Congruit
2743 5254 2831 5327 ad
2904 5255 3219 5330 sormam
3280 5260 3611 5335 nobilem
3679 5285 3932 5346 Congru-

2074 5384 2145 5445 ot
2192 5375 2626 5470 perlectam,
2673 5397 2839 5447 esse
2887 5374 3222 5470 aliquam
3284 5378 3615 5476 disposi-
3646 5354 3967 5461 ,ξέιξῗιῖιςρῖᾎι

2080 5490 2359 5563 tionem
2401 5490 2731 5563 nobilem
2765 5517 2782 5581 ;
2815 5489 3256 5585 hujusmodi
3299 5507 3412 5570 est
3450 5522 3615 5592 gra·
3646 5477 3934 5525 character.

2078 5606 2205 5699 tia,
2243 5632 2417 5703 qua}
2478 5631 2781 5703 semper
2841 5606 2912 5678 in
2963 5608 3349 5704 Baptismo
3428 5640 3617 5690 eon..
