4295 6326
1424 467 1652 537 DIST.
1703 467 1959 538 XXVI.
2011 466 2430 547 QUAESTIO
2484 469 2719 538 UNIC.

119 648 194 698 Ad
243 653 412 743 ratio:
470 645 541 709 et
596 637 748 712 vita
816 641 1271 737 spiritualiS,
1335 644 1503 718 dico
1556 643 1762 740 quod
1822 644 2019 717 sicut

141 723 405 828 nfflmpii.
471 752 620 825 vita
652 759 1072 855 corporalis
1112 761 1358 858 primo
1401 770 1514 835 est
1543 760 1616 833 in
1653 760 2012 852 essentia,

165 842 405 892 Τὴοωω·
471 867 580 941 sic
649 872 861 944 radix
930 877 1402 972 operationis
1460 876 1897 968 meritoriae,
1944 886 2016 949 et

469 985 623 1058 vita
673 989 920 1084 primo
981 1003 1095 1065 est
1136 993 1214 1067 in
1255 994 1618 1091 potentia,
1658 1017 1833 1091 quae
1902 1002 2016 1067 est

471 1100 998 1181 immediatum
1027 1109 1492 1207 principium
1513 1109 2006 1208 operationis.

569 1221 680 1293 Ad
715 1223 952 1319 aliud,
1016 1227 1354 1301 concedo
1389 1227 1593 1324 quod
1635 1226 1831 1300 sicut
1888 1226 2015 1298 dat

474 1359 723 1431 ayere,
757 1339 861 1414 ita
892 1341 1018 1415 dat
1057 1366 1214 1416 esse
1247 1345 1394 1418 tale
1439 1342 1826 1441 potentiae.

569 1454 682 1526 Ad
732 1455 968 1550 aliud,
1024 1481 1198 1532 cum
1244 1458 1550 1553 dicitur,
1596 1459 2014 1557 acceptatio

120 1625 444 1677 affectioin-
473 1571 829 1647 essentiae
887 1573 1193 1665 sufficit,
1240 1576 1374 1650 sed
1425 1575 1785 1674 potentiae
1826 1599 2010 1668 non,

121 1687 406 1815 tereiggtgf·
470 1689 667 1779 dim,
749 1694 1169 1790 acceptatio
1265 1693 1628 1791 potentia}
1702 1692 2010 1786 sufficit,

135 1828 409 1929 q‘iffioss*
469 1806 600 1880 sed
670 1808 1026 1882 essentiae
1083 1833 1265 1902 non,
1339 1810 1521 1908 quia
1595 1809 2013 1907 acceptatio

356 1913 370 1927 ⁰
469 1923 856 2017 essentiae,
911 1948 1061 1998 non
1109 1937 1224 2001 est
1255 1926 1403 2000 nisi
1464 1928 1821 2024 quaedam
1878 1949 2015 2022 ge-

467 2041 755 2115 neralis
813 2044 1234 2140 acceptatio
1304 2045 1716 2141 cujuslibet
1783 2044 2007 2138 entis,

469 2155 675 2250 quod
740 2157 904 2229 vult
951 2180 1146 2233 esse.
1229 2158 1398 2233 Alia
1482 2169 1595 2233 est
1660 2169 2015 2258 accepta-

464 2270 569 2342 tio
656 2272 1011 2370 specialis
1077 2285 1441 2373 tanquam
1522 2276 1849 2350 ordinati
1919 2279 2010 2352 ad

468 2388 785 2485 bonum,
831 2391 1054 2489 cujus
1085 2403 1197 2468 est
1258 2417 1522 2491 capax.
1580 2397 1670 2469 Et
1711 2397 1854 2470 hoc
1900 2407 2013 2471 est

466 2514 776 2603 propter
841 2532 1035 2605 opus
1080 2509 1584 2605 meritorium,
1629 2513 1835 2609 quod
1904 2513 2011 2587 sic

466 2628 581 2694 est
611 2632 1043 2719 acceptum,
1088 2634 1162 2699 et
1198 2627 1340 2700 tale
1383 2650 1577 2724 opus
1611 2635 1725 2701 est
1753 2626 2012 2703 imme-

467 2733 665 2810 diate
698 2735 776 2809 in
805 2740 1173 2835 potentia,
1210 2750 1284 2815 et
1313 2764 1464 2815 non
1500 2741 1576 2814 in
1608 2742 1968 2816 essentia.

565 2853 653 2924 Et
683 2876 859 2925 cum
888 2853 1194 2950 dicitur,
1216 2857 1443 2953 prius
1470 2858 1834 2954 respexit,
1860 2867 2001 2932 etc.

464 2968 635 3042 dico
714 2970 917 3067 quod
1005 2971 1108 3045 ibi
1207 2982 1578 3047 vocantur
1653 2998 2001 3060 munera,

465 3109 700 3183 opera
767 3088 1170 3178 exteriora,
1236 3091 1367 3166 sed
1432 3092 1621 3166 Abel
1692 3101 2008 3166 vocatur

467 3201 768 3277 affectio
803 3204 1246 3301 intrinseca,
1283 3218 1356 3282 et
1403 3209 1619 3306 prius
1650 3219 1763 3283 est
1822 3207 2007 3283 affe-

471 3317 619 3391 ctio
679 3319 999 3394 interior
1064 3333 1400 3421 accepta,
1474 3347 1703 3421 quam
1774 3348 2009 3422 opera

470 3436 901 3528 exteriora3
967 3438 1136 3511 ideo
1205 3440 1397 3512 nihil
1473 3440 1661 3513 illud
1732 3452 1843 3514 est
1913 3442 2007 3516 ad

471 3553 950 3648 propositum
989 3554 1081 3628 de
1124 3556 1460 3652 potentia
1517 3566 1590 3630 et
1643 3558 2000 3632 essentia.

239 3676 308 3742 8.
568 3669 677 3742 Ad
722 3671 959 3765 aliud,
1024 3696 1195 3746 cum
1241 3673 1545 3768 dicitur,
1601 3676 1666 3748 si
1734 3699 2007 3773 accep-

146 3791 410 3853 Aceptnta
471 3785 655 3860 tatio
703 3798 903 3861 esset
967 3789 1212 3885 primo
1265 3790 1339 3862 in
1402 3791 1766 3888 potentia,
1850 3817 2001 3867 non

115 3853 424 3966 αἶὲτιιῖῗῗὲῗ
472 3911 674 3976 esset
706 3902 854 3975 nisi
888 3906 1228 4002 potentia
1267 3917 1682 4005 acceptata,
1721 3918 1794 3983 et
1828 3920 2008 3984 tunc

155 3983 405 4092 εἶῖἓζῗῗιῗ.
473 4041 623 4092 non
714 4030 1027 4118 propter
1094 4021 1315 4096 istam
1408 4035 1664 4098 essent
1739 4051 2007 4101 omncs

470 4135 647 4210 aliae
688 4148 1126 4235 acceptatae,
1163 4141 1293 4215 sed
1329 4152 1723 4239 acceptata
1754 4166 2010 4217 essen-

471 4252 574 4325 tia
605 4276 874 4328 omnes
914 4254 1086 4330 aliae
1119 4257 1481 4354 potentiae
1523 4267 1704 4332 sunt
1733 4283 2009 4357 accep-

122 1193 196 1242 Ad
241 1206 440 1243 seeun-

211 1255 355 1306 dam.

173 1437 252 1511 Αᾴ
284 1442 395 1488 ter·

210 1506 362 1550 uam.

154 1562 306 1613 Prius
329 1567 414 1615 est

3546 462 3672 530 133

2127 651 2330 718 tatae.
2379 644 2566 719 Dico
2600 646 2801 744 quod
2856 645 2995 720 etsi
3054 668 3205 716 non
3271 649 3471 716 esset
3514 637 3660 711 nisi

2131 784 2287 834 una
2344 772 2759 859 acceptata,
2817 772 2976 836 esto
3029 759 3232 859 quod
3296 754 3664 830 habitudo

2127 877 2582 952 consisteret
2633 879 2710 952 in
2764 878 3207 977 operatione
3261 874 3492 946 unius
3542 894 3669 968 po-

2129 994 2414 1089 tentiae,
2465 996 2717 1069 adhuc
2782 1006 3089 1094 propter
3132 995 3352 1068 istam
3407 1000 3667 1088 poten*

2127 1109 2338 1204 tiam,
2372 1111 2704 1186 essentia
2745 1123 2818 1186 et
2841 1134 3109 1185 omnes
3150 1108 3322 1183 aliae
3389 1115 3666 1205 poten-

2127 1226 2254 1300 tiae
2314 1238 2541 1301 erunt
2619 1238 3058 1327 acceptatae.

2223 1343 2333 1416 Ad
2370 1344 2604 1431 aliud,
2661 1344 2826 1417 dico
2859 1344 3066 1442 quod
3110 1340 3349 1437 magis
3412 1337 3665 1435 requi·
3729 1345 3989 1458 A‘iaffi'.⁸“

2126 1456 2321 1530 ritur
2360 1456 2760 1555 dispositio
2796 1459 2871 1530 in
2913 1455 3320 1556 principali
3356 1461 3660 1549 agente,

2126 1595 2359 1669 quam
2427 1573 2503 1646 in
2547 1573 3059 1648 instrumento
3100 1572 3173 1644 in
3220 1568 3664 1667 operatione

2127 1687 2545 1781 meritoria,
2637 1689 2697 1761 si
2783 1688 3382 1761 instrumentum
3466 1690 3669 1756 esset

2126 1802 2636 1877 extrinsecum
2711 1802 3114 1902 principali
3185 1798 3467 1896 agenti.
3515 1797 3663 1871 Sed

2125 1921 2435 2017 quando
2487 1922 3084 1995 instrumentum
3128 1929 3242 1995 est
3299 1917 3662 2015 idipsum,

2124 2038 2327 2134 quod
2356 2038 2806 2137 principale,
2847 2038 3089 2135 magis
3130 2036 3353 2110 dehet
3379 2034 3666 2107 instru-

2129 2167 2469 2230 mentum
2540 2155 3033 2231 determinari
3099 2177 3329 2252 quam
3390 2150 3666 2250 princi-

2123 2276 2320 2373 pale,
2375 2298 2548 2349 cum
2603 2274 2699 2347 sit
2738 2272 3204 2371 principium
3259 2269 3666 2343 immedia-

2124 2402 2282 2465 tum
2355 2390 2868 2489 operationis3
2935 2412 3140 2463 nunc
3209 2396 3462 2461 autem
3538 2408 3665 2482 po-

2121 2507 2361 2582 tentia
2402 2532 2555 2581 non
2591 2516 2703 2581 est
2738 2530 2858 2580 res
2891 2505 3040 2579 alia
3072 2505 3166 2580 ab
3196 2500 3554 2578 essentia.

2219 2624 2332 2697 Ad
2408 2622 2615 2696 aliud
2694 2623 2786 2697 de
2871 2618 3405 2716 congruentia,
3487 2616 3656 2690 dico
3719 2624 3979 2739 Aqugin-

2120 2740 2324 2837 quod
2360 2740 2619 2837 aliqua
2672 2748 2785 2813 est
2815 2736 3354 2813 convenientia
3394 2734 3469 2807 in
3503 2742 3660 2806 tota
3690 2752 3759 2801 oe
3799 2727 3984 2863 ima'gi(3

2118 2860 2455 2931 essentia
2472 2854 2751 2930 animae
2776 2855 2869 2929 ad
2888 2853 3302 2950 imaginem
3319 2868 3658 2947 compre-
3688 2829 4006 2928 313223133.

2119 2973 2530 3048 hendendo
2573 2972 2979 3070 potentias,
3019 2980 3100 3045 ut
3145 2970 3288 3044 sub
3330 2967 3655 3059 actibuS,
3740 2955 3792 3004 ‘³'
3822 2940 3915 2991 ¹¹¹‘·

2118 3101 2193 3166 et
2219 3090 2464 3187 gratia
2504 3089 2762 3187 aliquo
2809 3088 3032 3162 modo
3066 3088 3428 3161 reformat
3465 3084 3661 3156 ima-

2116 3205 2376 3302 ginem
2446 3205 2978 3297 deformatam,
3059 3203 3235 3277 licet
3325 3224 3480 3274 non
3566 3199 3663 3272 sit

2119 3322 2559 3396 immediate
2635 3322 2707 3395 in
2782 3320 3142 3395 essentia.
3214 3319 3353 3392 Vel
3414 3324 3663 3414 potest

2119 3442 2268 3516 dici
2337 3441 2542 3538 quod
2613 3440 2949 3515 essentia
3023 3440 3304 3514 animae
3358 3459 3664 3533 semper

2119 3559 2665 3657 correspondet
2737 3558 3004 3631 unitati
3049 3562 3406 3631 essentiae
3465 3554 3666 3626 divi-

2121 3702 2271 3771 nae,
2353 3689 2423 3751 et
2518 3685 3019 3776 repraesentat
3093 3673 3662 3748 distinctionem

2119 3819 2660 3894 personarum,
2712 3804 2791 3868 ut
2857 3793 3218 3892 potentiae
3287 3799 3465 3902 sunt
3520 3789 3663 3863 sub

2120 3913 2444 4000 actibus,
2511 3912 2683 3986 ideo
2757 3912 3002 4007 magis
3071 3916 3316 4006 potest
3383 3904 3660 3980 salvari

2120 4026 2626 4123 congruentia
2661 4054 2678 4118 3
2725 4026 2787 4099 si
2832 4023 3266 4098 immediate
3297 4022 3392 4096 sit
3418 4018 3664 4116 gratia

2120 4144 2197 4217 in
2235 4143 2576 4242 potentia
2608 4164 2836 4239 quam
2872 4142 2949 4214 in
2985 4139 3343 4216 essentia.
