4295 6326
625 443 750 511 156

624 620 867 688 totum
947 640 1375 695 remanere.
1446 619 1619 694 Non
1677 626 1931 693 tamen
1974 640 2174 714 nego

626 728 815 828 quin
882 733 1093 809 Deus
1171 734 1418 831 possit
1502 735 1747 809 facere
1821 733 2166 809 eamdem

626 847 1023 923 materiam
1060 851 1170 925 sic
1210 851 1354 926 sub
1390 850 1650 926 formis
1695 850 2048 942 diversis,
2104 859 2179 923 et

628 965 834 1061 quod
899 974 1193 1041 tantum
1262 966 1619 1043 differant
1670 990 1910 1065 panes
1979 968 2179 1040 inter

629 1103 710 1155 se
779 1104 917 1179 per
1011 1085 1326 1158 formam
1414 1084 1993 1159 substantialem
2103 1092 2180 1158 et

627 1196 1158 1293 quantitatem.
1222 1199 1505 1276 Tamen
1601 1200 1709 1275 sic
1795 1210 2180 1298 oporteret

627 1315 833 1412 quod
872 1324 1084 1390 tanta
1117 1316 1314 1392 foret
1354 1318 1851 1393 condensatio
1885 1316 1960 1390 in
2021 1325 2178 1392 toto

632 1431 1023 1527 univerSO,
1088 1444 1375 1532 quanta
1429 1443 1544 1509 est
1609 1434 1739 1509 illa
1782 1434 2178 1509 rarefactio

630 1550 832 1623 ultra
870 1571 1181 1624 cursum
1235 1560 1557 1626 naturae.
1615 1551 1900 1625 Eodem
1953 1551 2179 1625 modo

632 1673 835 1741 esset
866 1665 943 1739 in
997 1667 1451 1743 formatione
1510 1668 1853 1765 corporis
1903 1669 2183 1743 mulie-

630 1783 738 1857 ris
769 1806 861 1858 ex
901 1792 1136 1879 costa,
1173 1809 1263 1860 ex
1297 1808 1450 1883 quo
1493 1785 1707 1884 prius
1747 1810 1880 1861 aer
1932 1789 2183 1884 reple-

629 1899 741 1973 vit
772 1899 985 1973 illum
1024 1902 1307 1995 locum,
1345 1925 1571 2001 quem
1608 1911 1872 2001 postea
1902 1927 2182 2002 corpus

635 2014 1011 2109 mulie1·iS‚
1056 2027 1443 2115 oporteret
1482 2019 1684 2116 quod
1728 2042 1859 2094 aer
1914 2020 2185 2095 fuisset

634 2134 1182 2228 condensatus,
1216 2146 1290 2211 et
1328 2136 1437 2210 sic
1501 2147 1933 2213 remaneret
1994 2162 2184 2213 con-

637 2250 986 2325 densatio
1055 2252 1540 2347 innaturaliS,
1612 2254 1952 2351 quandiu
2025 2258 2185 2331 Eva

284 2371 386 2422 Sed
429 2385 606 2436 neque
637 2364 957 2438 viveret.
991 2365 1124 2441 Vel
1161 2367 1224 2441 si
1258 2376 1468 2442 costa
1499 2367 1638 2442 fuit
1668 2367 1832 2442 sine
1868 2370 2187 2444 materia

282 2432 606 2562 hgfifgffig·
641 2506 846 2557 nova
887 2484 1421 2583 multiplicata,
1473 2487 1595 2561 vel
1630 2486 1731 2561 ibi
1772 2487 1914 2561 fuit
1943 2488 2186 2562 forma

283 2561 602 2674 ssssli'gl'ilf'ncl'.
638 2600 804 2675 sine
857 2602 1203 2695 materia,
1278 2605 1396 2677 vel
1491 2602 1756 2678 eadem
1836 2606 2182 2700 materia,

320 2689 399 2736 ¹⁰·
436 2701 489 2751 ‘¹‘
521 2689 567 2737 ²'
637 2717 782 2791 sub
813 2717 1137 2792 diversis
1162 2718 1423 2793 formis
1454 2719 1753 2794 atomis,
1791 2722 1880 2794 Et
1908 2731 2188 2819 praeter

634 2835 809 2928 hoc,
867 2835 1007 2910 etsi
1087 2835 1366 2911 virtute
1449 2835 1709 2910 divina
1768 2836 1899 2913 illa
1963 2839 2184 2937 pueri

638 2953 887 3051 portio
931 2964 1275 3029 resecata
1305 2980 1348 3029 a
1387 2965 1629 3053 patre,
1673 2965 1875 3031 esset
1918 2958 2186 3032 multi-

634 3067 915 3166 plicata
953 3067 1029 3141 in
1062 3092 1172 3163 se,
1215 3078 1602 3168 oporteret
1660 3079 1917 3146 tamen
1969 3072 2176 3146 illam

631 3183 1025 3258 materiam
1081 3208 1478 3261 remanere
1532 3208 1775 3285 usque
1835 3187 1927 3261 ad
1973 3187 2177 3262 diem

624 3299 926 3400 judicii,
965 3311 1037 3377 et
1078 3301 1187 3376 sic
1218 3311 1505 3378 tantam
1547 3326 1715 3379 esse
1765 3305 2184 3380 condensa·

635 3416 916 3491 tionem
1014 3416 1528 3493 innaturalem
1630 3418 1708 3492 in
1808 3442 2012 3513 aere,
2106 3432 2183 3496 et

627 3531 992 3609 omnihus
1045 3533 1217 3609 aliis
1257 3533 1734 3632 corporihuS,
1798 3546 2177 3635 quantum

628 3651 1123 3748 repleverunt
1163 3652 1257 3727 de
1317 3654 1482 3727 loco
1534 3653 1796 3729 omnia
1853 3677 2179 3753 corpora

631 3766 1033 3841 hominum
1068 3769 1163 3843 ab
1193 3768 1434 3843 Adam
1470 3792 1714 3867 usque
1750 3771 2004 3845 modo.

416 3902 479 3968 5,
732 3882 824 3956 Et
853 3882 1230 3978 similiter,
1274 3907 1448 3959 cum
1493 3885 1602 3959 illi
1645 3909 1884 3984 panes
1925 3888 2184 3977 Evan-

309 4020 371 4093 πῃ
399 4016 571 4069 mulu-
635 3998 860 4096 gelici
909 4000 1255 4075 conversi
1313 4000 1465 4074 sint
1528 4000 1601 4074 in
1651 4011 2002 4077 naturam
2065 4029 2185 4079 co-

279 4081 585 4207 glit‘issiifssg
635 4115 1137 4210 medentium,
1222 4117 1354 4192 illa
1428 4118 1748 4194 materia
1825 4121 2183 4220 multipli-

280 4209 602 4320 ξᾏθῶζῖρῗᾷῗ
632 4243 796 4308 cata
841 4233 914 4305 in
961 4257 1041 4308 se
1084 4235 1510 4310 remanebit
1544 4259 1785 4336 usque
1847 4238 1920 4311 in
1976 4240 2174 4314 diem

621 4350 923 4448 judicii,
969 4359 1043 4425 et
1082 4361 1292 4426 tanta
1332 4352 1828 4428 condensatio
1864 4354 2181 4431 innatu-

636 4466 817 4541 ralis
859 4467 1002 4542 erit
1033 4468 1112 4541 in
1145 4467 1316 4542 aliis
1366 4469 1818 4567 corporibus
1870 4483 2182 4570 propter

631 4583 1272 4680 irregularitatem
1347 4584 1870 4660 rarefactionis
1937 4597 2183 4662 mate-

631 4699 767 4773 riae
799 4698 1143 4797 quinque
1179 4722 1460 4797 panum
1502 4729 1520 4795 3
1559 4700 1729 4776 ideo
1764 4725 1916 4775 non
1953 4704 2179 4778 credo

630 4816 835 4913 quod
871 4817 1130 4912 aliqua
1158 4839 1359 4891 nova
1389 4818 1709 4892 materia
1748 4819 1890 4892 fuit
1929 4830 2184 4897 creata

635 4941 806 5029 post
837 4931 1023 5004 illud
1060 4931 1395 5029 primum
1427 4934 1685 5007 chaos.

733 5047 986 5133 Quare
1039 5045 1275 5142 igitur
1319 5048 1680 5123 videntur
1741 5050 1996 5126 Sancti
2078 5053 2184 5126 di-

632 5186 802 5238 cere
836 5162 1042 5259 quod
1076 5163 1616 5261 multiplicavit
1673 5165 1859 5241 istos
1910 5192 2177 5266 paneS,

629 5304 784 5354 non
818 5281 1168 5356 addendo
1213 5281 1635 5355 materiam.

729 5398 920 5474 Dico
1010 5398 1207 5472 sicut
1289 5397 1470 5472 dicit
1555 5400 2034 5496 Augustinus
2102 5403 2178 5476 in

635 5517 969 5614 quadam
1036 5515 1372 5590 Homilia
1429 5539 1664 5614 super
1716 5518 1940 5595 Joan.
2018 5521 2184 5594 Mi-

632 5639 906 5709 rantur
969 5631 1316 5708 homine-3
1418 5631 1513 5707 de
1575 5634 1754 5708 vino
1824 5659 1921 5710 esc
1985 5661 2185 5737 aqua

2040 442 2275 512 LlBRl
2326 443 2412 511 11.

2285 615 2488 714 sacto
2523 617 2602 691 in
2632 615 2854 714 festa,
2891 621 3235 691 ettamen
3266 640 3421 690 non
3452 615 3836 689 mirantur

2289 758 2460 806 cum
2517 732 2655 808 lzoc
2719 731 2859 830 fiat
2923 734 3324 808 annuatim
3409 733 3490 806 in
3574 732 3827 806 vinea.

2286 848 2758 923 Mimo-ulum
2796 851 2999 923 enim
3032 849 3192 945 fuit
3218 872 3495 947 aquam
3554 848 3831 921 imme-

2290 966 2496 1040 diate
2560 964 2803 1062 fuisse
2869 989 3309 1039 conversam
3361 965 3442 1038 in
3509 963 3829 1053 vinum3

2290 1092 2570 1157 natzcra
2628 1089 2882 1156 autem
2947 1082 3086 1157 hoc
3142 1083 3336 1180 facit
3387 1104 3535 1178 per
3594 1078 3837 1153 multa

2291 1200 2573 1275 media.
2637 1199 2762 1274 Sic
2832 1200 2999 1274 dico
3063 1200 3266 1298 quod
3336 1222 3467 1274 aer
3519 1197 3839 1272 circum-

2291 1326 2504 1391 stans
2528 1316 2873 1416 quinque
2906 1340 3146 1415 panes
3170 1340 3323 1392 non
3352 1315 3490 1390 fuit
3519 1314 3837 1389 materia

2290 1433 2641 1530 proxima
2671 1433 2805 1506 toti
2843 1443 3167 1520 naturae,
3209 1443 3289 1506 ut
3333 1431 3574 1531 possit
3616 1431 3829 1504 illum

2292 1560 2739 1624 convertere
2825 1550 2900 1622 in
3004 1548 3312 1647 panem]
3370 1547 3832 1636 immediate,

2294 1666 2425 1741 sed
2489 1689 2625 1764 per
2691 1666 2926 1741 multa
2984 1666 3260 1740 media.
3335 1665 3508 1739 Fuit
3582 1673 3831 1739 tamen

2292 1778 2454 1856 Deo
2509 1782 2826 1857 materia
2905 1782 3278 1881 proxima,
3344 1781 3526 1880 quia
3579 1781 3838 1855 imme-

2292 1897 2492 1971 diate
2569 1898 2816 1995 potuit
2881 1907 3326 1973 convertere
3413 1897 3489 1969 in
3559 1920 3836 1995 panem

2294 2012 2511 2087 illum
2601 2037 2885 2107 aerem,
2966 2015 3088 2089 vel
3176 2014 3609 2112 proximum
3686 2012 3838 2086 cir-

2293 2140 2711 2204 cumstans.
2757 2130 3298 2228 Multiplicavit
3335 2130 3568 2226 igitur
3607 2128 3839 2228 quin-

2295 2270 2443 2347 que
2522 2272 2789 2346 paneS‚
2852 2260 2925 2323 et
2979 2273 3129 2323 non
3203 2273 3340 2348 per
3370 2249 3834 2323 additionem

2297 2365 2663 2459 materiae,
2726 2388 2903 2463 quae
2966 2366 3230 2441 fuisset
3318 2366 3634 2441 materia
3692 2365 3836 2463 ipsi

2294 2491 2593 2556 naturae
2700 2481 3092 2557 sufficiens
3196 2507 3331 2581 per
3458 2484 3836 2558 actionem

2296 2620 2542 2671 suam.
2618 2597 2743 2672 Sic
2813 2598 3097 2673 habent
3171 2600 3491 2696 intelligi
3568 2623 3838 2675 omnes

2295 2715 2815 2809 auctoritateS,
2885 2739 3063 2814 quoe
3128 2717 3487 2792 videntur
3562 2740 3837 2791 sonare

2294 2831 2791 2906 contrarium.

2832 3146 3198 3205 SCHOLIUM
3238 3150 3309 3206 11.

2362 3302 2689 3370 Refutatur,
2721 3301 2873 3375 quod
2908 3302 2986 3357 ait
3017 3301 3315 3374 Magister,
3348 3301 3566 3374 prolem
3596 3303 3831 3359 abscin-

2290 3394 2348 3451 di
2382 3396 2452 3450 ds
2475 3394 2812 3452 substantia
2841 3393 3046 3468 patris,
3079 3393 3219 3466 quia
3260 3396 3580 3453 secundum
3631 3396 3826 3453 Philo·

2290 3483 2532 3556 sophum
2567 3483 2632 3539 nt
2650 3483 2722 3541 de
2754 3488 3053 3540 menstruo
3085 3482 3349 3541 mulieris
3382 3502 3397 3552 ;
3428 3490 3486 3542 et
3535 3487 3584 3541 si
3622 3484 3831 3542 mulier

2291 3580 2609 3647 peccasset,
2641 3581 2695 3630 et
2742 3574 2827 3629 vir
2876 3589 3014 3640 non,
3051 3574 3293 3631 materia
3339 3573 3545 3632 suisset
3589 3574 3825 3643 infecta,

2292 3675 2488 3720 tamen
2518 3681 2633 3720 non
2668 3665 2874 3722 suisset
2920 3671 3222 3737 peccatum
3272 3666 3573 3738 originale.
3619 3667 3826 3723 Praete·

2293 3771 2415 3822 rea,
2475 3755 2730 3828 qualitas
2784 3756 3050 3811 morbida
3106 3757 3152 3811 si
3211 3756 3320 3812 suit
3374 3756 3433 3813 in
3491 3758 3735 3827 semine,
3769 3760 3828 3814 in

2284 3845 2531 3912 instanti
2562 3846 2950 3919 generationis
2982 3863 3095 3903 non
3136 3852 3246 3915 est,
3294 3846 3430 3920 quia
3483 3865 3589 3904 nec
3627 3864 3828 3906 semen

2286 3941 2373 3989 est
2403 3950 2419 4002 ;
2446 3949 2583 4006 ergo
2612 3939 2751 3989 tunc
2777 3949 2890 3988 non
2918 3934 3122 3991 inficit.

2386 4129 2602 4222 Item,
2648 4129 2908 4227 opinio
2935 4129 3281 4226 Magistri
3315 4142 3689 4229 quantum
3737 4135 3831 4209 ad
3998 4156 4063 4221 6,

2287 4246 2461 4338 hoc,
2548 4245 2753 4344 quod
2846 4247 3099 4343 proles
3195 4247 3670 4324 abscinditur
3737 4251 3830 4325 de
3901 4272 4169 4336 Magister

2287 4359 2716 4435 substantia
2740 4359 3005 4456 patris,
3060 4384 3213 4435 non
3265 4362 3568 4439 videtur
3621 4388 3827 4460 vera,
3863 4336 4203 4460 tlfflcuogrssss}

2289 4475 2471 4575 quia
2510 4478 2601 4552 de
2642 4477 2936 4552 semine
2968 4478 3206 4576 patris
3248 4503 3401 4554 non
3462 4481 3833 4556 formatur
3862 4460 4022 4572 ξιξ-ἒξ
4044 4473 4207 4573 ‘32¹3‘

2288 4616 2569 4690 corpus
2610 4593 2874 4690 prolis,
2909 4595 3032 4668 vel
3061 4594 3400 4692 spiritus,
3472 4597 3603 4672 sed
3658 4608 3833 4673 tan·
3955 4585 4123 4636 ΗΘΜ·

2287 4716 2447 4783 tum
2510 4708 2602 4782 de
2671 4718 3067 4783 menstruo
3137 4711 3512 4807 mulieriS‚
3555 4715 3836 4788 utvult

2289 4824 2810 4923 Philosophus
2842 4853 2892 4899 1.
2947 4826 3040 4901 de
3089 4827 3275 4902 Gen.
3312 4829 3829 4926 Animalium,

2288 4949 2362 5016 et
2423 4942 2492 5014 2.
2567 4942 2701 5016 Vel
2765 4952 2926 5016 esto
2997 4944 3200 5040 quod
3298 4946 3396 5026 de,
3475 4956 3832 5045 utroque,

2289 5057 2544 5131 adhuc
2621 5056 3127 5156 principalius
3217 5059 3301 5133 fit
3380 5085 3661 5160 corpus
3744 5065 3835 5138 de

2290 5185 2683 5248 menstruo
2716 5176 3089 5263 mulieriS,
3127 5199 3353 5274 quam
3391 5179 3482 5255 de
3543 5181 3836 5257 semine

2288 5293 2552 5390 patris.
2627 5295 2716 5367 Et
2780 5317 2871 5369 ex
2938 5295 3069 5369 illo
3140 5296 3466 5370 solvitur
3518 5299 3839 5374 ulterius

2291 5433 2447 5484 una
2539 5409 2890 5507 quaestiO,
2990 5421 3151 5485 esto
3242 5414 3443 5511 quod
3562 5417 3840 5491 mulier

2287 5534 2705 5624 peccasset,
2790 5536 2863 5601 et
2943 5528 3062 5601 vir
3143 5553 3326 5619 non,
3405 5554 3502 5605 an
3588 5533 3840 5609 adhuc

2291 5643 2549 5739 proles
2614 5641 2882 5718 fuisset
2938 5644 3031 5719 de
3101 5645 3420 5721 materia
3478 5647 3756 5724 infecta
3802 5649 3843 5722 ⁴?
