4295 6326
134 5094 288 5156 Opinio

122 5158 316 5216 aliorum.

1465 461 1690 529 DIST.
1742 461 1898 530 ΧΙΙ.
1953 462 2370 543 QUAESTIO
2420 465 2537 532 lv.
3502 469 3581 535 21

401 660 471 709 se
552 645 990 731 generatur,
1092 659 1228 733 per
1315 658 1395 709 se
1474 645 1843 733 operatur
1914 665 1930 729 ;

404 750 621 845 igitur
696 763 811 825 est
914 775 1048 849 per
1145 775 1224 825 se
1296 775 1536 824 unum
1605 780 1621 843 3
1707 751 1939 847 igitur

401 893 539 941 non
642 868 963 942 includit
1076 868 1460 962 accidens,
1570 869 1752 965 quia
1829 890 1937 942 ’ex

399 984 818 1059 substantia
940 994 1013 1059 et
1109 983 1503 1059 accidente
1604 1009 1757 1057 non
1856 984 1941 1057 fit

400 1104 535 1177 nisi
591 1128 731 1179 ens
794 1127 929 1202 per
979 1105 1361 1177 accidens.
1450 1103 1707 1177 Prima
1767 1127 1941 1176 con-

398 1224 795 1320 sequentia
863 1232 1092 1321 patet,
1168 1223 1356 1319 quia·
1416 1222 1712 1319 primus
1795 1232 1940 1296 ter-

400 1343 648 1416 minus
761 1342 1282 1439 generationis
1376 1351 1490 1416 est
1604 1364 1735 1439 per
1858 1364 1938 1415 se

399 1484 622 1554 unuS,
715 1470 789 1533 et
868 1484 1003 1557 per
1072 1483 1152 1533 se
1241 1482 1568 1557 operans
1638 1483 1773 1557 per
1860 1481 1939 1532 se

400 1600 660 1650 ununL

951 1875 1309 1931 SCthLlUM
1353 1873 1393 1928 1.

463 2030 760 2102 Explicato
794 2030 936 2084 bene
968 2046 1139 2084 sensu
1176 2025 1521 2099 quaestionis
1572 2030 1815 2096 quartae,
1848 2038 1940 2078 os-

394 2123 574 2179 tendit
618 2138 940 2194 repugnare
995 2119 1389 2175 substantiam
1447 2116 1796 2173 individuari
1848 2129 1946 2185 per

393 2213 681 2269 accidens.
736 2212 952 2279 Primo,
1007 2210 1144 2281 quia
1192 2210 1337 2265 alias
1387 2209 1586 2264 eadem
1614 2203 1946 2262 substantia

394 2306 553 2360 fieret
583 2305 734 2374 hoec,
770 2310 828 2359 et
861 2321 974 2359 non
1008 2303 1152 2371 haec,
1210 2305 1434 2357 mutato
1475 2300 1795 2356 accidente.
1844 2298 1945 2353 Se-

393 2397 608 2459 cund0‚
670 2397 811 2467 quia
868 2394 1195 2450 substantia
1243 2398 1332 2449 est
1391 2392 1546 2461 prior
1623 2391 1946 2456 accidente,

395 2486 543 2557 qnod
585 2485 896 2557 tripliciter
926 2486 1230 2556 probatur.
1272 2482 1485 2551 Tertio,
1529 2497 1593 2536 ex
1650 2480 1948 2535 coordina-

394 2576 547 2631 tione
585 2576 1200 2642 Praedicamentoruru,
1234 2572 1305 2628 de
1352 2588 1464 2643 quo
1511 2571 1689 2627 latius
1738 2570 1949 2626 Doctor

395 2667 721 2737 quaestione
781 2666 978 2721 citata.
1041 2663 1300 2718 Ostendit
1360 2662 1558 2732 etiam,
1629 2677 1948 2731 repugnare

392 2757 791 2813 substantiam
826 2755 1209 2827 compositam
1254 2751 1607 2817 individuari
1641 2768 1743 2824 per
1772 2758 1948 2808 mate·

392 2848 562 2914 riam,
597 2847 862 2916 alioquin
896 2847 1049 2901 idem
1085 2860 1326 2900 numero
1371 2848 1525 2899 esset
1578 2843 1837 2914 genitum
1888 2847 1945 2897 et

391 2946 755 3009 corruptum.
796 2938 930 2991 Vide
955 2937 1112 3008 plura
1145 2935 1297 3007 apud
1327 2933 1625 2989 Doctorem
1660 2933 1751 2988 hic
1785 2948 1943 2988 num.

389 3031 439 3083 5.
470 3032 623 3086 etin
657 3028 837 3084 Oxon.
869 3030 920 3083 2.
951 3027 1007 3083 d.
1044 3029 1093 3081 3.
1120 3044 1179 3100 q.
1208 3027 1261 3080 5.

488 3210 718 3283 Circa
829 3208 1011 3280 istas
1115 3204 1585 3301 quaestiones
1698 3203 1942 3302 primo

390 3330 706 3404 declaro
764 3350 939 3424 quae
1010 3325 1104 3399 sit
1188 3324 1510 3398 intentio
1579 3321 1943 3420 quaestio-

340 3447 536 3543 ·nis,
619 3468 770 3518 non
851 3442 1052 3517 enim
1135 3440 1510 3538 quaeritur
1597 3438 1779 3536 quid
1849 3436 1944 3512 sit

384 3564 858 3663 principium
939 3558 1502 3651 individuandi,
1555 3555 1940 3654 loquendo

382 3682 475 3756 de
584 3684 732 3754 hac
815 3677 1233 3752 intentione
1321 3673 1660 3748 secunda
1750 3672 1945 3745 incli-

381 3799 736 3883 viduum,
809 3795 990 3893 quia
1049 3793 1190 3868 ista
1238 3792 1561 3864 intentio
1617 3789 1945 3864 formali-

383 3925 496 3989 ter
573 3912 1005 3987 intentione
1081 3909 1281 3983 inest
1343 3907 1478 4000 rei,
1570 3906 1766 3980 sicut
1842 3907 1945 3979 al-

382 4031 671 4106 bedine
716 4027 1132 4104 formaliter
1172 4024 1460 4122 aliquid
1495 4033 1607 4099 est
1649 4024 1936 4118 album,

380 4160 452 4223 et
567 4146 917 4223 effective
1022 4153 1136 4218 est
1228 4166 1362 4240 per
1466 4142 1937 4216 intellectum

379 4273 865 4350 causantem,
956 4260 1128 4334 ideo
1226 4257 1601 4356 quaeritur
1691 4258 1781 4332 de
1859 4281 1939 4332 re

378 4377 738 4475 subjecta
797 4373 976 4448 huic
1025 4371 1458 4447 intentioni.
1519 4371 1676 4445 Nec
1739 4395 1944 4468 quae-

382 4500 582 4572 ritur
648 4498 741 4570 de
816 4518 968 4568 uno
1038 4515 1355 4567 numero
1452 4516 1588 4589 pro
1687 4490 1940 4565 inten-

376 4615 629 4707 tione,
681 4611 864 4710 quia
914 4610 1338 4685 secundum
1402 4607 1728 4707 aliquOS,
1782 4632 1938 4682 non

376 4741 492 4806 est
558 4751 940 4803 numerus
1000 4727 1147 4800 nisi
1220 4726 1297 4798 in
1369 4725 1782 4818 continuis,
1837 4724 1942 4798 ita

375 4848 595 4947 quod
690 4845 1017 4919 unitates
1102 4852 1282 4917 sunt
1360 4841 1435 4913 in
1523 4866 1601 4917 se
1692 4841 1942 4915 conti-

374 4989 596 5039 nuae.

478 5088 643 5165 Alii
744 5088 1008 5161 dicunt
1109 5085 1308 5181 quod
1427 5108 1937 5182 quencumque

381 5209 730 5284 unitates
784 5205 857 5277 in
913 5214 1080 5277 actu
1148 5202 1434 5276 faciunt
1498 5227 1935 5297 numerum,

376 5338 453 5402 et
538 5335 730 5398 tunc
826 5323 969 5394 hoc
1074 5329 1187 5394 est:
1278 5345 1517 5393 unum
1614 5345 1938 5396 numero

383 5443 691 5517 unitate
756 5421 1169 5511 formaliter
1226 5435 1566 5511 effective
1636 5439 1728 5512 ab
1789 5437 1942 5512 essi-

376 5561 672 5636 ciente.
736 5554 885 5630 Sed
952 5554 1132 5628 huic
1209 5554 1612 5628 intentioni
1677 5556 1938 5652 subja-

377 5698 562 5754 cere
670 5696 815 5762 ree,
888 5670 1178 5745 ratione
1266 5669 1485 5767 cujus
1560 5682 1939 5769 repugnat

2046 638 2152 712 itti
2223 649 2517 713 natura}
2587 639 2819 712 dividi
2881 640 2956 713 in
3017 642 3276 738 plures
3335 652 3588 739 partes

2046 753 2537 848 subjectivae,
2634 754 2817 851 quia
2904 779 3081 851 pars
3167 755 3590 851 subjectiva

2049 893 2200 941 non
2310 878 2423 943 est
2526 870 2762 964 itlius,
2881 871 3010 945 sed
3119 872 3397 970 ipsum,
3521 880 3593 943 et

2048 985 2301 1058 adhuc
2402 986 2583 1059 huie
2696 998 3076 1084 repugnat
3179 986 3592 1061 formaliter

2049 1100 2285 1174 dividi
2388 1103 2902 1199 repugnantia
3005 1100 3252 1202 ipsa.v
3321 1105 3410 1177 Et
3500 1104 3590 1177 de

2050 1221 2193 1291 hoc
2290 1242 2444 1291 non
2515 1220 2913 1317 quaeritur,
2987 1222 3118 1295 sed
3207 1221 3410 1319 quod
3480 1230 3593 1294 est

2048 1338 2634 1412 fundamentum
2723 1339 3283 1437 repugnantia),
3354 1362 3590 1436 quare

2050 1464 2428 1550 repugnat
2542 1454 2714 1548 sibi,
2812 1466 2884 1529 et
2975 1480 3129 1528 non
3235 1453 3596 1552 speciei?

2051 1572 2205 1644 Nec
2265 1572 2516 1645 adhuc
2577 1571 2951 1668 quaeritur
3010 1572 3198 1646 ratio
3260 1573 3335 1644 in
3397 1596 3597 1645 cmu-

2054 1688 2294 1774 muni,
2405 1689 2535 1762 sed
2634 1689 3007 1787 quaeritur
3095 1689 3283 1763 ratio
3362 1713 3596 1787 repu-

2051 1805 2387 1901 gnantioe
2485 1807 3038 1899 determinatae,
3135 1829 3370 1903 quare
3450 1807 3594 1879 hoc

2051 1924 2255 2019 quod
2317 1924 2714 1997 inventum
2772 1934 2884 1998 est
2941 1925 3115 2017 talc,
3181 1925 3382 2019 quod
3441 1948 3595 1997 non

2053 2049 2167 2113 est
2268 2039 2854 2115 indeterminate
2975 2039 3412 2113 indivisible
3516 2039 3596 2112 in

2050 2165 2305 2253 partes
2402 2156 2892 2253 subJectivaS,
2985 2156 3273 2229 scilicet
3359 2178 3595 2252 quare

2054 2273 2176 2345 hic
2260 2273 2452 2369 lapis
2548 2283 2660 2347 est
2736 2273 2887 2366 hic,
2970 2296 3122 2345 non
3225 2273 3601 2369 quamtus

2054 2390 2476 2465 extrinsece
2525 2419 2541 2482 3
2619 2400 3332 2488 quantumcumque
3393 2391 3597 2465 enim

2055 2529 2294 2600 agens
2343 2514 2541 2601 agat,
2599 2514 2671 2579 et
2712 2515 3020 2602 propter
3059 2506 3284 2578 vtalem
3333 2504 3593 2599 finem,

2054 2623 2305 2697 adhuc
2365 2631 2658 2719 oportet
2713 2623 2892 2696 dare
2953 2621 3454 2696 intrinsecum
3516 2623 3596 2694 in

2054 2741 2199 2812 hoc
2275 2738 2551 2836 lapide,
2627 2761 2862 2835 quare
2943 2738 3122 2811 huic
3220 2747 3599 2835 repugnat

2053 2856 2289 2930 dividi
2369 2857 2444 2928 in
2517 2868 2767 2953 partes
2837 2856 3328 2953 subjectivaS,
3417 2858 3599 2954 quia

2055 2975 2229 3048 licet
2297 2975 2419 3049 hic
2488 2975 2681 3072 lapis
2736 2975 3102 3049 dividitur
3169 2976 3243 3047 iu
3315 2978 3598 3049 multos

2054 3091 2375 3190 lapidee,
2475 3092 2737 3165 nullus
2842 3092 3147 3166 illorum
3254 3102 3365 3167 est
3475 3092 3596 3166 bic

2055 3208 2272 3307 lapis.
2376 3209 2523 3282 Sed
2629 3233 2799 3282 cum
2900 3211 3071 3299 hoc,
3172 3211 3375 3308 quod
3475 3210 3595 3282 hic

2053 3324 2248 3422 lapis
2328 3324 2694 3398 dividitur
2774 3326 2846 3397 in
2931 3338 3182 3423 partes
3258 3327 3599 3422 integra-

2053 3443 2189 3535 leS,
2265 3441 2821 3516 concomitatur
2895 3442 3168 3516 divisio
3247 3467 3597 3516 eommu-

2051 3559 2172 3632 nis
2273 3558 2347 3630 in
2449 3569 2701 3655 partes
2805 3559 3292 3654 subjectivas.
3388 3562 3595 3635 Licet

2051 3678 2285 3771 enim,
2385 3700 2521 3774 per
2589 3676 3090 3774 impossibile,
3173 3702 3313 3752 nec
3396 3688 3595 3752 esset

2051 3819 2315 3890 agene,
2381 3819 2521 3870 nec
2592 3793 2793 3882 finis,
2859 3797 3109 3869 adhuc
3187 3808 3388 3872 esset
3455 3788 3594 3871 ali-

2050 3913 2232 4009 quid
2308 3912 2837 4006 intrinsecum,
2898 3913 3078 4009 quia
3137 3914 3312 3987 huic
3377 3939 3595 4012 repu-

2048 4037 2320 4125 gnaret
2385 4053 2549 4104 esse
2604 4030 2827 4127 plura
2881 4031 3045 4104 hoc.

2149 4129 2388 4242 Igitur
2489 4146 2658 4220 dico

2048 4613 2513 4688 diversitatis
2586 4613 3053 4688 Substantiae
3126 4615 3201 4686 in
3282 4639 3387 4689 se.
3463 4617 3589 4690 Se-

2048 4732 2329 4825 cundO,
2400 4754 2490 4804 ex
2549 4730 2929 4828 primitate
2984 4732 3149 4828 ejus
3217 4734 3309 4807 ad
3388 4736 3591 4809 acci-

2049 4847 2264 4921 dens,
2392 4848 2664 4937 Tertio,
2802 4871 2893 4923 ex
3014 4850 3588 4928 coordinatione

2048 4965 2469 5039 Praedicam
2484 4989 2572 5039 en
2591 4974 2864 5039 torum.

2150 5091 2408 5165 Primo
2488 5091 2622 5186 sic,
2695 5091 3168 5189 impossibile
3224 5105 3337 5169 est
3395 5099 3592 5172 hanc

2052 5210 2555 5283 substantiam
2656 5233 2810 5282 non
2929 5221 3293 5286 mutatam
3422 5218 3595 5289 sub·

2051 5327 2506 5401 stantialiter
2569 5325 2732 5400 fieri
2781 5327 3182 5415 nonleanc,
3251 5332 3398 5405 nisi
3468 5359 3596 5407 an-

2049 5444 2569 5536 nihilaretur3
2641 5443 2893 5517 sed’si
2962 5457 3162 5520 esset
3225 5448 3387 5522 leoec
3459 5478 3593 5548 per

2047 5560 2431 5653 accidenS,
2494 5569 2566 5634 et
2632 5559 2693 5634 si
2764 5584 2917 5634 non
2991 5564 3578 5662 annihilaretur,

2047 5676 2214 5774 ipsa
2314 5701 2466 5751 non
2562 5685 2852 5750 mutata
2956 5679 3578 5780 substantialiter,

2034 4243 2037 4246 y
2772 4148 2971 4243 quod
3065 4172 3201 4245 per
3289 4151 3585 4222 nullum
3756 4188 3820 4252 4⁴·

2050 4262 2404 4337 accidens
2474 4271 2721 4360 potest
2778 4264 3257 4338 individuum
3325 4266 3396 4337 in
3469 4291 3590 4360 ge·
3639 4300 3921 4361 Repugnat

2049 4403 2231 4454 nere
2324 4379 2790 4454 Substantia).
2882 4404 3046 4454 esse
3132 4381 3295 4454 hoc.
3391 4364 3916 4476 lttudissdi‘ssffffieunaff

2047 4497 2286 4596 probo
2364 4496 2764 4593 tripliciter
2808 4520 2822 4570 :
2864 4496 3142 4587 Primo,
3216 4521 3305 4571 ex
3373 4511 3584 4595 parte
3618 4491 3940 4603 ‘efflssffifffn‘
