4295 6326
222 866 305 929 ll.

136 984 248 1033 Ratio
272 995 406 1045 qua·

136 1062 175 1097 re
205 1046 378 1095 coelum

158 1123 237 1158 non
259 1112 336 1157 est.

137 1171 406 1221 animatum.

212 3339 303 3405 12.

179 3453 389 3510 [naliter

142 3514 420 3566 dicitur-mo·

139 3583 206 3625 tus
217 3579 319 3629 eoeti
333 3594 422 3630 m·

182 3644 356 3692 taralis.

1502 446 1729 516 DIST.
1781 443 1971 514 XIV.
2022 442 2440 524 QUAESTIO
2491 443 2543 511 1.

434 618 627 690 teria
684 620 809 693 tali
877 620 1187 714 animae,
1247 619 1429 717 quia
1476 643 1632 693 non
1714 616 1982 713 recipit

437 736 1003 830 phantasmata.

538 852 689 927 Ista
718 863 972 929 tamen
1010 853 1201 928 ratio
1243 852 1526 944 deficit,
1591 852 1776 949 quia
1825 874 1977 925 non

439 971 688 1043 solum
727 972 994 1046 unitur
1027 971 1270 1044 forma
1327 969 1695 1062 materiae,
1765 991 1986 1066 prop-

447 1098 559 1162 ter
618 1090 1164 1187 perfectionem
1226 1091 1490 1164 formae
1554 1086 1982 1162 secundum

443 1230 554 1300 se,
592 1208 724 1280 sed
772 1216 851 1281 ut
894 1207 987 1281 sit
1058 1230 1301 1282 unum
1359 1230 1498 1281 ens
1562 1205 1981 1303 perfectum

441 1348 533 1398 ex
577 1332 930 1422 utroque.
990 1324 1210 1398 Unde
1256 1322 1772 1421 comparando
1842 1320 1986 1394 ista

440 1441 639 1517 inter
689 1466 797 1532 se,
850 1443 1098 1517 forma
1137 1442 1264 1517 dat
1323 1440 1664 1515 materiae
1703 1438 1987 1538 perfec-

442 1559 755 1645 tionem,
828 1569 902 1635 et
976 1560 1267 1633 nullam
1330 1559 1424 1633 ab
1485 1580 1577 1633 ea
1655 1555 1977 1653 recipit;

438 1675 610 1749 ideo
645 1676 881 1749 alium
916 1678 1247 1751 colorem
1286 1683 1536 1772 potest
1597 1672 1787 1747 ratio
1858 1674 1986 1745 ha-

438 1792 649 1884 bere,
695 1794 879 1890 quia
928 1795 1195 1886 forma,
1243 1816 1419 1889 quae
1470 1800 1585 1865 est
1629 1798 1806 1864 nata
1846 1812 1984 1886 per

444 1935 525 1985 se
605 1934 801 1994 esse,
886 1910 1152 1983 unitur
1206 1916 1516 2006 propter
1616 1906 1985 2004 operatio-

440 2051 615 2101 nem
681 2027 800 2101 vel
874 2026 1419 2124 perfectionem
1512 2045 1985 2120 consequen·

441 2145 618 2217 dam
659 2172 676 2236 ;
711 2144 845 2218 sed
884 2145 1172 2218 nullam
1209 2142 1733 2240 operationem
1794 2164 1984 2214 con-

438 2268 901 2356 sequeretur
989 2258 1247 2332 anima
1344 2255 1559 2331 unita
1641 2253 1979 2330 materiae

438 2376 640 2467 coeli,
677 2399 851 2449 cum
910 2399 1064 2448 non
1129 2383 1385 2448 utatur
1451 2371 1812 2471 potentiis
1869 2395 1983 2444 or-

439 2490 762 2587 ganicis.
812 2490 992 2565 Ideo
1057 2488 1513 2585 Theologice
1561 2487 1976 2585 loquendO,

437 2608 588 2683 alia
626 2607 933 2681 videtur
965 2609 1207 2681 forma
1248 2605 1416 2680 coeli
1452 2605 1544 2678 ab
1588 2604 1872 2697 anima,
1908 2613 1983 2678 et

435 2750 592 2799 non
636 2735 751 2800 est
800 2725 1321 2800 necessarium
1375 2732 1657 2821 praeter
1731 2732 1983 2796 moto-

438 2867 599 2917 rem
664 2865 1157 2917 communem
1226 2850 1298 2916 et
1352 2838 1777 2938 proprium,
1842 2864 1983 2938 po-

441 2982 625 3033 nere
669 2959 1009 3051 tertium,
1046 2982 1224 3056 quae
1279 2957 1375 3031 sit
1416 2956 1675 3031 anima
1744 2956 1977 3049 orbiS,

440 3079 638 3154 sicut
680 3078 894 3178 ponit
925 3078 1318 3152 Avicenna
1360 3099 1559 3151 nono
1584 3075 1986 3176 Metaphy-

439 3197 632 3271 sicae.

541 3313 893 3387 Breviter
967 3312 1224 3409 itaque
1304 3310 1711 3385 dicendum
1780 3312 1984 3408 quod

451 3438 702 3503 motus
734 3429 1044 3504 coeliest
1084 3427 1177 3500 ab
1256 3427 1793 3523 Intelligentia,
1854 3427 1985 3524 qui

455 3556 704 3621 motus
761 3571 915 3620 non
969 3555 1083 3620 est
1175 3544 1549 3619 naturalis
1618 3569 1707 3619 ex
1777 3554 1987 3642 parte

456 3664 786 3755 mobilis,
831 3687 921 3737 eo
954 3664 1176 3736 modo
1211 3685 1363 3760 quo
1397 3662 1678 3736 mobile
1712 3661 1991 3735 dicitur

452 3781 907 3856 naturaliter
948 3779 1235 3854 moveri
1305 3781 1430 3853 hic
1508 3779 1854 3873 inferius,
1912 3789 1994 3855 ut

451 3922 684 3995 grave
715 3908 789 3973 et
830 3899 1024 3972 leve.
1085 3897 1247 3971 IIoc
1297 3906 1548 3970 autem
1624 3899 1994 3995 probatur

453 4040 586 4113 per
618 4005 1090 4090 A'vicennam
1124 4014 1193 4086 9.
1231 4013 1570 4111 Metaph.
1620 4037 1683 4087 c.
1721 4014 1791 4086 2.
1832 4014 1985 4089 sic:

452 4133 710 4207 Motus
750 4132 1125 4206 naturalis
1156 4138 1263 4206 est
1294 4128 1599 4205 mobilis
1647 4131 1994 4206 habentis

456 4276 637 4344 esse,
723 4252 884 4325 sive
978 4251 1374 4326 eoez'stentz's
1468 4257 1687 4325 extra
1745 4250 1994 4325 locum

454 4392 673 4442 snum
754 4366 1217 4459 naturalem,
1290 4367 1471 4463 quia
1518 4366 1689 4442 talis
1743 4378 1997 4443 motus

456 4495 566 4560 est
592 4484 982 4580 elongatio
1012 4507 1055 4557 a
1084 4483 1585 4582 dispositione
1638 4485 1713 4557 in
1768 4497 1997 4560 natu-

457 4603 623 4695 rali,
687 4611 763 4676 et
828 4624 1184 4680 accessus
1243 4601 1336 4675 ad
1415 4601 1994 4700 dispositionem

458 4721 917 4811 naturalem,
1000 4717 1183 4816 quia
1269 4716 1634 4816 quamdiu
1719 4720 1996 4796 mobile

461 4846 810 4911 movetur
885 4835 1366 4928 naturaliter,
1449 4844 1661 4910 extra
1741 4838 1995 4912 locum

460 4953 884 5027 naturalem
925 4960 1063 5037 est,
1106 4952 1290 5049 quia
1329 4953 1393 5026 si
1453 4953 1526 5026 in
1564 4954 1730 5028 loco
1774 4965 2000 5030 natu-

462 5069 597 5142 rali
629 5078 859 5163 esset,
906 5092 1060 5142 non
1096 5069 1360 5159 exiret,
1396 5069 1544 5144 nisi
1577 5071 1994 5162 violenter;

462 5208 639 5281 ergo
679 5185 741 5259 si
799 5185 1078 5259 coelum
1143 5185 1596 5261 naturaliter
1648 5197 2000 5263 movetur

464 5301 551 5374 ab
593 5301 901 5375 Oriente
945 5300 1024 5374 in
1058 5301 1575 5397 Occidentem,
1623 5305 2002 5380 naturali-

464 5425 571 5490 ter
602 5416 702 5491 ibi
738 5417 1197 5515 quiesceret.

557 5534 771 5630 Item,
807 5559 853 5609 a
915 5558 1405 5634 quocumque
1458 5548 1740 5636 puncto
1791 5540 1993 5630 dato,

467 5674 732 5756 corpus
765 5651 1249 5728 circulariter
1291 5667 1582 5731 motum
1636 5658 1832 5733 sicut
1869 5683 2000 5736 ac-

3549 437 3633 507 53

2095 615 2320 707 cedit,
2367 615 2470 688 ita
2501 614 2825 707 recedit3
2863 614 2923 688 si
2946 636 3129 710 ergo
3171 611 3262 686 ad
3297 610 3632 706 aliquem

2092 730 2507 805 terminum
2544 741 2984 805 moveretur
3024 727 3501 811 naturaliter,
3539 724 3632 797 ab

2096 850 2226 923 illo
2270 847 2645 924 violenter
2687 848 3124 940 recederet3
3171 869 3353 940 ergo
3435 866 3636 915 unus

2095 976 2169 1041 et
2196 967 2396 1042 idem
2426 976 2675 1042 motus
2715 977 2917 1041 esset
2947 964 3348 1056 naturalis,
3385 971 3634 1035 ctnon

2095 1084 2493 1159 naturalis.

2193 1201 2409 1296 Item,
2465 1201 2669 1299 quod
2751 1209 3105 1274 movetur
3184 1194 3638 1271 naturaliter

2096 1319 2324 1393 habet
2381 1318 2960 1393 inclinationem
3056 1315 3440 1415 propriam
3542 1311 3634 1386 ad

2092 1436 2508 1510 terminum
2559 1446 2836 1530 motus,
2888 1445 2972 1508 ut
3010 1444 3213 1532 patet
3243 1433 3334 1507 de
3386 1428 3636 1528 lapide

2092 1564 2449 1651 suscepto
2511 1577 2849 1646 sursum,

2091 1670 2486 1746 descendit
2525 1671 2887 1746 deorsum
2930 1670 3024 1744 ad
3058 1677 3434 1744 centrum.

2190 1789 2956 1888 DicuntjPhilosophi
2981 1788 3185 1887 quod
3224 1796 3472 1860 motus
3505 1787 3638 1857 hu·

2959 1550 3093 1649 qui
3184 1548 3658 1625 naturaliter.

3789 1804 3892 1870 13.

2082 1907 2423 2004 jusmodi
2468 1907 2841 1981 naturalis
2876 1915 2989 1980 est
3042 1928 3134 1980 ex
3195 1913 3407 2002 parte
3470 1926 3638 1974 mo·
3685 1918 3970 1977 Quomodo

3669 1981 3821 2046 ponit
3870 1981 3987 2028 [³11³.-

2092 2026 2373 2118 ventis,
2418 2024 2602 2123 quia
2679 2024 2945 2100 dicunt
3014 2023 3219 2122 quod
3284 2020 3635 2095 naturale
3697 2044 3959 2108 tosophus

3666 2106 3814 2157 hunc
3850 2121 3961 2156 uio·

2092 2150 2205 2215 est
2248 2141 2392 2239 ipsi
2425 2140 2961 2237 Intelligentiae
3008 2161 3310 2212 movere
3353 2136 3632 2209 coelum
3686 2174 3798 2220 tum
3831 2183 3966 2219 esse.

2093 2267 2300 2332 motu
2332 2258 2491 2350 tali,
2528 2256 2656 2354 qui
2695 2265 2941 2355 potest
2972 2278 3139 2331 esse
3181 2263 3624 2353 perpetuus.

2090 2376 2319 2450 Ponit
2349 2373 2554 2450 enim
2608 2374 3131 2472 Philosophus
3170 2372 3416 2446 Deum
3447 2394 3629 2468 pro-

2089 2495 2369 2568 ducere
2403 2491 2610 2565 aliud
2643 2514 2688 2565 a
2718 2514 2798 2566 se
2840 2514 2930 2564 ex
2991 2488 3444 2564 necessitate
3485 2510 3630 2561 na-

2086 2618 2313 2702 turae,
2364 2615 2435 2683 et
2496 2604 3090 2702 Intelligentiam
3147 2604 3257 2679 sic
3320 2625 3627 2677 movere

2089 2727 2399 2801 coelum.
2438 2724 2657 2799 Unde
2691 2721 2872 2797 dicit
2906 2723 3020 2795 12.
3052 2721 3394 2821 Metaph.
3426 2721 3632 2818 quod

2090 2843 2628 2940 Intelligentiae
2670 2841 2819 2915 sint
2859 2840 2935 2914 in
2972 2841 3261 2938 optima
3299 2839 3634 2938 disposi-

2088 2964 2328 3055 tione,
2401 2959 2710 3058 quando
2771 2967 3082 3034 movent
3168 2959 3477 3051 coelum,
3563 2967 3636 3031 et

2090 3089 2201 3154 tot
2250 3076 2466 3177 ponit
2496 3076 2587 3150 de
2642 3074 2781 3170 eiS,
2845 3083 3032 3174 quot
3098 3074 3354 3173 posuit
3412 3074 3637 3148 orbes

2094 3197 2444 3273 mobiles

2194 3317 2326 3390 Est
2386 3323 2644 3388 tamen
2720 3311 3338 3407 intelligendum,
3431 3309 3637 3407 quod

2097 3457 2251 3507 non
2295 3431 2551 3530 posuit
2591 3427 3148 3524 Intelligentias
3195 3426 3300 3501 ita
3360 3448 3526 3500 esse
3564 3425 3636 3499 in

2096 3551 2384 3650 optima
2425 3547 2955 3646 dispositione,
2986 3546 3295 3644 quando
3331 3554 3643 3619 movent

2097 3669 2407 3760 coelum‚
2480 3675 2564 3740 ut
2625 3663 2876 3763 ipsum
2926 3685 3236 3737 movere
3279 3670 3479 3737 esset
3510 3685 3643 3735 ea-

2098 3808 2266 3858 rum
2326 3781 2616 3880 optima
2692 3777 3092 3877 dispositio
3154 3788 3229 3852 et
3290 3776 3637 3868 felicitaS‚

2101 3927 2273 3978 cum
2337 3925 2504 3977 eam
2565 3898 2757 3974 alias
2814 3895 3159 3995 posuerit
3240 3894 3314 3968 in
3392 3892 3643 3968 altiori

2100 4029 2303 4109 actu,
2377 4018 2667 4093 scilicet
2733 4015 2811 4089 in
2878 4013 3222 4089 veritatis
3288 4014 3645 4111 specula·-

2100 4137 2374 4221 tione;
2437 4134 2571 4208 sed
2663 4135 2807 4206 hoc
2869 4130 3123 4229 posuit
3188 4129 3642 4205 necessitate

2105 4250 2465 4346 naturali,
2513 4250 2971 4348 inquantum
3007 4272 3100 4324 ex
3140 4271 3444 4322 summa
3483 4270 3647 4345 per-

2102 4373 2429 4449 fectione
2463 4393 2727 4445 earum
2791 4365 3123 4442 naturali
3191 4365 3643 4441 necessitate

2104 4498 2711 4586 consequeretur
2751 4481 3344 4560 communicatio
3367 4483 3467 4557 ‘ad
3513 4507 3647 4558 ex-

2102 4615 2246 4682 tra.
2284 4605 2505 4681 Unde
2574 4603 2750 4678 licet
2816 4600 3161 4701 posuerit
3226 4600 3472 4675 Deum
3526 4601 3650 4673 in-

2108 4723 2604 4820 telligentem,
2633 4729 2705 4795 et
2744 4720 3221 4794 voluntatem
3256 4741 3482 4814 agere
3515 4742 3651 4816 per

2105 4842 2610 4934 intellectum,
2751 4836 3260 4911 nihilominus
3395 4835 3652 4934 posuit

2106 4958 2312 5057 quod
2347 4981 2437 5032 ex
2471 4954 2925 5031 necessitate
2978 4953 3311 5028 naturali
3365 4954 3652 5051 produ-

2107 5084 2315 5151 ceret
2345 5085 2583 5168 extra,
2620 5073 3081 5171 inquantum
3120 5072 3212 5146 ad
3248 5071 3652 5170 plenitudi-

2106 5216 2284 5268 nem
2326 5215 2491 5266 suoe
2551 5188 3042 5289 perfectionis
3100 5188 3430 5263 naturali
3511 5213 3651 5265 ne-

2107 5309 2458 5385 cessitate
2511 5304 3107 5384 communicatio
3168 5317 3646 5404 sequeretur,

2108 5428 2309 5503 sicut
2347 5451 2490 5502 nos
2557 5426 2634 5499 in
2694 5423 3103 5523 agentibus
3167 5423 3650 5499 naturalibus

2106 5542 2776 5644 ponimus.Posuit
2795 5541 3022 5618 etiam
3049 5539 3646 5637 Intelligentiam

2109 5687 2417 5739 movere
2472 5671 2554 5739 ut
2610 5669 2947 5737 amatum
2986 5659 3077 5735 ad
3125 5657 3645 5736 desideratum

3720 2238 3944 2283 natura—

3758 2295 3881 2345 lem.
