4295 6326
1403 418 1623 486 DIST.
1679 417 1929 484 XXIV.
1985 416 2402 495 QUAESTIO
2455 416 2688 486 UNIC.

434 614 916 691 consequens
981 593 1084 667 ibi
1144 603 1257 668 est
1315 591 1851 687 intelligentia,
1907 597 1980 664 et

434 708 661 782 etiam
698 708 774 781 in
820 710 980 783 Deo
1013 719 1125 783 est
1183 711 1572 800 voluntaS‚
1641 730 1817 805 quae
1864 714 1979 779 est

434 824 896 922 principium
1005 824 1532 924 productionis
1645 822 1979 920 Spiritus

434 940 723 1034 sancti3
765 942 965 1016 unde
999 942 1074 1014 in
1129 943 1288 1016 Deo
1322 942 1424 1015 ita
1468 950 1646 1014 sunt
1705 938 1980 1037 princi-

434 1057 561 1155 pia
665 1058 1114 1155 productiva
1181 1080 1681 1155 personarum
1720 1055 1979 1127 distin-

436 1179 730 1244 ctarum
815 1171 1146 1244 realiter.
1260 1172 1350 1243 Et
1443 1170 1609 1244 istoe
1704 1177 1981 1266 poten-

443 1286 593 1378 tioe,
627 1295 711 1359 ut
740 1296 921 1359 sunt
964 1286 1427 1384 principium
1500 1284 1977 1383 producendi

437 1425 835 1499 personaS,
903 1426 1055 1476 non
1141 1416 1324 1477 sunt
1427 1402 1807 1475 distinctae
1886 1425 1979 1476 ex

436 1520 733 1605 creatiS,
767 1519 950 1616 quia
1004 1519 1476 1616 impossibile
1548 1526 1660 1591 est
1710 1540 1979 1614 perso-

437 1661 575 1711 nas
607 1637 937 1731 divinas,
975 1661 1151 1735 quae
1207 1638 1630 1713 secundum
1676 1660 1755 1710 se
1790 1635 1978 1710 sim-

438 1754 734 1852 pliciter
773 1765 955 1829 sunt
1005 1755 1494 1844 necessariae,
1544 1754 1977 1852 dependere

436 1881 814 1967 quantum
857 1870 947 1944 ad
1002 1870 1290 1967 aliquid
1344 1869 1719 1961 acreatis,
1802 1891 1977 1965 quae

437 1997 617 2062 sunt
652 1987 1012 2085 possibile
1041 2011 1209 2062 esse
1246 2016 1263 2080 ;
1310 2011 1491 2084 ergo
1526 1986 1679 2061 itlae
1724 1996 1981 2083 poten-

437 2105 566 2178 tiae
638 2102 1056 2200 respiciunt
1121 2103 1459 2177 divinam
1530 2101 1975 2194 essentiam,

441 2244 616 2318 quae
675 2220 964 2294 scilicet
1029 2229 1320 2294 aeterna
1358 2229 1523 2313 est3
1570 2243 1752 2315 ergo
1818 2240 1983 2291 res-

438 2346 660 2435 pectu
697 2346 1163 2411 aeternorum
1206 2344 1387 2409 sunt
1418 2336 1569 2409 ittae
1611 2334 1974 2433 potentiae

441 2454 821 2528 distincta}
857 2480 875 2546 3
977 2477 1160 2549 ergo
1267 2452 1511 2551 portio
1597 2452 1976 2551 superior,

443 2593 620 2667 quae
661 2578 774 2643 est
834 2577 1185 2665 respectu
1254 2577 1745 2655 aeternorum,
1824 2591 1981 2641 non

444 2692 559 2759 est
597 2692 890 2757 tantum
930 2706 1085 2756 una
1123 2682 1487 2779 potentia.

124 2830 385 2904 Similiter
544 2821 776 2894 Edem
816 2819 1039 2892 modo
1072 2817 1482 2891 dicendum
1525 2827 1639 2892 est
1677 2818 1770 2892 de
1804 2840 1986 2915 por-

95 2907 415 3029 ιὲᾗρῗιῗῖἓῖ·
445 2937 650 3010 tione
691 2935 1058 3020 inferiori,
1097 2934 1298 3031 quod
1335 2959 1487 3008 non
1514 2944 1628 3009 est
1662 2960 1816 3009 una
1846 2960 1986 3032 po-

122 3025 387 3130 “123535‘
446 3054 682 3128 tentia
712 3060 1035 3142 tantum,
1083 3076 1258 3126 cum
1304 3052 1468 3148 ipsa
1527 3052 1624 3124 sit
1656 3052 1987 3126 intellec-

445 3180 567 3243 tus
589 3178 663 3243 et
686 3170 1068 3260 voluntaS‚
1106 3178 1180 3241 et
1213 3166 1606 3259 memoria,
1638 3175 1980 3263 respectu

443 3285 718 3381 objecti
743 3282 1212 3380 temporalis,
1233 3282 1415 3380 quia
1441 3293 1789 3380 respectu
1821 3283 1987 3357 talis

440 3401 714 3498 objecti
779 3402 1036 3474 anima
1087 3408 1202 3474 est
1252 3399 1671 3495 aliquando
1724 3398 1797 3471 in
1845 3400 1988 3472 ha-

440 3519 603 3594 bitu
674 3517 1017 3593 scientiae
1077 3515 1405 3613 alicujus
1463 3515 1987 3590 conclusionis

444 3659 679 3729 verae,
745 3644 819 3710 et
867 3636 1012 3707 hoc
1064 3632 1373 3730 respicit
1481 3630 1981 3725 memoriam3

444 3750 859 3848 aliquando
892 3758 1005 3823 cst
1046 3748 1123 3820 in
1158 3757 1328 3822 actu
1365 3756 1438 3821 et
1472 3757 1819 3844 respectu
1876 3747 1986 3820 in-

446 3865 839 3963 telligendi
867 3864 1084 3958 illud,
1121 3874 1192 3938 et
1235 3866 1379 3937 hoc
1415 3863 1724 3961 respicit
1772 3863 1988 3937 intel-

444 3985 751 4059 lectum.
801 3983 910 4056 Ex
944 3982 1087 4054 hoc
1119 3989 1372 4054 autem
1417 3981 1622 4077 quod
1665 3988 1834 4054 actu
1880 3979 1990 4051 in-

451 4100 744 4196 telligit,
781 4098 1133 4195 sequitur
1198 4096 1516 4170 volitum
1564 4091 1660 4168 'in
1705 4098 1988 4170 volun-

448 4227 624 4291 tate.
676 4216 864 4288 Cum
911 4213 1055 4287 ista
1087 4213 1230 4286 tria
1276 4236 1427 4286 non
1475 4212 1769 4310 possint
1817 4236 1986 4287 esse

451 4356 604 4406 una
640 4330 1005 4430 potentia,
1036 4329 1280 4427 portio
1312 4328 1626 4402 inferior
1657 4354 1808 4403 non
1845 4329 1988 4403 erit

449 4473 605 4523 una
646 4446 1010 4546 potentia.

221 4585 287 4651 4,
549 4563 990 4638 Secundum
1025 4563 1170 4635 hoc
1202 4559 1611 4634 dicendum
1638 4570 1752 4634 est
1781 4559 1985 4657 quod

97 4702 420 4765 lstaeportio-
455 4704 604 4754 non
649 4678 1149 4773 distinguitur
1208 4677 1453 4774 portio
1517 4676 1868 4774 superior
1916 4686 1990 4751 et

136 4778 375 4875 Egisiiss?
453 4794 766 4870 inferior
798 4817 936 4891 per
980 4795 1152 4885 hoc,
1199 4792 1398 4889 quod
1467 4791 1820 4889 superior
1877 4804 1991 4866 est

102 4895 397 5014 ρὲξρζῗζζ.
458 4925 744 4987 tanturn
811 4909 1434 5006 contemplativa,
1494 4908 1657 4983 sive
1711 4933 1990 5006 specu-

100 5015 417 5137 ξῖξξζζῗξξῖ)
452 5031 709 5122 latnva,
755 5036 828 5102 et
860 5027 1007 5101 alia
1053 5034 1167 5100 est
1206 5025 1586 5123 practica3
1624 5025 1776 5098 imo
1841 5035 1988 5099 tarn

452 5144 875 5245 speculatio
931 5167 1159 5241 quam
1238 5142 1494 5240 praxis
1562 5143 1987 5217 secundum

451 5264 969 5361 Augustinum
1034 5259 1171 5334 ubi
1218 5284 1480 5357 supra,
1535 5260 1865 5358 pertinet
1895 5260 1986 5334 ad

450 5381 877 5478 portionem
976 5376 1481 5474 superiorem.
1556 5378 1705 5451 Ista
1780 5376 1986 5451 enim

451 5495 996 5595 contemplatio
1074 5517 1225 5567 non
1298 5502 1590 5567 tantum
1649 5493 1990 5568 continet

454 5614 527 5686 in
606 5638 685 5689 se
783 5611 1384 5711 speculationem
1461 5636 1762 5708 puram,
1856 5610 1986 5684 scd

673 5756 1018 5813 Tou.xx111

3503 418 3627 485 113

2086 592 2315 665 etiam
2372 616 2740 685 amorem,
2790 601 2870 667 ut
2909 603 3115 691 patet
3172 616 3306 692 per
3374 592 3626 690 ipsum

2085 707 2397 783 ibidem.
2451 710 2576 783 Sic
2645 733 2828 806 ergo
2890 710 3059 785 dico
3121 710 3325 807 quod
3382 709 3629 806 portio

2086 827 2464 924 superior,
2510 851 2686 925 quae
2738 827 3062 902 intendit
3105 827 3308 902 circa
3340 836 3634 902 aeterna

2086 943 2590 1035 consulenda,
2663 943 2824 1017 sive
2873 942 3495 1041 contemplanda,
3561 952 3635 1017 et

2086 1060 2401 1134 inferior
2517 1061 2718 1136 circa
2832 1061 3285 1159 temporalia
3371 1059 3635 1156 dispo-

2092 1178 2367 1266 nenda,
2407 1189 2678 1254 neutra
2710 1189 2823 1254 est
2860 1202 3012 1252 una
3045 1178 3385 1277 potentia
3411 1177 3484 1249 in
3517 1201 3625 1251 se.

2087 1292 2170 1364 ln
2220 1302 2545 1389 utroque
2602 1292 2807 1366 enim
2871 1293 3085 1389 ponit
3149 1291 3631 1387 Augustinus

2085 1408 2561 1502 Trinitatem,
2598 1408 2731 1482 sed
2773 1408 2851 1480 in
2894 1408 3274 1506 superiori
3322 1408 3628 1506 proprie

2086 1525 2304 1622 ponit
2347 1525 2791 1621 imaginem.

2182 1640 2552 1727 Quartum
2596 1641 3625 1716 adsecundumintellectum
3789 1666 3853 1732 5,

2085 1755 2564 1853 quaestionis,
2609 1755 2779 1830 dico
2825 1756 3028 1853 quod
3106 1755 3621 1854 comparando
3658 1779 3858 1852 Eodenq
3890 1785 3969 1853 egi

2088 1882 2340 1971 partes
2387 1873 2773 1951 Trinitatis
2832 1875 2906 1946 in
2969 1874 3320 1971 portione
3387 1898 3621 1972 supe·
3653 1848 3977 1977 Ρῖῗιῗῑιᾷῗιὲῃ

2088 1990 2270 2063 riori
2305 1990 2649 2088 partibus
2699 1990 2774 2062 in
2840 1991 3190 2088 portione
3252 1969 3955 2082 infe1·iori,2⁸2¹¹{',{³f¹232¹.

2086 2131 2239 2180 non
2348 2116 2528 2180 sunt
2605 2106 2778 2180 aliae
2838 2107 3229 2204 potentiae,
3297 2116 3377 2180 ut
3439 2108 3629 2182 acci·
3785 2095 3845 2144 fi·

2087 2223 2369 2320 piendo
2403 2222 2851 2297 memoriam
2923 2232 2996 2297 et
3041 2223 3625 2319 intelligentiam

2088 2339 2289 2414 inter
2329 2363 2409 2413 se
2443 2362 2596 2412 non
2660 2348 2985 2436 possunt
3032 2362 3199 2414 esse
3277 2340 3426 2415 alia
3495 2364 3631 2437 po-

2088 2456 2327 2530 tentia
2373 2456 2447 2528 in
2503 2455 2879 2552 superiori
2928 2464 3001 2529 et
3050 2455 3387 2530 inferiori
3450 2480 3632 2552 por-

2090 2573 2323 2646 tione.
2434 2572 2652 2659 Quod
2737 2572 3104 2670 probatur
3207 2572 3453 2671 primo
3541 2594 3632 2646 ex

2092 2700 2298 2784 actu,
2364 2714 2539 2763 nam
2618 2689 3044 2763 secundum
3110 2688 3629 2785 Augustinum

2091 2805 2227 2880 ubi
2271 2830 2534 2903 supra,
2581 2815 2828 2903 portlo
2897 2805 3248 2903 superior
3305 2805 3632 2880 intendit

2096 2923 2384 3019 regulis
2424 2923 2734 2997 aeternis
2783 2922 3394 3020 contemplandis
3430 2951 3448 3016 ;
3506 2923 3632 2996 in-

2095 3042 2325 3118 ferior
2400 3065 2580 3116 vero
2658 3042 3211 3140 temporalibus
3278 3043 3625 3139 agendiS,

2092 3160 2521 3236 secundum
2567 3160 2834 3257 regula
2860 3170 3219 3235 aeternas.
3250 3160 3469 3236 Unde
3511 3186 3631 3236 su-

2095 3277 2350 3376 perior
2382 3278 2627 3376 portio
2662 3276 2987 3351 intendit
3047 3277 3189 3351 frui
3259 3277 3535 3376 primO,
3589 3300 3635 3351 a

2092 3416 2247 3491 quo
2281 3395 2594 3469 inferior
2626 3393 2892 3491 recipit
2933 3397 3277 3490 regulam
3307 3394 3636 3492 agendo·

2092 3535 2293 3585 rum.

2192 3632 2305 3702 Ex·
2353 3629 2497 3700 hoc
2530 3626 2906 3723 arguitur,
2967 3629 3230 3702 eadem
3293 3632 3632 3727 potentia
3691 3652 3953 3728 Propatur

2092 3743 2487 3840 cognoscit
2526 3742 2987 3841 principium
3059 3753 3129 3818 et
3194 3748 3632 3822 conclusio-
3662 3729 3980 3843 Εαῗπῗιῗῖῗο-

2094 3885 2299 3955 nem,
2398 3884 2574 3958 quae
2642 3860 2990 3958 sequitur
3074 3885 3164 3936 ex
3228 3843 3961 3978 principi0,²⁹4}¹1}{,20⁰1‘t’‘

2092 3978 2435 4075 alioquin
2479 3979 2691 4050 nulla
2724 3977 3060 4074 potentia
3102 3992 3625 4076 cognosceret,
3660 3967 3982 4080 ξξᾞξζζίιῗῗ

2091 4119 2263 4169 cum
2310 4118 2462 4167 non
2534 4102 3044 4189 cognoscatur
3101 4118 3237 4191 per
3302 4120 3383 4172 se
3443 4122 3631 4171 con·
3694 4093 3919 4142 “mem-

2092 4211 2364 4304 clusio,
2405 4209 2548 4283 nisi
2600 4232 2691 4283 ex
2744 4209 3151 4285 collatione
3203 4213 3293 4285 ad
3356 4214 3634 4311 princi-

2092 4330 2338 4427 pium,
2369 4327 2568 4401 sicut
2606 4326 2861 4422 arguit
2917 4326 3370 4404 Aristoteles
3409 4331 3478 4402 2.
3539 4333 3632 4408 de

2093 4445 2410 4536 Anima,
2448 4449 2631 4517 teael..
2702 4442 2865 4514 146.
2911 4443 3003 4516 de
3060 4443 3153 4517 de
3180 4467 3406 4520 sensu
3438 4470 3634 4522 com-

2092 4561 2340 4653 muni,
2387 4560 2593 4656 quod
2625 4559 2688 4633 si
2719 4582 2876 4632 una
2908 4560 3245 4655 potentia
3291 4586 3441 4636 non
3501 4588 3634 4638 co-

2094 4688 2497 4774 gnosceret
2524 4676 2920 4750 sensibilia
2953 4675 3429 4753 diversorum
3466 4705 3634 4755 sen-

2094 4817 2354 4884 suum,
2437 4791 2654 4863 nulla
2730 4790 3071 4886 potentia
3138 4807 3635 4889 cognosceret

2095 4907 2608 4981 differentiam
2671 4905 3009 4978 illorum.
3084 4906 3308 4982 Nunc
3376 4921 3630 4986 autem

2098 5026 2534 5099 intellectus
2566 5032 2787 5121 prout
2832 5032 2945 5096 est
3005 5025 3252 5121 portio
3322 5026 3636 5104 inferior

2095 5139 2490 5237 cognoscit
2555 5137 3129 5213 conclusionem
3224 5141 3316 5216 de
3370 5144 3631 5237 agibili

2094 5256 2524 5355 temporali,
2562 5255 2784 5353 cujus
2816 5255 3277 5354 principium
3315 5270 3388 5334 et
3419 5285 3636 5358 regu·

2098 5377 2245 5450 lam
2290 5384 2656 5450 aeternam
2692 5373 3086 5468 cognoscit
3126 5377 3370 5471 portio
3404 5403 3635 5477 supe·
3668 5381 3672 5386 ’

2097 5492 2278 5586 rior,
2323 5491 2614 5565 scilicet
2664 5490 2866 5587 quod
2932 5503 3312 5590 praecepta
3344 5495 3482 5569 Dei
3542 5518 3633 5569 ex

2095 5608 2463 5683 charitate
2507 5617 2686 5682 sunt
2719 5607 3134 5703 implenda,
3173 5611 3289 5684 vel
3343 5613 3628 5709 aliquid

3382 5755 3414 5807 8
