4295 6326
583 404 706 478 180

579 586 727 661 ista
767 596 1024 661 autem
1057 586 1340 661 ablatio
1374 595 1488 662 est
1546 584 1880 683 partium
1914 584 2122 682 ejus-

581 702 753 776 dem
795 703 1343 800 proportionis.

227 822 522 936 tffiznpgffij
678 818 983 905 Contra,
1023 826 1271 894 'omne
1327 842 1565 915 agens
1630 819 1929 915 aequale
1999 841 2126 892 se-

225 952 521 1007 ramiaede-
579 933 917 1007 cundum
1020 934 1562 1026 intensionem,
1646 935 1768 1007 vel
1847 933 2119 1029 magis,

226 1024 325 1078 ret,
374 1021 543 1068 totum
2025 1049 2037 1062 .

221 1082 545 1134 destrueret.
579 1074 805 1150 passo
867 1061 1309 1126 remanente
1360 1052 1629 1125 eodem
1681 1049 1907 1124 modo
1966 1049 2125 1122 dis-

578 1166 856 1265 posito,
926 1167 1048 1239 vel
1118 1167 1416 1264 aequale
1482 1165 1930 1263 corrumpit,
2002 1166 2123 1240 vel

577 1282 824 1380 magis
858 1311 877 1379 3
914 1282 1046 1356 sed
1080 1306 1415 1381 sequens
1446 1290 1839 1380 peccatum
1879 1291 2125 1378 potest

546 1424 743 1476 esse
794 1401 1175 1476 intensius
1231 1410 1659 1499 peccatum,
1731 1401 1850 1475 vel
1901 1422 2124 1497 aeque

576 1519 996 1611 intensum,
1066 1527 1141 1592 et
1179 1527 1455 1592 natura
1504 1527 1617 1592 est
1679 1517 1934 1590 minus
1986 1540 2128 1613 po-

574 1646 746 1710 tens
776 1635 870 1709 ad
905 1635 1447 1728 resistendum,
1489 1635 1611 1708 vel
1641 1657 1795 1707 non
1831 1634 2121 1730 magis3

578 1751 813 1848 igitur
850 1774 987 1849 per
1027 1761 1337 1849 peccata
1367 1773 1589 1848 aeque
1623 1750 1951 1840 intensa,
1999 1751 2124 1824 vel

585 1869 830 1965 magis
863 1878 1113 1967 potest
1171 1878 1328 1943 tota
1377 1878 1654 1943 natura
1703 1866 2118 1965 corrumpi.

364 2009 430 2076 5,
681 1985 900 2061 Unus
975 1987 1257 2061 Doctor
1321 1985 1503 2060 dicit
1578 1985 1781 2084 quod
1849 1995 2128 2059 natura

227 2124 550 2175 D.Th0m.1.
584 2112 831 2200 potest
888 2103 1355 2178 considerari
1425 2102 1852 2200 dupliciter,
1917 2112 1998 2175 ut
2045 2101 2122 2174 in

231 2190 549 2303 p‘q'⁴‡'⁸“'
583 2242 692 2313 se,
737 2221 857 2294 vel
915 2229 1297 2316 quatenus
1351 2219 1800 2312 habituata3
1851 2204 2125 2315 pecca-

577 2347 742 2411 tum
782 2361 966 2412 vero
999 2361 1150 2412 non
1189 2337 1610 2435 corrumpit
1658 2348 2009 2412 naturam
2044 2339 2121 2410 in

579 2477 688 2548 se,
725 2477 867 2529 nec
919 2454 1394 2534 habilitatem
1447 2454 1874 2529 secundum
1924 2455 2125 2529 abla-

578 2572 893 2664 tionem,
938 2570 1046 2646 sic
1078 2571 1280 2644 enim
1326 2570 1632 2645 tandem
1677 2580 1832 2644 tota
1869 2579 2125 2667 posset

577 2687 888 2781 auferri,
943 2688 1074 2762 sed
1127 2687 1257 2761 illa
1304 2686 1661 2760 habilitas
1712 2686 2123 2760 remittitur

574 2828 711 2903 per
749 2814 1176 2903 peccatum.
1216 2804 1669 2901 Exemplum
1717 2827 1732 2877 :
1771 2803 2123 2902 Disposi-

575 2921 676 2994 tio
748 2919 1087 2995 materiae
1155 2920 1250 2994 ad
1318 2921 1636 2993 sormam
1700 2920 2123 2995 intenditur

572 3062 751 3113 cum
830 3040 1092 3135 plures
1180 3036 1723 3135 dispositiones
1822 3038 2115 3132 insunt,

572 3178 748 3253 quae
789 3154 1211 3253 disponunt
1251 3153 1343 3229 ad
1389 3152 1708 3228 formam
1740 3153 2121 3229 inducen-

570 3271 774 3364 dam,
821 3280 891 3344 et
925 3270 1053 3343 illa
1085 3269 1450 3344 habilitas
1499 3269 1911 3344 remittitur
1941 3294 2114 3344 cum

570 3389 975 3487 pauciores
1007 3389 1294 3462 insunt.

666 3505 948 3578 Contra
1024 3504 1241 3596 illud,
1329 3503 1463 3577 illa
1549 3503 1906 3579 habilitas
1983 3528 2119 3602 per

569 3621 824 3719 ipsum
900 3643 1055 3694 non
1148 3628 1396 3716 potest
1497 3620 1884 3718 corrumpi
1982 3643 2118 3718 per

568 3747 994 3835 peccatum,
1068 3736 1251 3834 quia
1310 3735 1424 3809 *sic
1501 3745 1743 3810 totum
1806 3737 2114 3813 ‘tandem

568 3863 1194 3953 corrumperetur
1228 3882 1245 3946 3
1276 3853 1509 3949 igitur
1539 3863 1688 3928 stat
1715 3865 2111 3950 peccatum

567 3997 742 4047 cum
773 3974 904 4047 illa
935 3971 1356 4061 habilitate,
1405 3971 1588 4069 quia
1619 3996 1773 4044 non
1809 3983 1922 4046 est
1978 3998 2114 4070 per

558 4080 1028 4165 ‘ablationem
1067 4089 1395 4185 alicujus
1445 4089 1654 4182 boni,
1714 4099 1787 4163 et
1841 4113 2113 4187 pecca-

563 4216 724 4281 tum
770 4216 885 4282 est
914 4205 1240 4304 privatio
1283 4205 1612 4300 alicujus
1663 4205 1843 4278 boni
1910 4230 2109 4303 prae-

563 4323 995 4423 suppositi;
1064 4322 1296 4419 igitur
1354 4321 1679 4419 privatio
1739 4331 1888 4397 stat
1933 4347 2107 4397 cum

561 4442 765 4515 bono
799 4464 952 4538 quo
993 4438 1266 4536 privat.
1378 4496 1383 4501 .

336 4589 402 4655 6,
458 4571 462 4575 “
659 4557 877 4649 Item,
949 4554 1075 4628 ille
1123 4553 1406 4626 Doctor
1466 4564 1845 4649 repugnat
1918 4555 2108 4630 sibi-

201 4704 249 4753 A
278 4704 392 4755 ³010
414 4706 526 4756 neo
560 4672 734 4772 ipsi,
771 4670 953 4768 quia
986 4669 1146 4767 ipsc
1188 4667 1370 4741 dicit
1399 4668 1602 4765 quod
1645 4693 1801 4743 non
1852 4673 2107 4746 remit-

219 4767 495 4881 3ῗὲἏῖῗῆ
558 4791 742 4864 titur
807 4788 951 4861 ista
1013 4784 1369 4860 habilitas
1438 4809 1573 4882 per
1639 4786 2097 4864 ablationem

200 4892 496 5006 ‘¹⁶⁸‘fg'Jbi’
555 4906 911 5002 alicujuS,
948 4911 1022 4978 et
1058 4912 1314 4978 tamen
1368 4902 1718 4997 designat
1772 4906 2100 5000 qualiter

551 5023 975 5097 intenditur
1013 5042 1149 5117 per
1189 5018 1650 5118 oppositum.

648 5140 863 5228 Item,
902 5135 1106 5234 quod
1150 5135 1294 5209 ista
1336 5134 1693 5209 habilitas
1766 5159 1915 5208 non
1986 5161 2094 5212 re·

548 5256 889 5329 mittatur
917 5275 1053 5351 per
1104 5260 1530 5347 peccatum,
1586 5251 1855 5347 prob0,
1910 5252 2092 5347 quia

542 5375 606 5449 si
675 5374 811 5465 sio,
883 5374 1028 5444 hoc
1106 5377 1243 5456 est,
1285 5391 1445 5465 -per
1514 5367 2083 5466 corruptionem

537 5486 866 5583 alicujus
896 5481 1182 5580 gradus
1227 5510 1243 5570 ς
1290 5479 1422 5554 sed
1455 5479 1660 5576 quod
1693 5491 1807 5556 est
1847 5504 1891 5554 a
1921 5482 2083 5555 solo

537 5605 697 5680 Deo
777 5596 1215 5674 immediate
1298 5618 1343 5670 a
1426 5598 1641 5670 nulla
1735 5607 2083 5671 creatura

1987 395 2225 471 LIBRI
2276 396 2362 474 ΙΙ.

2238 583 2782 680 corrumpitur,
2859 579 3043 681 quia
3110 577 3500 677 corruptio
3577 573 3787 651 illius

2238 703 2442 797 quod
2494 702 2694 799 capit
2741 725 2900 776 esse
2955 725 3090 799 per
3144 699 3608 774 creationem
3675 702 3788 770 est

2238 820 2692 896 annihilatio
2732 847 2750 912 3
2799 820 3034 914 igitur
3083 842 3256 893 cum
3323 818 3538 890 nulla
3587 836 3791 888 crea-

2236 947 2408 1011 tura
2441 936 2680 1034 possit
2711 935 3002 1033 aliquid
3035 934 3495 1024 annihilare,
3540 929 3792 1026 sequi-

2236 1064 2362 1128 tur
2395 1054 2603 1151 quod
2644 1054 2874 1126 homo
2909 1052 2983 1124 in
3020 1062 3194 1125 actu
3229 1046 3596 1147 peccandi
3631 1068 3780 1119 non

2238 1181 2487 1271 potest
2593 1171 2938 1245 minuere
3024 1170 3362 1267 aliquem
3465 1164 3788 1262 gradum

2241 1288 2657 1363 habilitatis
2752 1296 3074 1379 naturae,
3138 1308 3279 1359 nec
3339 1282 3630 1380 aliquid
3711 1281 3782 1353 in

2239 1406 2404 1503 ipsa
2450 1405 2830 1480 remittere
2880 1428 3056 1478 cum
3108 1411 3385 1476 natura
3427 1401 3789 1472 volunta-

2237 1522 2361 1614 tis,
2398 1531 2472 1594 et
2502 1520 2826 1624 quilibet
2867 1520 3153 1616 gradus
3193 1516 3359 1613 ejus
3392 1515 3487 1589 sit
3535 1539 3581 1588 a
3624 1514 3785 1588 Deo

2238 1660 2375 1735 per
2406 1636 2900 1711 creationem.

2335 1755 2553 1846 Item,
2618 1775 2852 1826 causa
2922 1751 3378 1845 contingens
3454 1745 3783 1842 alicujus
3826 1741 4128 1869 Πξῇῑζξῐῗῇ

2238 1869 2553 1945 effectus
2600 1877 2846 1967 potest
2917 1876 3115 1942 stare
3176 1890 3351 1940 cum
3429 1862 3779 1961 opposito
3828 1867 4126 1983 32:33}er

2238 1988 2445 2061 illius
2504 1986 2882 2080 effectus3
2937 1986 3069 2060 sed
3136 1985 3494 2058 voluntas
3562 2004 3781 2077 (111εο-
3812 2006 4138 2107 οεῑιίιέειθὲοιι-

2237 2128 2568 2203 cumque
2633 2103 2943 2202 ponitur
2993 2123 3227 2177 causa
3290 2098 3609 2199 peccati,
3668 2106 3783 2171 est
3908 2073 4070 2184 efusf

2236 2245 2472 2296 causa
2547 2219 3004 2316 contingens
3079 2227 3294 2292 actus
3383 2213 3780 2307 meritorii,

2235 2339 2355 2412 vel
2409 2337 2726 2435 peccati,
2781 2360 2936 2410 11011
2972 2335 3174 2409 enim
3211 2343 3324 2407 est
3353 2339 3781 2429 peccatum,

2236 2455 2296 2528 si
2363 2455 2577 2528 1111110
2660 2453 2882 2527 modo
2951 2450 3175 2525 vitari
3219 2449 3459 2547 possit
3503 2447 3789 2542 3igitur

2236 2592 2372 2666 per
2437 2579 2837 2667 peccatum
2906 2589 3306 2662 nunquam
3367 2562 3788 2659 corrumpi-

2234 2693 2360 2758 tur
2399 2686 2781 2777 voluntas,
2829 2707 2968 2759 nec
3026 2681 3346 2781 aliquid,
3418 2679 3624 2777 quod
3675 2688 3788 2753 est

2235 2826 2470 2877 causa
2543 2803 3000 2898 contingens
3069 2810 3285 2874 actus
3382 2795 3782 2888 meritorii,

2235 2920 2352 2992 vel
2401 2941 2576 3014 pars
2609 2941 2888 2992 causae.

2320 3033 2550 3137 Item,
2585 3042 3058 3141 privationes
3089 3040 3397 3116 habitus
3438 3039 3779 3135 ejusdem

2232 3160 2516 3259 speciei
2574 3184 2723 3235 non
2786 3158 3149 3234 differunt
3231 3156 3512 3256 specie,
3604 3156 3787 3255 quia

2232 3278 2704 3376 privationes
2745 3277 3328 3373 distinguuntur
3377 3299 3511 3372 per
3561 3272 3784 3348 habi-

2229 3406 2354 3471 tus
2400 3430 2417 3490 ·,
2452 3397 2586 3472 sed
2633 3397 2836 3470 bona
2876 3404 3200 3492 possunt
3230 3417 3398 3468 esse
3435 3393 3778 3489 ejusdem

2230 3499 2518 3611 specii,
2595 3536 2924 3610 quorum
3028 3511 3497 3609 privationes
3586 3519 3773 3583 sunt

2230 3640 2545 3728 peccata
2584 3631 2836 3728 specie
2880 3629 3208 3704 diversa.

2327 3748 2417 3819 Et
2476 3745 2537 3820 si
2606 3746 2815 3819 dicas
2893 3745 3097 3844 quod
3164 3743 3367 3818 bona
3415 3741 3778 3816 differunt

2229 3863 2511 3959 specie,
2611 3862 2795 3959 quia
2892 3861 3278 3958 quoddam
3374 3870 3770 3956 peccatum

2228 3980 2478 4076 privat
2517 3979 2803 4053 bonum
2850 3978 3159 4076 speciei,
3208 3977 3592 4074 quoddam
3637 3976 3778 4050 bo-

2229 4120 2416 4170 num
2454 4097 2681 4188 modi,
2721 4095 3101 4193 quoddam
3134 4095 3425 4169 bonum
3458 4093 3775 4178 ordiniS,

2227 4214 2653 4286 secundum
2749 4213 3265 4309 Augustinum
3313 4241 3331 4306 ;
3413 4213 3506 4287 ad
3585 4212 3774 4286 illud

2226 4327 2513 4425 patebit
2557 4328 2809 4403 statim
2873 4338 3069 4426 post,
3135 4328 3319 4426 quia
3377 4328 3775 4425 quodlibet

2225 4452 2621 4540 peccatum
2670 4443 2921 4541 privat
2978 4443 3123 4517 ista
3170 4443 3341 4516 tria.

2746 4755 3111 4813 SCHOLIUM
3174 4757 3239 4813 11.

2287 4907 2367 4962 Ex
2427 4907 2751 4963 rationibus
2801 4907 3016 4978 allatis,
3060 4909 3263 4978 probat
3318 4914 3619 4981 peecatum
3651 4927 3763 4965 non

2214 5011 2341 5052 esse
2373 4998 2800 5067 corruptionem
2834 4998 3085 5068 alicujus
3120 4998 3253 5054 boni
3286 5004 3502 5054 naturae
3555 5001 3763 5055 intrin-

2212 5101 2425 5148 secam,
2451 5085 2587 5157 quia
2615 5087 2936 5141 secundum
2969 5086 3312 5160 Dionysium
3358 5087 3415 5142 in
3467 5088 3761 5144 damnatis

2212 5175 2497 5231 naturalia
2529 5183 2766 5233 manent
2799 5179 3046 5249 integra.

2303 5364 2654 5439 Concedo
2734 5363 2967 5459 igitur
3053 5367 3257 5462 quod
3353 5380 3748 5465 peccatum
3908 5405 3975 5473 7·

2202 5505 2358 5554 non
2463 5480 2883 5578 corrumpit
2982 5481 3271 5579 aliquid
3366 5489 3742 5579 naturale,
3797 5522 4082 5573 Adrano-

2201 5597 2407 5694 quod
2465 5608 2580 5671 est
2641 5596 3145 5672 intrinsecum
3205 5605 3748 5702 naturae,quia
3777 5586 4106 5650 ⁰³⁸⁰P³¹¹⁸¹‘
