4295 6326
1368 437 1595 508 DIST.
1647 433 1973 507 xxxm.
2022 431 2443 517 QUAESTIO
2492 432 2733 511 UNIC.

462 615 646 692 Dico
680 619 883 716 quod
917 618 1044 694 ille
1086 641 1311 694 casus
1352 639 1751 713 nunquam
1817 637 2004 689 con-

458 734 778 830 tigisset,
852 736 1035 834 quia
1109 746 1291 810 tunc
1376 734 1542 832 ipsa
1632 734 1751 807 vel
1845 756 2001 806 non

454 849 877 944 genuisset,
913 852 1035 925 vel
1066 849 1281 949 prius
1330 848 1592 922 fuisset
1647 856 1998 945 purgata,

456 976 529 1040 et
594 975 754 1041 esto
832 967 1034 1065 quod
1097 968 1206 1041 sic
1255 965 1672 1063 genuisset,
1746 964 2001 1061 proles

437 1084 838 1161 >diceretur
876 1083 1084 1158 silius
1117 1082 1586 1182 peccatricis.
1632 1081 1802 1154 Non
1870 1080 2004 1177 igi·

457 1211 578 1275 tur
608 1225 700 1276 ex
733 1202 874 1275 hoc
903 1202 1183 1275 dicitur
1213 1210 1389 1275 caro
1422 1200 1660 1297 prolis
1691 1198 1996 1291 infecta,

339 1411 348 1419 ⁸
453 1317 636 1414 quia
674 1327 786 1391 est
846 1317 937 1391 do.
986 1317 1317 1401 infecto;
1373 1325 1535 1389 tum
1597 1315 1778 1411 quia
1819 1323 2001 1388 tunc

451 1432 720 1507 fuisset
748 1433 840 1508 de
887 1433 1205 1508 materia
1264 1432 1567 1521 infecta,
1623 1441 1697 1505 et
1749 1441 2001 1505 tamen

451 1547 617 1623 sine
693 1549 823 1623 tali
889 1550 1355 1643 infectione3
1428 1557 1588 1623 tum
1657 1546 1841 1645 quia
1871 1547 2003 1620 illa

451 1663 779 1762 qualitas
815 1664 1162 1739 morbida
1194 1688 1346 1739 non
1382 1673 1631 1762 potest
1662 1660 1997 1747 inficere,

448 1780 758 1876 quando
854 1803 1006 1853 non
1080 1790 1194 1855 est
1238 1804 1254 1863 ;
1318 1779 1453 1855 sed
1538 1779 1611 1851 in
1684 1776 1997 1852 instanti

450 1895 858 1970 infusionis
891 1897 1172 1971 animae
1199 1897 1441 1971 forma
1471 1893 1998 1969 substantialis

449 2013 795 2108 seminis,
841 2015 961 2089 vel
1005 2013 1380 2089 menstrui
1425 2012 1992 2110 corrumpitur;

448 2130 688 2227 igitur
718 2140 793 2205 et
823 2131 1191 2228 quaeelibet
1230 2130 1586 2227 qualitas,
1633 2153 1808 2227 quae
1861 2128 1999 2203 fuit

449 2248 526 2322 in
586 2250 714 2324 illo
771 2251 1192 2347 composito
1246 2276 1265 2342 ;
1320 2249 1554 2345 igitur
1606 2259 1784 2323 tunc
1840 2272 1994 2321 non

450 2376 697 2465 potest
719 2366 1031 2443 inficere
1064 2391 1397 2453 carnem,
1433 2390 1572 2441 nec
1605 2367 1940 2441 animam
1971 2391 1991 2459 3

453 2494 606 2557 tum
644 2483 827 2581 quia
856 2483 918 2558 si
956 2486 1102 2558 hoc
1135 2493 1337 2559 esset
1379 2507 1611 2558 causa
1661 2482 2000 2557 infectio·

450 2602 570 2675 nis
609 2601 873 2700 proliS,
930 2601 1113 2699 quia
1161 2611 1275 2676 cst
1336 2602 1429 2677 de
1489 2601 1794 2693 infecto,
1852 2600 1998 2696 igi-

448 2727 572 2792 tur
601 2717 741 2792 etsi
782 2718 993 2792 Deus
1053 2719 1410 2792 formaret
1470 2740 1712 2791 unum
1760 2716 1997 2790 homi-

452 2859 627 2910 nem
669 2835 762 2909 de
792 2834 1027 2931 digito
1069 2834 1410 2928 alteriuS,
1455 2835 1706 2909 adhuc
1761 2833 1997 2907 habe-

455 2960 566 3026 ret
656 2952 885 3025 talem
972 2950 1490 3045 infectionem,
1585 2950 1789 3049 quod
1884 2958 1999 3023 est

457 3080 721 3144 contra
750 3069 1197 3143 Anselmum
1234 3068 1326 3143 de
1375 3068 1762 3167 Conceptu
1832 3067 2000 3141 Vir-

3533 433 3660 504 157

2108 610 2411 684 originale,
2434 615 2488 667 et
2511 610 2833 682 explicatur
2857 612 3089 669 modus.
3124 609 3449 667 Resolvitur
3476 608 3652 665 etiam

2107 700 2352 770 quaestio
2409 700 2541 755 dist.
2602 699 2691 755 31.
2751 701 3042 772 quomodo
3093 699 3290 756 anima
3348 697 3654 754 contrabat

2104 788 2387 860 originale
2417 806 2450 843 a
2483 803 2653 845 carne
2679 789 2913 856 infecta,
2945 789 3016 846 de
3046 806 3165 861 quo
3198 789 3326 845 vide
3372 787 3533 843 Doct.
3589 786 3651 840 in

2104 876 2287 932 Oxou.
2322 877 2458 935 dist.
2485 879 2574 935 32.
2598 895 2758 934 num.
2789 880 2879 933 22.
2914 880 3059 934 Item
3115 878 3359 950 quaestio
3409 880 3460 931 2.
3513 874 3651 932 dist.

2100 964 2191 1019 30.
2227 966 2379 1037 quod
2409 967 2688 1039 originale
2719 973 2808 1023 est
2838 968 3082 1040 privatio
3106 968 3351 1038 justitiae
3383 965 3651 1037 origina-

2105 1054 2193 1112 lis.
2229 1055 2551 1111 Resolvitur
2588 1059 2762 1113 etiam
2799 1061 2998 1128 quaest.
3042 1057 3176 1112 dist.
3227 1058 3316 1111 32.
3368 1053 3650 1128 originale

2102 1142 2227 1199 tolli
2263 1161 2363 1217 per
2393 1145 2779 1212 Baptismum.
2804 1146 2946 1202 Vide
2978 1146 3034 1201 in
3069 1148 3247 1202 Oxou.
3283 1145 3473 1202 Schol.
3512 1145 3646 1200 dist.

2101 1234 2191 1288 32.
2224 1241 2282 1289 et
2311 1236 2397 1289 33.
2430 1237 2561 1290 [tem
2580 1234 2886 1291 resolvitur
2909 1236 3154 1307 quaestio
3187 1236 3358 1305 hujus
3389 1235 3526 1290 dist.
3559 1235 3649 1290 33.

2102 1323 2372 1394 parvulos
2398 1309 2586 1395 puniri
2619 1330 2843 1379 tantum
2901 1341 3068 1396 poena
3116 1325 3361 1392 damni3
3407 1323 3478 1379 de
3532 1337 3651 1394 quo

2103 1412 2231 1467 vide
2254 1412 2554 1469 Doctorem
2580 1412 2718 1468 dist.
2750 1412 2841 1467 33.
2879 1431 3042 1469 uum.
3074 1415 3129 1468 2.
3174 1418 3231 1469 et
3263 1412 3341 1486 ibi
3375 1412 3573 1469 Scbol.

2202 1662 2311 1737 De
2379 1665 2602 1738 tertio
2671 1663 3022 1754 articu10‚
3094 1664 3385 1738 scilicet
3451 1686 3650 1761 quo-

2107 1779 2332 1852 modo
2406 1780 2664 1855 anima
2739 1778 3127 1853 inficiatur
3207 1803 3299 1854 ex
3383 1801 3643 1874 carne,

2106 1895 2385 1970 dicitur
2452 1897 2657 1995 quod
2734 1896 3043 1971 infectio
3112 1897 3189 1969 in
3250 1920 3478 1972 carne
3538 1904 3652 1971 est

2102 2034 2338 2086 causa
2440 2012 2873 2088 infectionis
2958 2013 3036 2086 in
3123 2013 3407 2107 anima,
3495 2035 3651 2085 non

2102 2131 2413 2228 quidem
2443 2131 2614 2206 talis
2647 2132 3106 2225 infectioniS,
3145 2131 3396 2228 qualis
3427 2141 3541 2205 est
3573 2129 3651 2203 in

2100 2270 2359 2341 carne,
2418 2248 2602 2346 quia
2672 2248 2932 2322 anima
3008 2271 3162 2321 non
3223 2259 3339 2323 est
3412 2272 3655 2346 capax

2100 2364 2275 2438 talis
2338 2363 2801 2458 infectioniS,
2852 2365 2983 2440 sed
3036 2374 3152 2439 est
3194 2388 3429 2439 causa
3476 2363 3651 2438 talis

2101 2480 2565 2573 infectionis,
2599 2481 2851 2579 qualis
2891 2481 3150 2556 anima
3213 2489 3328 2555 est
3378 2504 3644 2579 capax,

2100 2595 2388 2670 scilicet
2441 2596 2714 2693 culpae.
2790 2596 3240 2692 Exemplum
3302 2595 3396 2668 ad
3439 2597 3583 2668 hoc
3628 2618 3643 2670 ε

2101 2712 2314 2786 Sicut
2350 2714 2697 2810 leprosus
2727 2721 3050 2808 tangens
3077 2711 3396 2809 aliquid,
3444 2712 3650 2810 quod

2101 2827 2257 2902 non
2300 2838 2414 2903 est
2444 2851 2683 2925 capax
2713 2828 2886 2902 talis
2928 2827 3201 2921 morbi,
3249 2828 3350 2902 ibi
3385 2836 3652 2902 causat

2101 2944 2330 3018 aliam
2386 2943 2870 3019 infectionem
2918 2971 2936 3036 ;
3005 2943 3068 3017 si
3127 2954 3382 3018 autem
3451 2953 3652 3019 esset

2101 3086 2339 3159 capax
2433 3061 2604 3135 talis
2715 3060 3208 3156 infirmitatis,
3298 3070 3650 3135 causaret

2101 3178 2339 3251 illam.
2378 3177 2746 3253 Similiter
2778 3179 3023 3273 cibus,
3059 3177 3191 3275 qui
3231 3177 3310 3250 in
3373 3201 3453 3253 se
3486 3202 3640 3252 non
3679 3177 4000 3305 ”gffgssssg'i‘

2102 3304 2217 3369 est
2283 3295 2661 3392 leprosuS,
2725 3319 2865 3370 nec
2958 3295 3398 3370 causativus
3469 3295 3644 3370 talis
3675 3303 3980 3417 eigggtq-ag-

2103 3409 2568 3485 infirmitatis
2662 3411 2739 3484 in
2818 3434 3310 3511 quocumque
3388 3436 3649 3487 come-
3835 3402 3849 3415 ⁶
3952 3405 3965 3418 '

455 3188 729 3287 qinalz',
765 3212 929 3286 cap.
981 3188 1098 3262 19.
1149 3198 1561 3286 ponentem
1613 3186 1997 3285 duplicem

148 3302 401 3414 Css‘r’ffig,
463 3329 774 3380 causam
823 3328 1059 3403 quare
1119 3303 1467 3379 Christus
1526 3327 1680 3378 non
1731 3301 2001 3378 habuit

109 3441 215 3476 ⁰0⁰
244 3428 436 3477 habuit
462 3431 860 3519 peccatum
902 3420 1301 3517 originale,
1339 3444 1663 3519 quarum
1700 3443 1857 3495 una
1888 3427 2002 3493 est

128 3491 411 3555 ⁰⁰⁸¹⁰⁸¹e⁸
463 3535 555 3609 ad
607 3535 1111 3633 propositum,
1171 3535 1354 3634 quia
1435 3535 1781 3610 Christus
1846 3557 2003 3609 non

455 3652 613 3748 fnit
684 3650 896 3748 filius
953 3651 1330 3728 naturalis
1385 3653 1612 3742 Adae,
1675 3652 1812 3727 sed
1849 3651 2006 3749 suit

458 3792 731 3866 corpus
811 3769 1099 3844 Clzristc‘
1161 3769 1253 3844 de
1332 3770 1772 3865 purissimis
1835 3794 2005 3844 san-

453 3882 815 3980 yuinibus
837 3884 1104 3959 Beatae
1144 3885 1502 3981 Virqinis.
1542 3884 1739 3971 Quid
1771 3884 2006 3980 igitur

459 3999 868 4075 dicendum
935 4001 1028 4075 de
1089 4001 1233 4075 isto
1292 4001 1633 4075 secundo
1683 4001 2006 4075 articulo

460 4116 887 4191 secundum
944 4118 1142 4191 hanc
1199 4117 1401 4191 viam
1439 4117 1479 4189 ’ἲ
1530 4117 1669 4191 Vel
1711 4127 2009 4215 oportet

461 4232 713 4307 dicere
747 4232 951 4331 quod
992 4233 1114 4306 vel
1182 4233 1365 4329 quia
1422 4233 1716 4308 semine
1793 4234 2008 4332 prius

462 4353 738 4427 infecto
798 4363 912 4427 est
968 4353 1073 4426 ita
1148 4337 1325 4427 caro
1401 4363 1793 4450 generata,
1887 4356 2007 4430 vel

463 4469 666 4565 quod
700 4468 773 4541 in
806 4469 1312 4544 seminatione
1344 4469 1681 4544 inficitur
1712 4494 2002 4545 semen.

467 4591 555 4662 Et
598 4590 739 4662 hoc
775 4589 1072 4663 videtur
1106 4588 1197 4663 de
1240 4589 1666 4665 intentione
1718 4592 2014 4688 Augus-

2104 3525 2359 3621 dente,
2432 3527 2506 3599 in
2570 3526 2829 3623 aliquo
2903 3537 3157 3602 tamen
3246 3529 3449 3626 quod
3538 3536 3655 3603 est

2106 3665 2346 3740 capax
2397 3641 2606 3717 illius
2657 3642 3149 3734 infirmitatis,
3215 3654 3481 3718 causat
3542 3654 3655 3719 ta-

2109 3760 2259 3834 lem
2296 3758 2847 3835 infirmitatem.
2921 3764 3029 3835 Ex
3088 3761 3253 3837 istis
3303 3771 3510 3860 patet
3558 3761 3654 3835 ad

2108 3877 2434 3976 primam
2487 3867 3024 3976 quaestionem,
3076 3881 3282 3977 quod
3333 3881 3657 3978 quilibet

2111 3998 2560 4073 naturaliter
2679 4007 3146 4096 propagatus
3280 3999 3662 4074 contrahit

2113 4121 2536 4210 peccatum,
2574 4112 2756 4211 quia
2797 4136 2932 4211 per
2964 4116 3106 4188 hoc
3161 4114 3363 4212 quod
3399 4113 3661 4187 anima

2108 4229 2295 4305 Adae
2354 4229 2568 4327 prius
2625 4230 2762 4304 fuit
2828 4230 3130 4324 infecta,
3202 4231 3342 4305 fuit
3396 4241 3662 4328 postea

2111 4369 2288 4420 caro
2366 4368 2508 4420 sua
2563 4345 2867 4440 infecta,
2932 4356 3005 4422 et
3067 4371 3160 4420 ex
3227 4370 3456 4421 carne
3519 4372 3662 4422 sua

2112 4486 2288 4537 caro
2378 4463 2641 4561 prolis,
2726 4473 2800 4537 et
2883 4463 3159 4538 deinde
3239 4487 3333 4539 ex
3429 4486 3659 4538 carne

2113 4579 2373 4654 anima
2402 4579 2665 4677 prolis.

468 4706 600 4779 tini
660 4706 752 4781 de
818 4706 976 4779 Fid.
1049 4707 1143 4780 ad
1217 4707 1418 4781 Petr.
1467 4731 1634 4806 cap.
1715 4708 1784 4781 ὃ.
1830 4708 2012 4784 Non
2212 4707 2303 4779 Et
2373 4729 2509 4804 per
2598 4709 2740 4782 hoc
2809 4715 3013 4804 patet
3069 4706 3349 4781 solutio
3417 4708 3659 4784 tertiae
3805 4708 3869 4775 8·

461 4823 850 4918 qeneralz'o
953 4822 1328 4897 naturalis
1431 4830 1693 4898 causat
1789 4825 2012 4899 islam
2113 4822 2592 4919 quaestionis,
2664 4823 2869 4920 quod
2948 4823 3206 4899 anima
3278 4827 3660 4904 contrahit
3743 4825 3968 4907 ⁰⁶0l⁸¹⁰.

469 4936 991 5035 infectionem,
1033 4938 1171 5013 sed
1217 4937 1451 5031 libido
1505 4940 1586 5012 in
1632 4963 2012 5038 propaqa-
2114 4948 2513 5036 peccatum
2557 4937 2930 5034 originale
2985 4962 3031 5013 a
3090 4962 3321 5015 carne
3381 4942 3659 5017 infecta
3688 4901 4000 5010 qufftffirns

468 5057 701 5149 tione,
746 5066 819 5131 et
845 5067 1157 5156 propter
1196 5059 1340 5131 hoc
1383 5058 1460 5132 in
1501 5059 2010 5134 seminatione

470 5173 769 5247 videtur
799 5174 1002 5271 quod
1037 5173 1400 5249 inficitur.

1009 5421 1366 5478 SCHOLIUM
1410 5424 1509 5478 ΙΙΙ.

540 5568 864 5625 Resolvitur
910 5569 1080 5639 juxta
1120 5568 1461 5624 sententiam
1510 5568 1756 5638 positam
1803 5573 2009 5640 quaeot.

472 5658 663 5732 prima
719 5657 1115 5714 distinctionis
1170 5657 1265 5711 30.
1331 5657 1601 5727 parvulos
1676 5658 2014 5715 contrahere

2114 5054 2515 5128 seminata.
2597 5054 2965 5129 Similiter
3045 5079 3136 5128 ex
3224 5056 3388 5130 istis
3455 5067 3661 5154 patet

2116 5169 2396 5244 solutio
2430 5171 2791 5245 secundae
2824 5171 3304 5268 quaestionis,
3370 5174 3660 5248 scilicet

2115 5309 2212 5360 an
2269 5297 2667 5383 peccatum
2736 5286 3108 5383 originale
3170 5288 3267 5362 sit
3322 5290 3663 5364 carentia

2106 5402 2427 5498 justitiae
2458 5402 2885 5499 originaliS,
2912 5404 3030 5477 vel
3063 5404 3247 5501 quid
3280 5405 3435 5479 sit?
3466 5405 3663 5492 Quia

2117 5518 2544 5593 secundum
2617 5519 3091 5622 opinionem·
3151 5521 3499 5617 Magistri
3581 5522 3661 5594 in

2116 5634 2390 5729 littera,
2427 5643 2626 5709 esset
2667 5636 3086 5710 tenendum
3137 5638 3343 5734 quod
3392 5662 3665 5736 pecca-
