4295 6326
326 2885 528 2934 Natura
560 2882 652 2932 du·

328 2947 540 3011 pliciter
560 2959 647 2995 su-

404 3010 583 3060 mitur.

662 449 746 517 86
2086 426 2320 497 LIBRI
2372 426 2459 494 11.

763 622 981 714 Item,
1049 619 1113 694 si
1191 638 1400 692 nunc
1485 619 1686 688 esset
1763 605 2210 705 ponendum

663 742 813 816 tale
858 739 1192 814 activum
1255 734 1789 821 intrinsecum,
1860 733 1942 799 ut
1996 723 2213 822 ponit

665 857 926 957 opinio
969 857 1203 955 prior,
1250 852 1451 950 quod
1487 856 1689 924 esset
1731 867 1905 943 pars
1946 842 2213 915 formfe

666 975 1088 1073 sequentis,
1134 981 1208 1047 et
1247 970 1525 1045 dicitur
1553 965 1743 1040 ratio
1786 957 2209 1045 seminaliS,
2286 1009 2292 1016 -

668 1118 935 1194 quaero
977 1115 1069 1167 an
1107 1091 1252 1165 ista
1285 1087 1474 1163 ratio
1510 1091 1684 1182 agat
1723 1080 1938 1181 prius
1996 1087 2216 1152 natu-

667 1212 926 1289 raliter
967 1233 1196 1308 quam
1240 1205 1673 1283 extrinseca
1715 1200 1985 1289 forma,
2039 1218 2214 1293 quae

668 1332 915 1429 ipsam
948 1329 1253 1419 excitat,
1287 1325 1408 1399 vel
1443 1320 1784 1397 excitans
1814 1316 2029 1415 prius
2061 1314 2218 1410 agit

667 1446 1147 1533 naturaliter,
1219 1452 1293 1519 et
1365 1452 1550 1515 tunc
1643 1438 1810 1535 ipsa
1894 1432 2220 1508 excitata

668 1565 922 1662 coagit
974 1563 1015 1634 ‘?
1081 1562 1163 1636 Si
1247 1560 1471 1635 detur
1557 1556 1920 1654 primum,
1985 1550 2219 1647 igitur

672 1692 1044 1782 perpetuo
1076 1686 1337 1776 ageret
1369 1677 1500 1749 illa
1532 1672 1720 1747 ratio
1756 1669 1833 1742 in
1870 1667 2214 1757 materia,

675 1800 858 1898 quia
897 1797 1054 1895 agit
1093 1796 1309 1895 prius
1348 1803 1653 1883 natura,
1718 1810 1948 1886 quam
2009 1784 2219 1859 exci-

676 1927 874 1992 tetur
913 1916 1007 1990 ab
1049 1912 1477 1988 extrinseco
1524 1936 1541 2001 ;
1587 1930 1769 2003 ergo
1817 1924 2215 1999 nunquam

676 2032 1002 2130 quiescit
1029 2028 1504 2105 naturaliter.
1553 2025 1632 2098 Si
1683 2023 1907 2097 detur
1955 2042 2223 2093 secun-

678 2150 889 2236 dum,
945 2148 1178 2246 igitur
1227 2147 1299 2218 in
1364 2144 1610 2243 primo
1670 2137 2013 2231 instanti,
2067 2160 2220 2235 quo

681 2290 917 2364 agens
949 2263 1375 2340 secundum
1428 2260 1702 2336 excitat
1742 2256 1928 2330 illud
1962 2252 2225 2328 intrin-

681 2408 975 2479 secum,
1020 2392 1132 2458 est
1174 2380 1369 2456 actio
1410 2375 1811 2468 naturaliS,
1861 2383 1936 2448 et
1964 2383 2219 2446 tamen

683 2501 848 2575 sine
918 2507 1287 2595 coagente
1356 2494 1801 2584 intrinsece,
1892 2490 2074 2587 quia
2160 2488 2222 2561 si

682 2620 878 2694 actio
911 2619 1009 2692 sit
1049 2615 1451 2707 naturaliS,
1486 2612 1716 2709 igitur
1759 2607 2221 2706 principium

684 2736 1010 2812 actionis
1042 2743 1157 2811 est
1196 2731 1574 2807 naturale.

781 2853 1104 2928 Videtur
1134 2851 1367 2948 igitur
1394 2846 1596 2945 quod
1636 2850 1918 2919 natura
1949 2842 2229 2915 dicitur

683 2971 1115 3070 dupliciter,
1163 2991 1318 3043 uno
1352 2965 1607 3056 modo,
1673 2971 1755 3035 ut
1818 2959 2228 3055 distingui-

681 3101 808 3165 tur
859 3096 1125 3163 contra
1185 3085 1686 3174 intellectum,
1752 3089 1822 3154 et
1881 3078 2228 3150 volunta-

683 3219 835 3284 tem
870 3216 943 3282 et
984 3216 1248 3290 artem,
1282 3213 1357 3277 et
1395 3224 1632 3297 agens
1672 3223 1717 3273 a
1766 3194 2157 3296 proposito
2204 3222 2223 3287 3

682 3336 754 3402 et
796 3326 938 3399 isto
977 3323 1197 3396 modo
1257 3330 1534 3394 natura
1591 3327 1706 3392 est
1762 3313 2224 3413 principium

684 3442 1273 3519 determinatum
1309 3463 1397 3513 ex
1432 3460 1512 3511 se
1551 3434 1643 3509 ad
1685 3432 2096 3530 agendum,
2156 3440 2228 3503 et

684 3561 793 3635 sic
827 3560 1126 3633 nullum
1153 3578 1393 3653 agens
1424 3553 1582 3649 agit
1617 3551 2017 3634 violenter,
2046 3548 2230 3645 quia

686 3679 842 3775 agit
891 3674 1313 3752 secundum
1383 3694 1597 3746 suam
1670 3671 2026 3752 formam;
2066 3688 2229 3763 pas-

686 3820 857 3870 sum
924 3805 1175 3868 tamen
1263 3800 1511 3889 potest
1585 3787 1960 3861 violenter
2041 3784 2223 3882 pati,

685 3911 994 4012 quando
1122 3908 1572 3985 naturaliter
1690 3903 2220 3979 contrafertur.

685 4032 852 4106 Alio
932 4030 1156 4104 modo
1271 4026 1642 4124 accipitur
1716 4029 1995 4097 natura
2090 4044 2228 4118 pro

686 4148 1028 4244 sthecto
1104 4141 1643 4234 naturalitatis,
1724 4140 1802 4213 in
1886 4161 2039 4236 quo
2116 4147 2231 4212 est

685 4265 1059 4342 naturalis
1099 4261 1494 4338 inclinatio
1527 4259 1618 4332 ad
1654 4256 1970 4355 aliquid,
2009 4265 2082 4329 et
2121 4254 2229 4328 sic

685 4384 1049 4462 animalia
1126 4382 1410 4457 habent
1463 4375 1878 4476 potentiam
1930 4382 2231 4446 natura-

686 4507 832 4579 lem
869 4504 944 4575 in
991 4510 1195 4574 motu
1234 4491 1912 4593 augmentationis,
1979 4490 2232 4564 nutri-

689 4622 949 4715 tioniS,
1021 4626 1164 4693 etc.
1248 4616 1322 4688 in
1402 4615 1546 4686 hoc
1624 4609 1939 4701 scilicet,
2026 4607 2229 4705 quod

690 4736 1140 4813 naturaliter
1206 4740 1527 4830 possunt
1599 4725 2107 4824 augmentari,
2191 4750 2231 4800 a

688 4859 1179 4957 quocumque
1222 4857 1495 4946 agente
1537 4849 1682 4920 hoc
1716 4845 1872 4931 fiat,
1918 4856 1989 4917 et
2030 4844 2234 4917 acci-

691 4976 800 5051 dit
838 4971 1043 5071 quo‘d
1078 4967 1411 5043 activum
1447 4964 1564 5038 sui
1621 4971 1871 5036 motus
1901 4971 2232 5051 ,natura-

689 5096 859 5169 liter
892 5095 1241 5162 movetur
1308 5084 1692 5166 deorsum,
1753 5080 1936 5176 quia
2007 5079 2235 5152 habet

689 5209 1119 5286 naturalem
1200 5199 1774 5275 inclinationem
1841 5197 1930 5270 ad
2007 5198 2233 5270 talem

691 5338 1009 5404 motum.
1113 5320 1238 5393 Sic
1339 5315 1571 5412 igitur
1656 5314 1934 5388 dicitur
2027 5311 2232 5408 quod

686 5453 964 5521 ηαίιινα
999 5445 1245 5537 potest
1284 5432 1524 5528 accipi
1563 5455 1696 5528 pro
1747 5440 2050 5527 agente,
2111 5428 2231 5502 vel

688 5587 827 5663 pro
909 5579 1133 5657 passo
1220 5549 1579 5641 naturali,
1671 5571 1812 5621 nec
1888 5545 2236 5642 sequitur

692 5678 895 5779 quod
926 5669 1319 5772 generatio
1367 5667 1740 5741 naturalis
1795 5667 1891 5740 sit
1918 5662 2226 5739 creatio,

2855 720 3222 779 SCHOLIUM
3258 721 3328 777 11.

2389 919 2701 975 Solvuntur
2758 914 3010 970 rationes
3060 910 3325 967 adductae
3386 925 3548 964 num.
3602 910 3652 962 3.
3709 912 3762 963 et
3816 908 3869 961 4.

2320 1011 2636 1067 suadentes
2674 1005 2931 1079 aliquam
2996 1008 3214 1076 partem
3275 1002 3472 1057 formae
3531 999 3871 1054 inducendae

2322 1099 2694 1174 praeexistere
2724 1097 2782 1151 in
2816 1094 3083 1164 materia,
3116 1108 3365 1164 eamque
3413 1106 3544 1146 esse
3585 1088 3869 1145 rationem

2322 1188 2682 1249 seminalem.
2713 1187 2796 1243 Ad
2829 1186 3109 1259 primum,
3144 1182 3402 1239 ostendit
3435 1180 3867 1237 naturalitatem

2321 1287 2512 1337 motus
2543 1294 2671 1335 esse
2702 1293 2735 1332 a
2767 1275 3053 1349 principio
3084 1273 3337 1347 passivo.
3380 1271 3461 1327 De
3509 1285 3623 1342 quo
3671 1269 3791 1339 agit
3814 1268 3870 1322 2.

2321 1370 2550 1443 Physic.
2589 1373 2791 1440 quaest.
2826 1367 2878 1421 4.
2942 1364 3021 1420 Ad
3085 1364 3440 1429 secundum,
3498 1361 3569 1416 de
3628 1359 3868 1414 distinc-

2322 1463 2479 1517 tione
2507 1456 2790 1514 neturalis
2820 1463 2873 1511 et
2902 1451 3248 1517 artificialis,
3279 1450 3410 1506 vide
3441 1465 3575 1505 eum
3617 1449 3668 1502 2.
3724 1448 3871 1519 Phy-

2323 1553 2427 1608 sic.
2462 1555 2665 1623 quaest.
2698 1551 2752 1602 2.

2423 1795 2532 1870 Ad
2602 1794 2933 1892 primum
3005 1790 3238 1885 igitur
3308 1810 3444 1886 pro
3504 1784 3868 1883 opinione
4040 1829 4127 1896 7.

2328 1912 2587 2012 priori,
2642 1918 2845 2009 patet
2892 1907 3094 2006 quod
3149 1929 3303 1978 non
3369 1912 3483 1977 est
3553 1900 3865 1987 creatiO,
3905 1944 3988 1994 Ad
4019 1957 4249 2009 argum.

2329 2030 2510 2127 quia
2597 2026 2913 2101 materia
3014 2019 3641 2123 praesupponitur
3703 2042 3719 2104 ;
3801 2026 3875 2090 et
3908 2008 4251 2120 '‘⁰32¹3i1†¹‘

2330 2172 2504 2222 cum
2574 2144 2877 2236 dicitur,
2959 2139 3304 2216 definitio
3358 2144 3710 2243 'naturae
3788 2134 3867 2206 2.

2327 2263 2643 2365 Physic.
2683 2259 3046 2335 convenit
3086 2256 3491 2355 aequaliter
3533 2252 3876 2327 materiae

2332 2396 2405 2461 et
2494 2384 2782 2474 formae,
2908 2377 3186 2452 dicitur
3244 2375 3444 2474 quod
3518 2371 3879 2447 convenit

2332 2499 2710 2601 principio
2754 2496 3091 2595 passivo,
3139 2493 3322 2591 quia
3391 2492 3469 2564 in
3522 2513 3613 2565 eo
3672 2488 3877 2588 quod

2338 2626 2689 2693 movetur
2720 2612 3173 2688 naturaliter
3206 2609 3663 2707 inquantum
3698 2606 3874 2699 tale,

2334 2737 2558 2811 debet
2642 2755 2809 2808 esse
2914 2728 3375 2828 principium
3486 2724 3875 2823 passivum

2337 2864 2612 2927 motus.
2706 2850 2925 2924 Unde
3028 2867 3498 2945 quamquam
3600 2848 3880 2916 natura
3944 2902 4241 2954 Naturan-

2332 2969 2632 3043 dicatur
2662 2967 3049 3057 deforma,
3085 2961 3367 3036 dicitur
3398 2959 3603 3057 quod
3638 2960 3881 3032 forma
3910 2970 4003 3016 tas
4042 2972 4245 3040 motus

2330 3095 2444 3161 est
2518 3083 2983 3184 principium
3056 3078 3450 3178 passivum
3527 3084 3876 3174 respectu
3910 3042 4250 3155 effiopssffs‘ssiff

2333 3212 2584 3276 motus
2618 3197 3017 3289 naturalis,
3056 3195 3239 3293 quia
3291 3193 3602 3267 materia
3632 3191 3881 3290 prima
4034 3171 4137 3207 '⁰'

2332 3343 2486 3393 non
2549 3315 2965 3390 inclinatur
3032 3313 3123 3387 ad
3205 3311 3564 3385 deorsum
3635 3308 3878 3404 magis

2333 3460 2562 3535 quam
2599 3434 2690 3508 ad
2734 3455 3072 3524 sursum,
3109 3428 3257 3502 nisi
3299 3451 3438 3525 per
3499 3427 3814 3500 formam
3855 3452 3874 3519 3

2334 3554 2462 3629 sed
2508 3562 2749 3627 toturn
2783 3571 3014 3647 grave
3045 3547 3271 3622 habet
3302 3544 3876 3619 inclinationem

2335 3670 2763 3746 naturalem
2851 3665 2943 3740 ad
3009 3687 3176 3739 esse
3237 3662 3652 3754 deorsum3
3708 3658 3878 3733 ideo

2338 3791 2576 3862 forma
2612 3783 2785 3859 moti
2832 3806 2984 3856 non
3031 3789 3145 3855 est
3184 3778 3436 3854 activa
3468 3786 3719 3851 motus
3759 3774 3878 3850 sui

2335 3907 2793 4002 inquantum
2850 3901 3027 3992 tale,
3083 3897 3215 3972 sed
3276 3894 3610 3994 passiva,
3684 3893 3882 3967 sicut

2340 4026 2580 4099 forma
2681 4017 3210 4096 substantialis
3272 4012 3682 4114 specifica,
3768 4022 3885 4087 est

2338 4140 2684 4240 proxima
2752 4136 2943 4209 ratio
3014 4131 3431 4230 recipiendi
3492 4129 3875 4228 propriam

2338 4257 2803 4356 passionem,
2862 4252 3045 4349 quia
3107 4274 3258 4323 non
3327 4248 3572 4344 magis
3615 4245 3885 4343 recipit

2339 4378 2569 4449 homo
2605 4370 3107 4444 risibilitatem
3155 4367 3232 4440 in
3278 4365 3598 4439 materia
3647 4385 3879 4459 quam

2339 4493 2629 4568 asinus.

2434 4608 2542 4682 Ad
2605 4604 2842 4695 aliud,
2916 4602 3083 4675 dico
3180 4598 3383 4695 quod
3453 4596 3883 4671 differentia
3922 4635 4017 4685 Ad
4072 4651 4272 4692 secun

2336 4735 2447 4799 est
2482 4725 2679 4797 inter
2710 4717 3090 4794 naturalia
3117 4725 3191 4790 et
3229 4713 3684 4804 artificialia,
3722 4736 3875 4786 non
4027 4701 4220 4752 ‘¹⁰¹¹‘-

2336 4843 2411 4915 in
2451 4843 2593 4914 hoc
2635 4837 2834 4937 quod
2868 4832 3251 4908 naturalia
3303 4831 3636 4904 habeant
3679 4828 3883 4926 prin-

2339 4958 2621 5057 cipium
2667 4955 2998 5030 activum
3045 4949 3163 5025 sui
3210 4958 3488 5041 motus,
3533 4945 3662 5021 sed
3699 4946 3886 5043 quia

2340 5077 2414 5149 in
2454 5071 2935 5148 naturalibus
2963 5079 3078 5144 est
3114 5065 3513 5139 inclinatio
3574 5063 3886 5161 passiva

2340 5196 2758 5269 intrinseca
2802 5220 2819 5284 ;
2857 5190 2986 5263 sed
3024 5189 3096 5260 in
3156 5183 3708 5272 artificialibus,
3763 5183 3886 5255 vel

2343 5323 2456 5387 est
2541 5307 2991 5384 naturaliter
3085 5299 3560 5393 contraferri,
3690 5298 3892 5373 sicut

2341 5427 2616 5503 accidit
2666 5448 2839 5499 cum
2894 5421 3091 5518 lapis
3158 5417 3471 5516 ponitur
3527 5415 3888 5513 superius

2342 5566 2575 5642 super
2649 5542 2883 5615 alium
2946 5534 3307 5633 lapidem,
3426 5532 3547 5607 vel
3618 5532 3886 5630 saltem

2345 5660 2570 5734 habet
2614 5654 3189 5732 inclinationem
3261 5650 3719 5738 naturalem,
3783 5647 3894 5723 in-
