4295 6326
693 371 825 438 576

694 562 871 613 cum
942 540 1246 634 dicitur,
1316 541 1650 615 hominis
1741 564 1897 615 non
1966 539 2239 631 inviti3

699 659 1046 734 minister
1111 683 1284 734 cum
1403 660 1706 753 dicitur,
1796 657 1886 733 ab
1982 656 2260 755 aliquo.

694 774 1072 849 abluente.
1173 779 1302 850 Est
1387 801 1569 873 ergo
1639 777 2015 874 completa
2076 776 2245 847 haec

694 891 1038 967 definitio
1081 893 1449 990 Baptismi
1493 917 1584 968 ex
1636 892 1944 991 proprie
1987 913 2248 965 corre-

695 1009 927 1084 lative
989 1020 1061 1084 et
1132 1009 1655 1102 fundamento,
1729 1018 1803 1083 et
1879 1006 2243 1081 omnibus

694 1125 863 1199 aliis
908 1125 1319 1223 requisitis,
1371 1135 1451 1199 ut
1512 1125 1831 1199 materia
1890 1134 1961 1197 et
2007 1125 2248 1196 forma

695 1253 768 1318 et
809 1244 1182 1329 ministre,
1221 1268 1398 1343 quae
1444 1244 1702 1341 aliquo
1760 1244 1984 1316 modo
2018 1266 2096 1316 se
2132 1250 2249 1316 te-

696 1369 881 1435 nent
918 1385 1009 1436 ex
1059 1370 1273 1458 parte
1316 1360 1822 1454 fundamenti,
1878 1384 2056 1458 quae
2089 1383 2244 1434 non

698 1477 799 1550 ita
874 1477 1180 1575 proprie
1249 1477 1530 1551 dicitur
1604 1475 1976 1568 definitio,
2051 1476 2250 1550 sicut

697 1592 853 1685 illa,
901 1616 1076 1691 quae
1130 1603 1241 1667 est
1283 1592 1729 1690 quidditatis
1797 1602 2010 1668 extra
2077 1592 2262 1665 ani-¹

703 1732 932 1801 mam,
978 1708 1111 1784 sed
1151 1710 1350 1783 sicut
1388 1731 1640 1784 sermo
1693 1707 2252 1806 quidditativus

703 1825 808 1899 rei
889 1826 1092 1900 intra
1186 1826 1552 1900 animam.
1664 1826 2249 1900 Sacramentum

702 1943 904 2017 enim
942 1953 1056 2017 est
1101 1944 1409 2039 signum
1456 1943 1895 2037 formaliter,
1947 1955 2020 2018 et
2055 1944 2256 2017 rela-

700 2061 803 2134 tio
846 2059 1193 2153 rationiS,
1250 2070 1324 2135 et
1357 2062 1682 2136 refertur
1748 2061 1842 2135 ad
1904 2060 2256 2134 invisibi-

704 2178 849 2250 lem
883 2177 1236 2273 gratiam,
1286 2187 1364 2251 ut
1432 2178 1971 2253 correlativum
2030 2186 2103 2251 et
2147 2176 2256 2250 si-

700 2304 1046 2389 gnatum.
1094 2294 1205 2368 De
1258 2296 1502 2368 forma
1548 2304 1805 2369 autem
1849 2293 2248 2392 Baptismi,

701 2409 895 2482 etde
940 2409 1108 2506 ejus
1166 2409 1674 2499 institutione,
1721 2421 1794 2484 et
1854 2411 2083 2484 etiam
2162 2410 2254 2484 de

701 2525 869 2623 ejus
921 2525 1195 2601 effectu
1265 2527 1343 2600 in
1405 2551 1546 2601 sue
1616 2527 2070 2601 correlative
2130 2528 2257 2600 ha-

702 2642 927 2715 betur
994 2640 1073 2714 in
1125 2640 1297 2716 aliis
1375 2640 1936 2740 quaestionibus
2020 2639 2255 2737 hujus

700 2756 1269 2844 distinctionis;
1316 2758 1409 2832 de
1469 2757 1935 2855 suscipiente
1996 2765 2251 2831 autem

704 2872 1032 2946 habetur
1072 2872 1411 2946 distinct.
1460 2872 1527 2944 4.
1572 2871 1698 2946 ubi
1732 2872 1823 2946 de
1854 2872 1999 2947 iste
2042 2895 2259 2969 quae-

702 2999 953 3083 retur3
995 2990 1085 3063 de
1150 2989 1498 3063 ministro
1537 3013 1750 3082 vere,
1815 3014 1857 3063 a
1925 3013 2077 3087 quo
2120 2989 2258 3065 de-

699 3105 873 3180 beat
941 3104 1296 3198 conferri,
1342 3104 1516 3179 disc.
1599 3104 1669 3178 5.
1744 3104 1877 3180 ubi
1940 3104 2031 3178 de
2112 3106 2257 3179 hoc

705 3234 1083 3319 tangetur,
1158 3232 1230 3299 et
1297 3223 1429 3296 illa
1501 3245 1676 3319 quae
1744 3223 2256 3320 pertinentad

704 3340 1288 3436 dispositionem
1333 3339 1500 3434 ejus
1554 3338 2254 3413 declarabunturin

708 3455 958 3529 tribus
1000 3454 2198 3552 distinctionibussequentibus.

478 3580 544 3646 3.
809 3572 1191 3659 Quantum
1284 3593 1465 3666 erge
1556 3571 1648 3645 ad
1729 3569 2255 3646 definitionem

394 3693 646 3805 ffafiiiiii'
710 3687 1085 3784 Magistri,
1120 3688 1211 3760 de
1241 3709 1394 3783 qua
1421 3687 1819 3782 quaeritur,
1852 3687 2020 3760 dico
2049 3687 2256 3784 quod

356 3772 673 3870 deulgratur·
709 3817 824 3880 est
875 3805 1105 3898 bona,
1161 3803 1225 3877 si
1292 3803 1800 3900 suppleantur
1868 3813 1941 3877 et
2012 3805 2258 3903 expli-

705 3932 977 3998 centur
1016 3921 1149 3996 illa
1205 3944 1381 4018 quae
1422 3919 1501 3992 in
1535 3920 1701 4018 ipsa
1730 3920 2253 4015 continentur,

705 4039 891 4137 quia
921 4048 1104 4113 tunc
1149 4047 1264 4112 est
1321 4037 1587 4111 eadem
1644 4061 1818 4111 cum
1858 4037 2250 4134 praedicta.

706 4157 899 4229 Nam
944 4179 1116 4229 cum
1158 4153 1339 4228 dicit
1380 4153 1584 4251 quod
1654 4159 1765 4227 est
1793 4152 2079 4228 ablutio
2131 4178 2258 4228 θω-

702 4275 940 4347 terior
961 4273 1170 4368 sacta
1203 4272 1279 4344 ίη
1314 4294 1538 4367 aqua,
1584 4271 1824 4367 tangit
1858 4272 2252 4346 materiam

704 4389 935 4486 hujus
976 4386 1496 4481 Sacramenti3
1544 4410 1719 4461 cum
1764 4412 1943 4462 vero
1975 4389 2256 4489 dicitur

700 4505 907 4602 quod
941 4511 1052 4579 est
1087 4502 1404 4597 ablutae,
1452 4527 1605 4577 nen
1658 4505 2247 4604 cujuscumque,

697 4624 829 4696 sed
883 4621 1251 4719 corpori&
1323 4621 1658 4717 tangitur
1724 4625 2248 4720 susceptivum

698 4735 931 4830 hujus
973 4733 1480 4827 Sacramenti,
1544 4743 1616 4807 et
1658 4735 1883 4809 datur
1926 4736 2247 4834 intelligi

694 4851 986 4926 ablutio
1022 4850 1367 4949 corporis
1429 4852 1764 4926 heminis
1809 4877 1959 4926 non
1994 4853 2241 4948 inviti,

692 4970 874 5068 quia
917 4995 1067 5044 non
1114 4969 1457 5068 corporis
1533 4971 1756 5064 asini,
1829 4973 1947 5046 vel
1993 4973 2240 5067 beviS,

691 5087 874 5184 quia
941 5085 1228 5160 ablutio
1328 5110 1479 5158 nen
1550 5085 1634 5159 fit
1731 5087 1876 5161 nisi
1982 5089 2241 5186 aliquo

687 5204 1094 5286 abluente;
1137 5203 1304 5275 ideo
1357 5214 1920 5301 consequenter
1951 5205 2078 5279 dat
2116 5205 2243 5279 in-

684 5319 1032 5412 telligere
1071 5317 1500 5390 ministrum
1530 5318 1761 5414 hujus
1793 5320 2242 5394 Sacramen-

2073 369 2315 439 LlBRI
2361 369 2481 440 lv.

2356 561 2556 611 mam
2600 536 2833 634 hujus
2892 536 3396 631 Sacramenti,
3468 545 3543 612 et
3600 536 3705 611 ita
3762 536 3902 609 ad-

2353 654 2602 729 dendo
2671 655 2877 752 quod
2936 654 3221 749 addidi,
3297 655 3623 729 habetur
3685 654 3912 728 cem-'

2352 772 2557 868 pleta
2598 771 2764 868 ejus
2844 771 3217 848 definitio,

2449 889 2562 962 Ad
2623 899 3164 985 argumentum
3243 893 3316 965 in
3396 888 3894 973 contrarium,

2354 1006 2521 1080 dice
2565 1006 2772 1102 quod
2851 1006 2926 1078 in
2990 1006 3517 1083 artificialibus
3579 1006 3897 1081 materia

4055 876 4126 941 4.

3924 991 4007 1040 Ad
4042 1011 4233 1062 argum.

3923 1056 4219 1122 Responsio

2354 1131 2468 1194 est
2499 1131 2654 1194 tota
2694 1121 3122 1197 substantia
3154 1124 3290 1213 rei,
3336 1133 3409 1199 et
3441 1123 3611 1197 ideo
3666 1122 3740 1195 in
3785 1146 3895 1196 ar·
3924 1120 4234 1175 memmii,

2358 1355 2677 1429 materia
2738 1356 2831 1430 de
2900 1342 3056 1430 tote
3116 1357 3519 1433 artificiate
3570 1359 3648 1432 in
3705 1383 3894 1434 cen-

2358 1481 2592 1563 crete,
2629 1471 2762 1545 sed
2795 1472 3024 1546 etiam
3071 1473 3145 1545 in
3182 1474 3561 1550 abstracto
3599 1502 3615 1561 ;
3653 1483 3904 1549 statua

2358 1584 2564 1660 enim
2599 1608 2750 1658 non
2783 1588 3031 1660 selum
3093 1598 3208 1663 est
3259 1612 3395 1683 aes,
3467 1590 3600 1664 sed
3651 1612 3897 1682 aenea,

2362 1702 2637 1775 domus
2679 1725 2833 1774 nen
2904 1704 3151 1776 selum
3215 1716 3325 1779 est
3374 1706 3699 1802 lignum,
3767 1704 3900 1780 sed

2361 1817 2662 1913 lignea3
2719 1817 2892 1893 ideo
2948 1843 3123 1893 cum
3167 1820 3754 1897 Sacramentum
3808 1821 3905 1895 sit

2360 1934 3012 2026 sicutartificiale,
3068 1938 3255 2036 quia
3306 1949 3424 2014 est
3473 1938 3905 2036 signumad

2361 2051 2754 2148 placitum,
2841 2063 2915 2127 et
2972 2077 3123 2126 non
3216 2057 3591 2142 naturale,
3658 2056 3906 2152 potest

2362 2167 2509 2241 dici
2589 2191 2755 2241 esse
2818 2192 2959 2242 sua
3012 2170 3356 2264 materia,
3420 2181 3499 2245 ut
3527 2172 3734 2268 quod
3810 2170 3910 2245 sit

2360 2281 2649 2356 ablutio
2705 2282 2901 2356 facta
2941 2284 3020 2356 in
3064 2309 3289 2385 aqua.
3349 2287 3612 2362 Potest
3671 2287 3902 2361 etiam

2359 2398 2534 2492 dici,
2581 2399 2786 2496 quod
2869 2401 3309 2499 Baptismus
3368 2427 3522 2477 non
3606 2412 3907 2477 tantum

2360 2524 2474 2590 est
2538 2518 2827 2592 ablutio
2896 2520 3238 2617 corperis
3306 2520 3382 2593 in
3462 2542 3689 2617 aqua,
3760 2520 3891 2595 sed

2362 2656 2537 2707 cum
2573 2632 2827 2708 debita
2859 2634 3098 2709 forma
3126 2636 3569 2730 verborum,
3617 2644 3690 2710 et
3737 2634 3909 2710 aliis

2362 2748 2935 2824 conditionibus
3038 2752 3396 2849 superius
3481 2750 3901 2850 requisitis,

2361 2866 2771 2964 expressis,
2858 2877 2930 2941 et
3017 2867 3145 2942 ubi
3214 2877 3450 2944 totum
3542 2894 3698 2943 nen
3794 2878 3911 2945 est

2365 3006 2635 3076 unum,
2673 2982 2820 3056 nisi
2883 2983 3160 3059 virtute
3229 2985 3549 3080 ordiniS,
3621 2984 3909 3060 sufficit

2363 3102 2565 3200 qued
2611 3111 2863 3200 partes
2900 3102 3068 3201 ejus
3125 3105 3641 3203 exprimentes
3695 3104 3912 3204 quid-

2361 3220 2668 3299 ditatem
2741 3220 2977 3314 illius,
3083 3222 3280 3297 sicut
3341 3232 3584 3297 totum
3672 3224 3908 3299 habet

2362 3336 2890 3433 quidditatem,
2957 3339 3163 3435 quod
3215 3340 3548 3415 habeant
3606 3350 3906 3415 tantum

2363 3452 2734 3527 unitatem
2768 3453 3087 3548 ordinis,
3124 3456 3323 3530 sicut
3353 3468 3465 3532 est
3497 3456 3573 3530 in
3618 3482 3906 3555 prepo-

2360 3569 2504 3644 sito
2561 3570 2653 3644 de
2695 3571 3014 3646 materia
3054 3582 3129 3647 et
3187 3573 3427 3648 ferma
3499 3574 3731 3670 hujus
3772 3573 3909 3649 Sa-

2361 3686 2762 3761 eramenti.

2849 3973 3250 4050 QUAESTIO
3303 3975 3385 4040 11.

2366 4164 2612 4231 Utrum
2643 4165 2787 4232 lzaec
2822 4165 2916 4232 sit
2938 4168 3225 4251 praecise
3254 4170 3486 4254 forma
3526 4166 3738 4256 huius
3765 4174 3901 4240 Sa·

2449 4274 2840 4339 crementi:
2876 4276 3020 4361 Ege
3061 4280 3128 4341 te
3159 4273 3438 4364 baptizo
3483 4275 3559 4342 in
3600 4276 3902 4346 nemine

2453 4379 2707 4458 Patris,
2744 4383 2813 4448 et
2870 4380 3059 4464 Filii,
3113 4385 3183 4450 et
3234 4383 3549 4472 Spiritus
3592 4385 3831 4454 sancti
3870 4387 3903 4450 ἱ)

2357 4574 2551 4629 Aleos.
2586 4573 2639 4626 4.
2681 4590 2733 4643 p.
2767 4591 2818 4645 q.
2865 4575 2948 4629 13.
2976 4591 3049 4628 m.
3082 4575 3135 4630 3.
3178 4591 3277 4646 per
3327 4587 3575 4646 quatuor
3620 4580 3779 4633 artic.
3827 4579 3893 4634 D.

2431 4649 2637 4700 Bonav.
2671 4647 2758 4700 hic
2787 4662 2837 4700 a.
2871 4648 2925 4700 2.
2959 4662 3058 4716 per
3085 4652 3280 4701 totum.
3316 4648 3584 4704 Richard.
3612 4654 3721 4706 art.
3752 4651 3807 4704 2.
3839 4669 3894 4723 q.

2424 4717 2477 4770 3.
2544 4717 2605 4771 D.
2665 4717 2865 4772 Tbem.
2926 4733 2977 4787 q.
3027 4718 3081 4772 2.
3127 4727 3179 4774 et
3222 4720 3275 4773 3.
3320 4737 3373 4789 p.
3425 4737 3474 4790 q.
3507 4722 3595 4775 66.
3627 4738 3676 4777 η.
3709 4723 3762 4777 5.
3801 4725 3896 4779 ubi

2424 4788 2585 4842 Suar.
2620 4788 2761 4859 disp.
2795 4789 2885 4843 21.
2918 4789 3067 4845 Scot.
3094 4791 3152 4844 in
3184 4790 3355 4846 Oxou.
3390 4795 3494 4846 hic.

2450 4967 2816 5062 Arguitur
2840 4968 3045 5065 quod
3090 4993 3271 5056 nen,
3339 4971 3580 5045 ferma
3637 4982 3751 5047 est
3810 4973 3886 5048 in

2307 1237 2797 1313 ·tificialibus
2866 1264 3017 1314 nen
3110 1242 3359 1315 selum
3431 1241 3896 1339 praedicatur
3925 1184 4234 1300 ῗῖἰίᾶῗόῐῖιῗ

4071 1313 4121 1364 2.

4065 4987 4125 5052 1.

2354 5084 2670 5158 materia
2719 5085 2912 5180 ejus,
2968 5086 3189 5183 cujus
3247 5098 3360 5160 est
3422 5089 3664 5164 forma
3698 5118 3715 5183 3
3754 5091 3888 5166 sed
3919 5099 4230 5170 Argumem„
4275 5071 4276 5098 ³

2348 5198 2492 5275 ista
2532 5201 2765 5277 verba
2808 5227 2961 5277 non
2997 5213 3176 5277 sunt
3217 5204 3294 5277 in
3347 5229 3574 5304 aqua,
3631 5208 3882 5282 necin

2345 5317 2737 5394 ablutione
2814 5320 3010 5395 facta
3103 5318 3180 5393 in
3262 5345 3464 5419 aqua
3543 5350 3558 5410 ;
3668 5349 3880 5422 erge,

686 5431 765 5505 ti.
842 5433 990 5508 Per
1052 5434 1194 5506 hoc
1265 5441 1521 5504 autem
1585 5434 1792 5529 qued
1852 5434 2031 5508 dicit
2095 5434 2233 5508 sub
2343 5443 2488 5508 etc.

679 5548 939 5646 forma
984 5547 1417 5641 verborum,
1471 5557 1612 5622 etc.
1661 5550 2014 5647 exprimit
2084 5552 2237 5625 fer-

2441 5554 2655 5645 Item,
2684 5554 2748 5629 si
2785 5557 2946 5629 haec
2969 5555 3416 5653 prepositiO,
3454 5582 3587 5657 eqo
3619 5569 3689 5636 te
3712 5561 3890 5662 bap-

3955 5178 4203 5226 primum.

3979 5535 4176 5586 Secun-

3999 5601 4144 5648 dum.
