<?xml version="1.0" encoding="UTF-8"?>
<!DOCTYPE html PUBLIC "-//W3C//DTD XHTML 1.0 Transitional//EN"
    "http://www.w3.org/TR/xhtml1/DTD/xhtml1-transitional.dtd">
<html xmlns="http://www.w3.org/1999/xhtml" xml:lang="en" lang="en">
 <head>
  <title>
</title>
<meta http-equiv="Content-Type" content="text/html;charset=utf-8" />
  <meta name='ocr-system' content='tesseract 3.04.00' />
  <meta name='ocr-capabilities' content='ocr_page ocr_carea ocr_par ocr_line ocrx_word'/>
</head>
<body>
  <div class='ocr_page' id='page_1' title='image "./joannisdunsscot00waddgoog_0288.png"; bbox 0 0 4295 6326; ppageno 0'>
   <div class='ocr_carea' id='block_1_1' title="bbox 323 1786 638 2041">
    <p class='ocr_par' dir='ltr' id='par_1_1' title="bbox 323 1786 638 2041">
     <span class='ocr_line' id='line_1_1' title="bbox 323 1786 610 1853; baseline 0.017 -16"><span class='ocrx_word' id='word_1_1' title='bbox 323 1786 458 1846; x_wconf 86' lang='lat' dir='ltr'>Quid</span> <span class='ocrx_word' id='word_1_2' title='bbox 492 1805 610 1853; x_wconf 80' lang='lat' dir='ltr'>pec-</span> 
     </span>
     <span class='ocr_line' id='line_1_2' title="bbox 323 1856 638 1907; baseline 0.025 -8"><span class='ocrx_word' id='word_1_3' title='bbox 323 1856 500 1904; x_wconf 81' lang='lat' dir='ltr'>catum</span> <span class='ocrx_word' id='word_1_4' title='bbox 533 1858 638 1907; x_wconf 87' lang='lat' dir='ltr'>ori·</span> 
     </span>
     <span class='ocr_line' id='line_1_3' title="bbox 383 1916 578 1973; baseline 0.031 -11"><span class='ocrx_word' id='word_1_5' title='bbox 383 1916 578 1973; x_wconf 68' lang='lat' dir='ltr'>ginale.</span> 
     </span>
     <span class='ocr_line' id='line_1_4' title="bbox 377 1977 578 2041; baseline 0.025 -15"><span class='ocrx_word' id='word_1_6' title='bbox 377 1977 578 2041; x_wconf 81' lang='lat' dir='ltr'>Duplex</span> 
     </span>
    </p>
   </div>
   <div class='ocr_carea' id='block_1_2' title="bbox 659 402 2216 1974">
    <p class='ocr_par' dir='ltr' id='par_1_2' title="bbox 659 402 2212 1044">
     <span class='ocr_line' id='line_1_5' title="bbox 664 402 792 486; baseline 0.016 -2"><span class='ocrx_word' id='word_1_7' title='bbox 664 402 792 486; x_wconf 79' lang='lat'>&#39;268</span> 
     </span>
     <span class='ocr_line' id='line_1_6' title="bbox 671 592 2209 689; baseline 0.003 -27"><span class='ocrx_word' id='word_1_8' title='bbox 671 592 820 685; x_wconf 92' lang='lat' dir='ltr'>nis,</span> <span class='ocrx_word' id='word_1_9' title='bbox 858 615 948 666; x_wconf 88' lang='lat' dir='ltr'>ex</span> <span class='ocrx_word' id='word_1_10' title='bbox 982 616 1134 689; x_wconf 88' lang='lat' dir='ltr'>quo</span> <span class='ocrx_word' id='word_1_11' title='bbox 1179 592 1661 668; x_wconf 77' lang='lat' dir='ltr'>nutriebatur</span> <span class='ocrx_word' id='word_1_12' title='bbox 1694 602 1765 667; x_wconf 89' lang='lat' dir='ltr'>et</span> <span class='ocrx_word' id='word_1_13' title='bbox 1828 593 2209 667; x_wconf 83' lang='lat' dir='ltr'>formaba-</span> 
     </span>
     <span class='ocr_line' id='line_1_7' title="bbox 668 712 2208 811; baseline 0.002 -30"><span class='ocrx_word' id='word_1_14' title='bbox 668 719 796 784; x_wconf 84' lang='lat' dir='ltr'>tur</span> <span class='ocrx_word' id='word_1_15' title='bbox 880 736 1056 786; x_wconf 84' lang='lat' dir='ltr'>caro</span> <span class='ocrx_word' id='word_1_16' title='bbox 1133 713 1410 787; x_wconf 83' lang='lat' dir='ltr'>Christi</span> <span class='ocrx_word' id='word_1_17' title='bbox 1450 742 1468 807; x_wconf 82' lang='lat'>3</span> <span class='ocrx_word' id='word_1_18' title='bbox 1546 722 1701 787; x_wconf 86' lang='lat' dir='ltr'>tum</span> <span class='ocrx_word' id='word_1_19' title='bbox 1782 712 1965 811; x_wconf 88' lang='lat' dir='ltr'>quia</span> <span class='ocrx_word' id='word_1_20' title='bbox 2047 720 2208 786; x_wconf 91' lang='lat' dir='ltr'>esto</span> 
     </span>
     <span class='ocr_line' id='line_1_8' title="bbox 672 826 2212 927; baseline 0.001 -27"><span class='ocrx_word' id='word_1_21' title='bbox 672 826 876 924; x_wconf 86' lang='lat' dir='ltr'>quod</span> <span class='ocrx_word' id='word_1_22' title='bbox 912 828 1049 923; x_wconf 90' lang='lat' dir='ltr'>sic,</span> <span class='ocrx_word' id='word_1_23' title='bbox 1087 830 1339 903; x_wconf 85' lang='lat' dir='ltr'>adhuc</span> <span class='ocrx_word' id='word_1_24' title='bbox 1381 830 1520 903; x_wconf 83' lang='lat' dir='ltr'>luit</span> <span class='ocrx_word' id='word_1_25' title='bbox 1561 838 1959 927; x_wconf 81' lang='lat' dir='ltr'>purgatuS,</span> <span class='ocrx_word' id='word_1_26' title='bbox 2007 838 2212 902; x_wconf 88' lang='lat' dir='ltr'>antc-</span> 
     </span>
     <span class='ocr_line' id='line_1_9' title="bbox 659 947 1960 1044; baseline -0.001 -25"><span class='ocrx_word' id='word_1_27' title='bbox 659 957 898 1043; x_wconf 79' lang='lat' dir='ltr'>&#39;quam</span> <span class='ocrx_word' id='word_1_28' title='bbox 936 947 1283 1021; x_wconf 86' lang='lat' dir='ltr'>Christus</span> <span class='ocrx_word' id='word_1_29' title='bbox 1324 957 1486 1022; x_wconf 86' lang='lat' dir='ltr'>erat</span> <span class='ocrx_word' id='word_1_30' title='bbox 1518 955 1960 1044; x_wconf 64' lang='lat' dir='ltr'>conceptus</span> 
     </span>
    </p>

    <p class='ocr_par' dir='ltr' id='par_1_3' title="bbox 670 1061 2214 1859">
     <span class='ocr_line' id='line_1_10' title="bbox 769 1061 2214 1161; baseline -0.001 -27"><span class='ocrx_word' id='word_1_31' title='bbox 769 1062 1179 1157; x_wconf 76' lang='lat' dir='ltr'>Praeterea,</span> <span class='ocrx_word' id='word_1_32' title='bbox 1219 1074 1379 1137; x_wconf 93' lang='lat' dir='ltr'>esto</span> <span class='ocrx_word' id='word_1_33' title='bbox 1431 1064 1632 1161; x_wconf 87' lang='lat' dir='ltr'>quod</span> <span class='ocrx_word' id='word_1_34' title='bbox 1670 1062 1988 1158; x_wconf 89' lang='lat' dir='ltr'>sanguis</span> <span class='ocrx_word' id='word_1_35' title='bbox 2041 1061 2214 1134; x_wconf 89' lang='lat' dir='ltr'>Ma-</span> 
     </span>
     <span class='ocr_line' id='line_1_11' title="bbox 671 1177 2214 1278; baseline -0.001 -27"><span class='ocrx_word' id='word_1_36' title='bbox 671 1179 805 1252; x_wconf 66' lang='lat' dir='ltr'>ria}</span> <span class='ocrx_word' id='word_1_37' title='bbox 839 1179 1102 1254; x_wconf 79' lang='lat' dir='ltr'>luisset</span> <span class='ocrx_word' id='word_1_38' title='bbox 1169 1191 1545 1278; x_wconf 87' lang='lat' dir='ltr'>purgatus</span> <span class='ocrx_word' id='word_1_39' title='bbox 1613 1181 1705 1254; x_wconf 90' lang='lat' dir='ltr'>ab</span> <span class='ocrx_word' id='word_1_40' title='bbox 1776 1180 1918 1254; x_wconf 87' lang='lat' dir='ltr'>ista</span> <span class='ocrx_word' id='word_1_41' title='bbox 1960 1177 2214 1276; x_wconf 87' lang='lat' dir='ltr'>quali-</span> 
     </span>
     <span class='ocr_line' id='line_1_12' title="bbox 670 1296 2208 1394; baseline -0.001 -26"><span class='ocrx_word' id='word_1_42' title='bbox 670 1305 821 1370; x_wconf 88' lang='lat' dir='ltr'>tate</span> <span class='ocrx_word' id='word_1_43' title='bbox 867 1297 1237 1382; x_wconf 88' lang='lat' dir='ltr'>morbida,</span> <span class='ocrx_word' id='word_1_44' title='bbox 1314 1308 1494 1371; x_wconf 88' lang='lat' dir='ltr'>tunc</span> <span class='ocrx_word' id='word_1_45' title='bbox 1565 1297 1753 1371; x_wconf 80' lang='lat' dir='ltr'>foret</span> <span class='ocrx_word' id='word_1_46' title='bbox 1820 1296 2208 1394; x_wconf 81' lang='lat' dir='ltr'>corruptio</span> 
     </span>
     <span class='ocr_line' id='line_1_13' title="bbox 673 1413 2210 1512; baseline 0.001 -26"><span class='ocrx_word' id='word_1_47' title='bbox 673 1413 882 1488; x_wconf 90' lang='lat' dir='ltr'>illius</span> <span class='ocrx_word' id='word_1_48' title='bbox 926 1415 1342 1512; x_wconf 74' lang='lat' dir='ltr'>qualitatis,</span> <span class='ocrx_word' id='word_1_49' title='bbox 1392 1425 1463 1491; x_wconf 91' lang='lat' dir='ltr'>et</span> <span class='ocrx_word' id='word_1_50' title='bbox 1512 1439 1661 1488; x_wconf 92' lang='lat' dir='ltr'>non</span> <span class='ocrx_word' id='word_1_51' title='bbox 1719 1415 1857 1488; x_wconf 85' lang='lat' dir='ltr'>fuit</span> <span class='ocrx_word' id='word_1_52' title='bbox 1887 1437 2210 1511; x_wconf 89' lang='lat' dir='ltr'>genera-</span> 
     </span>
     <span class='ocr_line' id='line_1_14' title="bbox 674 1529 2210 1628; baseline 0.002 -27"><span class='ocrx_word' id='word_1_53' title='bbox 674 1529 776 1603; x_wconf 90' lang='lat' dir='ltr'>·tio</span> <span class='ocrx_word' id='word_1_54' title='bbox 812 1530 1152 1624; x_wconf 80' lang='lat' dir='ltr'>alteriuS,</span> <span class='ocrx_word' id='word_1_55' title='bbox 1191 1555 1363 1604; x_wconf 88' lang='lat' dir='ltr'>cum</span> <span class='ocrx_word' id='word_1_56' title='bbox 1398 1531 1589 1604; x_wconf 88' lang='lat' dir='ltr'>nihil</span> <span class='ocrx_word' id='word_1_57' title='bbox 1634 1530 2047 1628; x_wconf 88' lang='lat' dir='ltr'>positivum</span> <span class='ocrx_word' id='word_1_58' title='bbox 2091 1554 2210 1627; x_wconf 88' lang='lat' dir='ltr'>ap-</span> 
     </span>
     <span class='ocr_line' id='line_1_15' title="bbox 676 1643 2213 1741; baseline 0.001 -25"><span class='ocrx_word' id='word_1_59' title='bbox 676 1654 940 1741; x_wconf 77' lang='lat' dir='ltr'>pareat</span> <span class='ocrx_word' id='word_1_60' title='bbox 981 1644 1361 1740; x_wconf 84' lang='lat' dir='ltr'>generari‚</span> <span class='ocrx_word' id='word_1_61' title='bbox 1409 1644 1615 1741; x_wconf 90' lang='lat' dir='ltr'>quod</span> <span class='ocrx_word' id='word_1_62' title='bbox 1662 1668 1813 1717; x_wconf 91' lang='lat' dir='ltr'>non</span> <span class='ocrx_word' id='word_1_63' title='bbox 1866 1643 2007 1717; x_wconf 83' lang='lat' dir='ltr'>fuit</span> <span class='ocrx_word' id='word_1_64' title='bbox 2037 1653 2213 1718; x_wconf 86' lang='lat' dir='ltr'>ante</span> 
     </span>
     <span class='ocr_line' id='line_1_16' title="bbox 676 1763 1238 1859; baseline -0.002 -23"><span class='ocrx_word' id='word_1_65' title='bbox 676 1763 1238 1859; x_wconf 77' lang='lat' dir='ltr'>purgationem.</span> 
     </span>
    </p>

    <p class='ocr_par' dir='ltr' id='par_1_4' title="bbox 774 1879 2216 1974">
     <span class='ocr_line' id='line_1_17' title="bbox 774 1879 2216 1974; baseline 0 -21"><span class='ocrx_word' id='word_1_66' title='bbox 774 1881 1157 1974; x_wconf 78' lang='lat' dir='ltr'>Secundo,</span> <span class='ocrx_word' id='word_1_67' title='bbox 1207 1902 1355 1953; x_wconf 90' lang='lat' dir='ltr'>non</span> <span class='ocrx_word' id='word_1_68' title='bbox 1427 1880 1801 1953; x_wconf 81' lang='lat' dir='ltr'>contraxit</span> <span class='ocrx_word' id='word_1_69' title='bbox 1866 1879 2216 1953; x_wconf 85' lang='lat' dir='ltr'>Christus</span> 
     </span>
    </p>
   </div>
   <div class='ocr_carea' id='block_1_3' title="bbox 320 1997 2213 2107">
    <p class='ocr_par' dir='ltr' id='par_1_5' title="bbox 320 1997 2213 2107">
     <span class='ocr_line' id='line_1_18' title="bbox 320 1997 2213 2107; baseline -0.004 -30"><span class='ocrx_word' id='word_1_70' title='bbox 320 2052 481 2090; x_wconf 53' lang='grc' dir='ltr'><strong>ω...</strong></span> <span class='ocrx_word' id='word_1_71' title='bbox 510 2008 1071 2107; x_wconf 66' lang='lat' dir='ltr'>qu„&#39;peccatum</span> <span class='ocrx_word' id='word_1_72' title='bbox 1109 1998 1509 2094; x_wconf 78' lang='lat' dir='ltr'>originale,</span> <span class='ocrx_word' id='word_1_73' title='bbox 1547 1997 1728 2093; x_wconf 88' lang='lat' dir='ltr'>quia</span> <span class='ocrx_word' id='word_1_74' title='bbox 1786 1998 2213 2071; x_wconf 90' lang='lat' dir='ltr'>secundum</span> 
     </span>
    </p>
   </div>
   <div class='ocr_carea' id='block_1_4' title="bbox 318 2103 641 2283">
    <p class='ocr_par' dir='ltr' id='par_1_6' title="bbox 318 2103 641 2283">
     <span class='ocr_line' id='line_1_19' title="bbox 318 2103 641 2158; baseline 0.028 -9"><span class='ocrx_word' id='word_1_75' title='bbox 318 2114 375 2150; x_wconf 83' lang='lat' dir='ltr'>re</span> <span class='ocrx_word' id='word_1_76' title='bbox 400 2103 641 2158; x_wconf 79' lang='lat' dir='ltr'>Christus</span> 
     </span>
     <span class='ocr_line' id='line_1_20' title="bbox 337 2177 609 2218; baseline 0.026 -6"><span class='ocrx_word' id='word_1_77' title='bbox 337 2177 445 2215; x_wconf 88' lang='lat' dir='ltr'>non</span> <span class='ocrx_word' id='word_1_78' title='bbox 475 2182 609 2218; x_wconf 88' lang='lat' dir='ltr'>con-</span> 
     </span>
     <span class='ocr_line' id='line_1_21' title="bbox 319 2229 613 2283; baseline 0.027 -9"><span class='ocrx_word' id='word_1_79' title='bbox 319 2229 479 2279; x_wconf 78' lang='lat' dir='ltr'>traxit</span> <span class='ocrx_word' id='word_1_80' title='bbox 507 2234 613 2283; x_wconf 85' lang='lat' dir='ltr'>ori—</span> 
     </span>
    </p>
   </div>
   <div class='ocr_carea' id='block_1_5' title="bbox 377 2294 573 2357">
    <p class='ocr_par' dir='ltr' id='par_1_7' title="bbox 377 2294 573 2357">
     <span class='ocr_line' id='line_1_22' title="bbox 377 2294 573 2357; baseline 0.02 -14"><span class='ocrx_word' id='word_1_81' title='bbox 377 2294 573 2357; x_wconf 77' lang='lat' dir='ltr'>ginale.</span> 
     </span>
    </p>
   </div>
   <div class='ocr_carea' id='block_1_6' title="bbox 314 5316 630 5497">
    <p class='ocr_par' dir='ltr' id='par_1_8' title="bbox 314 5316 630 5497">
     <span class='ocr_line' id='line_1_23' title="bbox 440 5316 501 5382; baseline 0.049 -3"><span class='ocrx_word' id='word_1_82' title='bbox 440 5316 501 5382; x_wconf 89' lang='lat'>1.</span> 
     </span>
     <span class='ocr_line' id='line_1_24' title="bbox 314 5431 630 5497; baseline 0.009 -17"><span class='ocrx_word' id='word_1_83' title='bbox 314 5431 539 5497; x_wconf 75' lang='lat' dir='ltr'>Argum.</span> <span class='ocrx_word' id='word_1_84' title='bbox 585 5435 630 5484; x_wconf 79' lang='lat'>1.</span> 
     </span>
    </p>
   </div>
   <div class='ocr_carea' id='block_1_7' title="bbox 655 2113 2219 3974">
    <p class='ocr_par' dir='ltr' id='par_1_9' title="bbox 655 2113 2219 3974">
     <span class='ocr_line' id='line_1_25' title="bbox 674 2113 2219 2211; baseline 0.001 -24"><span class='ocrx_word' id='word_1_85' title='bbox 674 2116 1125 2201; x_wconf 82' lang='lat' dir='ltr'>Anselmum</span> <span class='ocrx_word' id='word_1_86' title='bbox 1172 2139 1186 2188; x_wconf 92' lang='lat'>:</span> <span class='ocrx_word' id='word_1_87' title='bbox 1235 2114 1646 2188; x_wconf 78' lang='lat' dir='ltr'>Peccatum</span> <span class='ocrx_word' id='word_1_88' title='bbox 1689 2113 2066 2211; x_wconf 75' lang='lat' dir='ltr'>oriqinale</span> <span class='ocrx_word' id='word_1_89' title='bbox 2108 2122 2219 2188; x_wconf 79' lang='lat' dir='ltr'>est</span> 
     </span>
     <span class='ocr_line' id='line_1_26' title="bbox 674 2231 2216 2332; baseline -0.001 -25"><span class='ocrx_word' id='word_1_90' title='bbox 674 2234 1016 2308; x_wconf 76' lang='lat' dir='ltr'>carentia</span> <span class='ocrx_word' id='word_1_91' title='bbox 1038 2233 1366 2332; x_wconf 75' lang='lat' dir='ltr'>juslz‘lz&#39;ae</span> <span class='ocrx_word' id='word_1_92' title='bbox 1417 2231 1845 2328; x_wconf 73' lang='lat' dir='ltr'>orz’qinalz&#39;S,</span> <span class='ocrx_word' id='word_1_93' title='bbox 1893 2237 2216 2328; x_wconf 77' lang='lat' dir='ltr'>propter</span> 
     </span>
     <span class='ocr_line' id='line_1_27' title="bbox 669 2347 2217 2446; baseline -0.003 -22"><span class='ocrx_word' id='word_1_94' title='bbox 669 2358 919 2425; x_wconf 74' lang='lat' dir='ltr'>actum</span> <span class='ocrx_word' id='word_1_95' title='bbox 950 2356 1362 2446; x_wconf 58' lang='lat' dir='ltr'>parentum,</span> <span class='ocrx_word' id='word_1_96' title='bbox 1405 2373 1577 2422; x_wconf 79' lang='lat' dir='ltr'>cum</span> <span class='ocrx_word' id='word_1_97' title='bbox 1610 2347 1857 2422; x_wconf 79' lang='lat' dir='ltr'>debile</span> <span class='ocrx_word' id='word_1_98' title='bbox 1880 2347 2217 2422; x_wconf 62' lang='lat' dir='ltr'>habende·</span> 
     </span>
     <span class='ocr_line' id='line_1_28' title="bbox 666 2465 2209 2562; baseline -0.002 -21"><span class='ocrx_word' id='word_1_99' title='bbox 666 2490 858 2541; x_wconf 83' lang='lat' dir='ltr'>eam.</span> <span class='ocrx_word' id='word_1_100' title='bbox 926 2467 1014 2539; x_wconf 88' lang='lat' dir='ltr'>Et</span> <span class='ocrx_word' id='word_1_101' title='bbox 1072 2465 1242 2539; x_wconf 89' lang='lat' dir='ltr'>ideo</span> <span class='ocrx_word' id='word_1_102' title='bbox 1301 2465 1583 2562; x_wconf 86' lang='lat' dir='ltr'>duplex</span> <span class='ocrx_word' id='word_1_103' title='bbox 1638 2475 1750 2538; x_wconf 89' lang='lat' dir='ltr'>est</span> <span class='ocrx_word' id='word_1_104' title='bbox 1792 2487 2027 2538; x_wconf 88' lang='lat' dir='ltr'>causa</span> <span class='ocrx_word' id='word_1_105' title='bbox 2083 2487 2209 2538; x_wconf 91' lang='lat' dir='ltr'>se-</span> 
     </span>
     <span class='ocr_line' id='line_1_29' title="bbox 661 2584 2208 2678; baseline -0.003 -21"><span class='ocrx_word' id='word_1_106' title='bbox 661 2584 1000 2657; x_wconf 89' lang='lat' dir='ltr'>cundum</span> <span class='ocrx_word' id='word_1_107' title='bbox 1036 2584 1482 2656; x_wconf 75' lang='lat' dir='ltr'>Anselmum</span> <span class='ocrx_word' id='word_1_108' title='bbox 1531 2604 1767 2678; x_wconf 86' lang='lat' dir='ltr'>quare</span> <span class='ocrx_word' id='word_1_109' title='bbox 1830 2605 1983 2653; x_wconf 90' lang='lat' dir='ltr'>non</span> <span class='ocrx_word' id='word_1_110' title='bbox 2019 2605 2208 2654; x_wconf 91' lang='lat' dir='ltr'>con-</span> 
     </span>
     <span class='ocr_line' id='line_1_30' title="bbox 658 2701 2199 2801; baseline 0.001 -26"><span class='ocrx_word' id='word_1_111' title='bbox 658 2704 885 2778; x_wconf 85' lang='lat' dir='ltr'>traxit</span> <span class='ocrx_word' id='word_1_112' title='bbox 955 2712 1352 2801; x_wconf 88' lang='lat' dir='ltr'>peccatum</span> <span class='ocrx_word' id='word_1_113' title='bbox 1422 2701 1859 2797; x_wconf 84' lang='lat' dir='ltr'>originale3</span> <span class='ocrx_word' id='word_1_114' title='bbox 1925 2701 2199 2799; x_wconf 84' lang='lat' dir='ltr'>prima,</span> 
     </span>
     <span class='ocr_line' id='line_1_31' title="bbox 660 2819 2204 2909; baseline -0.001 -15"><span class='ocrx_word' id='word_1_115' title='bbox 660 2821 924 2895; x_wconf 89' lang='lat' dir='ltr'>matris</span> <span class='ocrx_word' id='word_1_116' title='bbox 984 2819 1485 2895; x_wconf 80' lang='lat' dir='ltr'>sanctificatio</span> <span class='ocrx_word' id='word_1_117' title='bbox 1549 2850 1564 2909; x_wconf 80' lang='lat'>3</span> <span class='ocrx_word' id='word_1_118' title='bbox 1631 2820 1971 2893; x_wconf 83' lang='lat' dir='ltr'>secunda</span> <span class='ocrx_word' id='word_1_119' title='bbox 2036 2843 2204 2893; x_wconf 89' lang='lat' dir='ltr'>cor-</span> 
     </span>
     <span class='ocr_line' id='line_1_32' title="bbox 660 2936 2204 3037; baseline -0.003 -24"><span class='ocrx_word' id='word_1_120' title='bbox 660 2940 868 3037; x_wconf 84' lang='lat' dir='ltr'>poris</span> <span class='ocrx_word' id='word_1_121' title='bbox 920 2936 1772 3013; x_wconf 57' lang='lat' dir='ltr'>miraculosa‘lormatio</span> <span class='ocrx_word' id='word_1_122' title='bbox 1843 2962 1992 3011; x_wconf 91' lang='lat' dir='ltr'>non</span> <span class='ocrx_word' id='word_1_123' title='bbox 2066 2961 2204 3035; x_wconf 90' lang='lat' dir='ltr'>per</span> 
     </span>
     <span class='ocr_line' id='line_1_33' title="bbox 660 3056 2199 3154; baseline 0 -26"><span class='ocrx_word' id='word_1_124' title='bbox 660 3057 1294 3154; x_wconf 83' lang='lat' dir='ltr'>propagationem</span> <span class='ocrx_word' id='word_1_125' title='bbox 1368 3078 1886 3129; x_wconf 90' lang='lat' dir='ltr'>communem.</span> <span class='ocrx_word' id='word_1_126' title='bbox 1952 3056 2199 3151; x_wconf 81' lang='lat' dir='ltr'>Atque</span> 
     </span>
     <span class='ocr_line' id='line_1_34' title="bbox 656 3173 2195 3248; baseline -0.001 -1"><span class='ocrx_word' id='word_1_127' title='bbox 656 3175 761 3248; x_wconf 87' lang='lat' dir='ltr'>ita</span> <span class='ocrx_word' id='word_1_128' title='bbox 818 3175 1166 3248; x_wconf 88' lang='lat' dir='ltr'>Christus</span> <span class='ocrx_word' id='word_1_129' title='bbox 1235 3199 1387 3248; x_wconf 92' lang='lat' dir='ltr'>non</span> <span class='ocrx_word' id='word_1_130' title='bbox 1448 3174 1587 3247; x_wconf 89' lang='lat' dir='ltr'>fuit</span> <span class='ocrx_word' id='word_1_131' title='bbox 1642 3173 2067 3248; x_wconf 86' lang='lat' dir='ltr'>decimatus</span> <span class='ocrx_word' id='word_1_132' title='bbox 2120 3173 2195 3246; x_wconf 93' lang='lat' dir='ltr'>in</span> 
     </span>
     <span class='ocr_line' id='line_1_35' title="bbox 658 3290 2197 3389; baseline -0.001 -24"><span class='ocrx_word' id='word_1_133' title='bbox 658 3293 941 3367; x_wconf 87' lang='lat' dir='ltr'>lumbis</span> <span class='ocrx_word' id='word_1_134' title='bbox 982 3292 1310 3366; x_wconf 59' lang='lat' dir='ltr'>Abrahae</span> <span class='ocrx_word' id='word_1_135' title='bbox 1344 3292 1541 3366; x_wconf 88' lang='lat' dir='ltr'>sicut</span> <span class='ocrx_word' id='word_1_136' title='bbox 1570 3290 1779 3376; x_wconf 85' lang='lat' dir='ltr'>Levi,</span> <span class='ocrx_word' id='word_1_137' title='bbox 1814 3291 1996 3389; x_wconf 90' lang='lat' dir='ltr'>quia</span> <span class='ocrx_word' id='word_1_138' title='bbox 2042 3314 2197 3364; x_wconf 91' lang='lat' dir='ltr'>non</span> 
     </span>
     <span class='ocr_line' id='line_1_36' title="bbox 656 3406 2196 3506; baseline -0.002 -23"><span class='ocrx_word' id='word_1_139' title='bbox 656 3411 1101 3484; x_wconf 85' lang='lat' dir='ltr'>solvebatur</span> <span class='ocrx_word' id='word_1_140' title='bbox 1140 3408 1435 3484; x_wconf 85' lang='lat' dir='ltr'>decima</span> <span class='ocrx_word' id='word_1_141' title='bbox 1469 3432 1605 3506; x_wconf 89' lang='lat' dir='ltr'>pro</span> <span class='ocrx_word' id='word_1_142' title='bbox 1648 3432 1766 3502; x_wconf 91' lang='lat' dir='ltr'>eo,</span> <span class='ocrx_word' id='word_1_143' title='bbox 1812 3406 1994 3504; x_wconf 86' lang='lat' dir='ltr'>qnia</span> <span class='ocrx_word' id='word_1_144' title='bbox 2039 3431 2196 3481; x_wconf 90' lang='lat' dir='ltr'>non</span> 
     </span>
     <span class='ocr_line' id='line_1_37' title="bbox 657 3515 2200 3599; baseline -0.001 -1"><span class='ocrx_word' id='word_1_145' title='bbox 657 3524 1170 3599; x_wconf 88' lang='lat' dir='ltr'>descendebat</span> <span class='ocrx_word' id='word_1_146' title='bbox 1210 3515 1303 3598; x_wconf 90' lang='lat' dir='ltr'>ab</span> <span class='ocrx_word' id='word_1_147' title='bbox 1334 3525 1721 3598; x_wconf 84' lang='lat' dir='ltr'>Abraham</span> <span class='ocrx_word' id='word_1_148' title='bbox 1758 3523 1902 3597; x_wconf 90' lang='lat' dir='ltr'>nisi</span> <span class='ocrx_word' id='word_1_149' title='bbox 1932 3547 2200 3598; x_wconf 88' lang='lat' dir='ltr'>secun-</span> 
     </span>
     <span class='ocr_line' id='line_1_38' title="bbox 656 3640 2198 3734; baseline -0.001 -19"><span class='ocrx_word' id='word_1_150' title='bbox 656 3642 837 3716; x_wconf 93' lang='lat' dir='ltr'>dum</span> <span class='ocrx_word' id='word_1_151' title='bbox 885 3642 1256 3717; x_wconf 88' lang='lat' dir='ltr'>rationem</span> <span class='ocrx_word' id='word_1_152' title='bbox 1290 3640 1615 3716; x_wconf 81' lang='lat' dir='ltr'>activam</span> <span class='ocrx_word' id='word_1_153' title='bbox 1661 3641 2198 3734; x_wconf 86' lang='lat' dir='ltr'>tantum,Levi</span> 
     </span>
     <span class='ocr_line' id='line_1_39' title="bbox 655 3755 2202 3832; baseline -0.001 -3"><span class='ocrx_word' id='word_1_154' title='bbox 655 3781 839 3832; x_wconf 88' lang='lat' dir='ltr'>vero</span> <span class='ocrx_word' id='word_1_155' title='bbox 874 3759 1301 3832; x_wconf 89' lang='lat' dir='ltr'>secundum</span> <span class='ocrx_word' id='word_1_156' title='bbox 1345 3756 1716 3832; x_wconf 88' lang='lat' dir='ltr'>rationem</span> <span class='ocrx_word' id='word_1_157' title='bbox 1768 3755 2091 3831; x_wconf 87' lang='lat' dir='ltr'>activam</span> <span class='ocrx_word' id='word_1_158' title='bbox 2128 3765 2202 3831; x_wconf 91' lang='lat' dir='ltr'>et</span> 
     </span>
     <span class='ocr_line' id='line_1_40' title="bbox 656 3875 1070 3974; baseline -0.002 -24"><span class='ocrx_word' id='word_1_159' title='bbox 656 3875 1070 3974; x_wconf 80' lang='lat' dir='ltr'>passivam.</span> 
     </span>
    </p>
   </div>
   <div class='ocr_carea' id='block_1_8' title="bbox 1151 4137 1813 4215">
    <p class='ocr_par' dir='ltr' id='par_1_10' title="bbox 1151 4137 1813 4215">
     <span class='ocr_line' id='line_1_41' title="bbox 1151 4137 1813 4215; baseline -0.003 -10"><span class='ocrx_word' id='word_1_160' title='bbox 1151 4137 1552 4215; x_wconf 72' lang='lat' dir='ltr'><strong>QUAES&#39;HO</strong></span> <span class='ocrx_word' id='word_1_161' title='bbox 1605 4138 1716 4202; x_wconf 87' lang='lat'>111.</span> <span class='ocrx_word' id='word_1_162' title='bbox 1808 4197 1813 4203; x_wconf 87' lang='lat'><strong>.</strong></span> 
     </span>
    </p>
   </div>
   <div class='ocr_carea' id='block_1_9' title="bbox 660 4301 2204 4499">
    <p class='ocr_par' dir='ltr' id='par_1_11' title="bbox 660 4301 2204 4499">
     <span class='ocr_line' id='line_1_42' title="bbox 660 4301 2204 4394; baseline -0.008 -15"><span class='ocrx_word' id='word_1_163' title='bbox 660 4313 901 4379; x_wconf 81' lang='lat' dir='ltr'>Utrum</span> <span class='ocrx_word' id='word_1_164' title='bbox 959 4305 1507 4375; x_wconf 75' lang='lat' dir='ltr'>incarnationem</span> <span class='ocrx_word' id='word_1_165' title='bbox 1546 4302 1895 4394; x_wconf 75' lang='lat' dir='ltr'>proecessil</span> <span class='ocrx_word' id='word_1_166' title='bbox 1925 4301 2204 4391; x_wconf 79' lang='lat' dir='ltr'>orqam&#39;-</span> 
     </span>
     <span class='ocr_line' id='line_1_43' title="bbox 874 4412 1982 4499; baseline -0.007 -15"><span class='ocrx_word' id='word_1_167' title='bbox 874 4419 1084 4499; x_wconf 77' lang='lat' dir='ltr'>zatz&#39;O,</span> <span class='ocrx_word' id='word_1_168' title='bbox 1120 4425 1185 4485; x_wconf 82' lang='lat' dir='ltr'>et</span> <span class='ocrx_word' id='word_1_169' title='bbox 1225 4416 1549 4484; x_wconf 73' lang='lat' dir='ltr'>similiter</span> <span class='ocrx_word' id='word_1_170' title='bbox 1590 4412 1982 4481; x_wconf 75' lang='lat' dir='ltr'>animatio?</span> 
     </span>
    </p>
   </div>
   <div class='ocr_carea' id='block_1_10' title="bbox 652 4590 2209 5183">
    <p class='ocr_par' dir='ltr' id='par_1_12' title="bbox 652 4590 2209 5183">
     <span class='ocr_line' id='line_1_44' title="bbox 652 4590 2209 4681; baseline -0.007 -14"><span class='ocrx_word' id='word_1_171' title='bbox 652 4611 846 4668; x_wconf 76' lang='lat' dir='ltr'>AlenS.</span> <span class='ocrx_word' id='word_1_172' title='bbox 882 4611 937 4665; x_wconf 91' lang='lat'>3.</span> <span class='ocrx_word' id='word_1_173' title='bbox 970 4612 1112 4681; x_wconf 80' lang='lat' dir='ltr'>part.</span> <span class='ocrx_word' id='word_1_174' title='bbox 1149 4612 1339 4679; x_wconf 67' lang='lat' dir='ltr'>quaest.</span> <span class='ocrx_word' id='word_1_175' title='bbox 1373 4602 1426 4657; x_wconf 84' lang='grc'>8.</span> <span class='ocrx_word' id='word_1_176' title='bbox 1460 4604 1699 4660; x_wconf 82' lang='lat' dir='ltr'>membro</span> <span class='ocrx_word' id='word_1_177' title='bbox 1728 4605 1785 4657; x_wconf 82' lang='lat'>2.</span> <span class='ocrx_word' id='word_1_178' title='bbox 1831 4606 1879 4659; x_wconf 81' lang='lat' dir='ltr'>et</span> <span class='ocrx_word' id='word_1_179' title='bbox 1927 4606 2117 4674; x_wconf 68' lang='lat' dir='ltr'>quaest.</span> <span class='ocrx_word' id='word_1_180' title='bbox 2150 4590 2209 4656; x_wconf 78' lang='lat' dir='ltr'>9t</span> 
     </span>
     <span class='ocr_line' id='line_1_45' title="bbox 726 4674 2186 4747; baseline -0.006 -9"><span class='ocrx_word' id='word_1_181' title='bbox 726 4701 801 4739; x_wconf 87' lang='lat' dir='ltr'>m.</span> <span class='ocrx_word' id='word_1_182' title='bbox 836 4683 886 4737; x_wconf 84' lang='lat'>4.</span> <span class='ocrx_word' id='word_1_183' title='bbox 922 4683 988 4736; x_wconf 88' lang='lat' dir='ltr'>D.</span> <span class='ocrx_word' id='word_1_184' title='bbox 1023 4681 1230 4736; x_wconf 89' lang='lat' dir='ltr'>Thom.</span> <span class='ocrx_word' id='word_1_185' title='bbox 1268 4680 1319 4732; x_wconf 90' lang='lat'>3.</span> <span class='ocrx_word' id='word_1_186' title='bbox 1352 4678 1496 4746; x_wconf 82' lang='lat' dir='ltr'>part.</span> <span class='ocrx_word' id='word_1_187' title='bbox 1524 4684 1715 4747; x_wconf 75' lang='lat' dir='ltr'>quoesc.</span> <span class='ocrx_word' id='word_1_188' title='bbox 1765 4674 1854 4730; x_wconf 88' lang='lat'>33.</span> <span class='ocrx_word' id='word_1_189' title='bbox 1903 4679 2015 4732; x_wconf 84' lang='lat' dir='ltr'>art.</span> <span class='ocrx_word' id='word_1_190' title='bbox 2058 4691 2097 4730; x_wconf 89' lang='lat'>1.</span> <span class='ocrx_word' id='word_1_191' title='bbox 2157 4690 2186 4729; x_wconf 78' lang='lat' dir='ltr'>e</span> 
     </span>
     <span class='ocr_line' id='line_1_46' title="bbox 732 4745 2205 4822; baseline -0.007 -13"><span class='ocrx_word' id='word_1_192' title='bbox 732 4755 822 4809; x_wconf 63' lang='lat'><em>1111:</em></span> <span class='ocrx_word' id='word_1_193' title='bbox 878 4753 1008 4808; x_wconf 68' lang='lat' dir='ltr'>dist.</span> <span class='ocrx_word' id='word_1_194' title='bbox 1060 4753 1113 4806; x_wconf 88' lang='lat'>3.</span> <span class='ocrx_word' id='word_1_195' title='bbox 1172 4754 1362 4822; x_wconf 81' lang='lat' dir='ltr'>quaest.</span> <span class='ocrx_word' id='word_1_196' title='bbox 1427 4749 1482 4802; x_wconf 90' lang='lat'>5.</span> <span class='ocrx_word' id='word_1_197' title='bbox 1536 4748 1811 4804; x_wconf 81' lang='lat' dir='ltr'>Richard.</span> <span class='ocrx_word' id='word_1_198' title='bbox 1861 4745 1949 4801; x_wconf 78' lang='lat' dir='ltr'>hic</span> <span class='ocrx_word' id='word_1_199' title='bbox 2005 4749 2112 4801; x_wconf 79' lang='lat' dir='ltr'>art.</span> <span class='ocrx_word' id='word_1_200' title='bbox 2151 4746 2205 4806; x_wconf 83' lang='grc'>2,</span> 
     </span>
     <span class='ocr_line' id='line_1_47' title="bbox 733 4819 2185 4897; baseline -0.006 -17"><span class='ocrx_word' id='word_1_201' title='bbox 733 4830 929 4897; x_wconf 71' lang='lat' dir='ltr'>quoest.</span> <span class='ocrx_word' id='word_1_202' title='bbox 966 4824 1016 4879; x_wconf 81' lang='lat'>4.</span> <span class='ocrx_word' id='word_1_203' title='bbox 1052 4824 1118 4878; x_wconf 88' lang='lat' dir='ltr'>D.</span> <span class='ocrx_word' id='word_1_204' title='bbox 1149 4824 1457 4877; x_wconf 87' lang='lat' dir='ltr'>Bonavent.</span> <span class='ocrx_word' id='word_1_205' title='bbox 1493 4819 1622 4875; x_wconf 72' lang='lat' dir='ltr'>dist.</span> <span class='ocrx_word' id='word_1_206' title='bbox 1674 4821 1727 4875; x_wconf 86' lang='lat'>3.</span> <span class='ocrx_word' id='word_1_207' title='bbox 1781 4826 1886 4872; x_wconf 79' lang='lat' dir='ltr'>art.</span> <span class='ocrx_word' id='word_1_208' title='bbox 1932 4820 1988 4871; x_wconf 85' lang='lat'>7.</span> <span class='ocrx_word' id='word_1_209' title='bbox 2014 4822 2185 4888; x_wconf 74' lang='lat' dir='ltr'>quaest</span> 
     </span>
     <span class='ocr_line' id='line_1_48' title="bbox 733 4890 2206 4965; baseline -0.005 -14"><span class='ocrx_word' id='word_1_210' title='bbox 733 4900 788 4952; x_wconf 81' lang='lat'>2.</span> <span class='ocrx_word' id='word_1_211' title='bbox 821 4897 994 4952; x_wconf 84' lang='lat' dir='ltr'>Gabr.</span> <span class='ocrx_word' id='word_1_212' title='bbox 1026 4896 1080 4949; x_wconf 90' lang='lat'>3.</span> <span class='ocrx_word' id='word_1_213' title='bbox 1113 4894 1166 4951; x_wconf 77' lang='lat' dir='ltr'>d.</span> <span class='ocrx_word' id='word_1_214' title='bbox 1202 4895 1253 4948; x_wconf 82' lang='lat'>4.</span> <span class='ocrx_word' id='word_1_215' title='bbox 1286 4899 1478 4965; x_wconf 55' lang='lat' dir='ltr'>quaest.</span> <span class='ocrx_word' id='word_1_216' title='bbox 1508 4891 1694 4946; x_wconf 82' lang='lat' dir='ltr'>unica.</span> <span class='ocrx_word' id='word_1_217' title='bbox 1732 4890 1932 4945; x_wconf 79' lang='lat' dir='ltr'>Palud.</span> <span class='ocrx_word' id='word_1_218' title='bbox 1980 4891 2117 4945; x_wconf 78' lang='lat' dir='ltr'>dist.</span> <span class='ocrx_word' id='word_1_219' title='bbox 2153 4891 2206 4954; x_wconf 63' lang='lat'>3,</span> 
     </span>
     <span class='ocr_line' id='line_1_49' title="bbox 735 4961 2205 5041; baseline -0.006 -17"><span class='ocrx_word' id='word_1_220' title='bbox 735 4976 924 5041; x_wconf 65' lang='lat' dir='ltr'>quaest.</span> <span class='ocrx_word' id='word_1_221' title='bbox 957 4969 1010 5023; x_wconf 92' lang='lat'>3.</span> <span class='ocrx_word' id='word_1_222' title='bbox 1045 4968 1260 5023; x_wconf 79' lang='lat' dir='ltr'>Suarez</span> <span class='ocrx_word' id='word_1_223' title='bbox 1290 4974 1418 5021; x_wconf 79' lang='lat' dir='ltr'>tom.</span> <span class='ocrx_word' id='word_1_224' title='bbox 1455 4980 1492 5017; x_wconf 95' lang='lat'>1.</span> <span class='ocrx_word' id='word_1_225' title='bbox 1538 4965 1595 5018; x_wconf 76' lang='lat' dir='ltr'>in</span> <span class='ocrx_word' id='word_1_226' title='bbox 1626 4964 1680 5019; x_wconf 88' lang='lat'>3.</span> <span class='ocrx_word' id='word_1_227' title='bbox 1729 4968 1876 5034; x_wconf 83' lang='lat' dir='ltr'>part.</span> <span class='ocrx_word' id='word_1_228' title='bbox 1924 4961 2064 5033; x_wconf 84' lang='lat' dir='ltr'>disp.</span> <span class='ocrx_word' id='word_1_229' title='bbox 2118 4962 2205 5030; x_wconf 36' lang='lat'>15·</span> 
     </span>
     <span class='ocr_line' id='line_1_50' title="bbox 734 5035 2204 5109; baseline -0.006 -13"><span class='ocrx_word' id='word_1_230' title='bbox 734 5045 782 5096; x_wconf 79' lang='lat' dir='ltr'>et</span> <span class='ocrx_word' id='word_1_231' title='bbox 812 5046 944 5096; x_wconf 84' lang='lat' dir='ltr'>tom.</span> <span class='ocrx_word' id='word_1_232' title='bbox 974 5041 1029 5093; x_wconf 91' lang='grc'>2.</span> <span class='ocrx_word' id='word_1_233' title='bbox 1063 5040 1206 5109; x_wconf 70' lang='lat' dir='ltr'>disp.</span> <span class='ocrx_word' id='word_1_234' title='bbox 1244 5038 1329 5095; x_wconf 88' lang='lat'>11.</span> <span class='ocrx_word' id='word_1_235' title='bbox 1380 5040 1512 5092; x_wconf 80' lang='lat' dir='ltr'>sect.</span> <span class='ocrx_word' id='word_1_236' title='bbox 1563 5036 1616 5089; x_wconf 82' lang='lat'>2.</span> <span class='ocrx_word' id='word_1_237' title='bbox 1671 5035 1877 5090; x_wconf 82' lang='lat' dir='ltr'>Scotus</span> <span class='ocrx_word' id='word_1_238' title='bbox 1928 5035 1986 5089; x_wconf 85' lang='lat' dir='ltr'>in</span> <span class='ocrx_word' id='word_1_239' title='bbox 2036 5039 2204 5102; x_wconf 50' lang='lat' dir='ltr'>oxon,</span> 
     </span>
     <span class='ocr_line' id='line_1_51' title="bbox 734 5112 1254 5183; baseline -0.01 -15"><span class='ocrx_word' id='word_1_240' title='bbox 734 5113 863 5169; x_wconf 77' lang='lat' dir='ltr'>dist.</span> <span class='ocrx_word' id='word_1_241' title='bbox 887 5116 942 5169; x_wconf 85' lang='lat'>2.</span> <span class='ocrx_word' id='word_1_242' title='bbox 977 5116 1167 5183; x_wconf 79' lang='lat' dir='ltr'>quaest.</span> <span class='ocrx_word' id='word_1_243' title='bbox 1200 5112 1254 5164; x_wconf 91' lang='grc'><strong>3.</strong></span> 
     </span>
    </p>
   </div>
   <div class='ocr_carea' id='block_1_11' title="bbox 665 5282 2211 5736">
    <p class='ocr_par' dir='ltr' id='par_1_13' title="bbox 665 5282 2211 5736">
     <span class='ocr_line' id='line_1_52' title="bbox 765 5282 2210 5379; baseline -0.007 -14"><span class='ocrx_word' id='word_1_244' title='bbox 765 5290 982 5379; x_wconf 87' lang='lat' dir='ltr'>Quod</span> <span class='ocrx_word' id='word_1_245' title='bbox 1053 5288 1186 5363; x_wconf 88' lang='lat' dir='ltr'>sic.</span> <span class='ocrx_word' id='word_1_246' title='bbox 1243 5284 1677 5360; x_wconf 86' lang='lat' dir='ltr'>Incarnatio</span> <span class='ocrx_word' id='word_1_247' title='bbox 1758 5283 1898 5357; x_wconf 83' lang='lat' dir='ltr'>fuit</span> <span class='ocrx_word' id='word_1_248' title='bbox 1968 5283 2041 5355; x_wconf 90' lang='lat' dir='ltr'>in</span> <span class='ocrx_word' id='word_1_249' title='bbox 2087 5282 2210 5356; x_wconf 90' lang='lat' dir='ltr'>in-</span> 
     </span>
     <span class='ocr_line' id='line_1_53' title="bbox 666 5400 2202 5503; baseline -0.008 -17"><span class='ocrx_word' id='word_1_250' title='bbox 666 5410 937 5503; x_wconf 81' lang='lat' dir='ltr'>stanti3</span> <span class='ocrx_word' id='word_1_251' title='bbox 984 5406 1219 5501; x_wconf 86' lang='lat' dir='ltr'>igitur</span> <span class='ocrx_word' id='word_1_252' title='bbox 1245 5403 1305 5478; x_wconf 91' lang='lat' dir='ltr'>si</span> <span class='ocrx_word' id='word_1_253' title='bbox 1344 5412 1522 5477; x_wconf 89' lang='lat' dir='ltr'>tunc</span> <span class='ocrx_word' id='word_1_254' title='bbox 1552 5400 2202 5496; x_wconf 83' lang='lat' dir='ltr'>fuitorganizatio,</span> 
     </span>
     <span class='ocr_line' id='line_1_54' title="bbox 665 5518 2211 5624; baseline -0.008 -18"><span class='ocrx_word' id='word_1_255' title='bbox 665 5534 841 5608; x_wconf 80' lang='lat' dir='ltr'>cum</span> <span class='ocrx_word' id='word_1_256' title='bbox 894 5548 1174 5624; x_wconf 91' lang='lat' dir='ltr'>corpus</span> <span class='ocrx_word' id='word_1_257' title='bbox 1214 5520 1528 5596; x_wconf 88' lang='lat' dir='ltr'>densius</span> <span class='ocrx_word' id='word_1_258' title='bbox 1588 5528 1910 5617; x_wconf 87' lang='lat' dir='ltr'>occupet</span> <span class='ocrx_word' id='word_1_259' title='bbox 1957 5518 2211 5594; x_wconf 89' lang='lat' dir='ltr'>mino-</span> 
     </span>
     <span class='ocr_line' id='line_1_55' title="bbox 665 5636 2211 5736; baseline -0.008 -11"><span class='ocrx_word' id='word_1_260' title='bbox 665 5644 827 5725; x_wconf 72' lang='lat' dir='ltr'>&#39;rem</span> <span class='ocrx_word' id='word_1_261' title='bbox 897 5647 1178 5733; x_wconf 86' lang='lat' dir='ltr'>locum,</span> <span class='ocrx_word' id='word_1_262' title='bbox 1239 5648 1312 5715; x_wconf 90' lang='lat' dir='ltr'>et</span> <span class='ocrx_word' id='word_1_263' title='bbox 1379 5636 1694 5713; x_wconf 89' lang='lat' dir='ltr'>densius</span> <span class='ocrx_word' id='word_1_264' title='bbox 1758 5648 1872 5713; x_wconf 87' lang='lat' dir='ltr'>est</span> <span class='ocrx_word' id='word_1_265' title='bbox 1930 5661 2211 5736; x_wconf 89' lang='lat' dir='ltr'>corpus</span> 
     </span>
    </p>
   </div>
   <div class='ocr_carea' id='block_1_12' title="bbox 2049 417 2460 488">
    <p class='ocr_par' dir='ltr' id='par_1_14' title="bbox 2049 417 2460 488">
     <span class='ocr_line' id='line_1_56' title="bbox 2049 417 2460 488; baseline 0.002 -1"><span class='ocrx_word' id='word_1_266' title='bbox 2049 419 2290 487; x_wconf 85' lang='lat' dir='ltr'>LIBRI</span> <span class='ocrx_word' id='word_1_267' title='bbox 2336 417 2460 488; x_wconf 86' lang='grc' dir='ltr'><strong>ΙΙΙ.</strong></span> 
     </span>
    </p>
   </div>
   <div class='ocr_carea' id='block_1_13' title="bbox 2314 590 3864 1253">
    <p class='ocr_par' dir='ltr' id='par_1_15' title="bbox 2314 590 3864 1253">
     <span class='ocr_line' id='line_1_57' title="bbox 2317 590 3863 688; baseline -0.001 -23"><span class='ocrx_word' id='word_1_268' title='bbox 2317 590 2846 687; x_wconf 86' lang='lat' dir='ltr'>organizatum</span> <span class='ocrx_word' id='word_1_269' title='bbox 2893 614 3122 688; x_wconf 89' lang='lat' dir='ltr'>quam</span> <span class='ocrx_word' id='word_1_270' title='bbox 3170 592 3267 664; x_wconf 89' lang='lat' dir='ltr'>sit</span> <span class='ocrx_word' id='word_1_271' title='bbox 3324 591 3667 688; x_wconf 85' lang='lat' dir='ltr'>sanguis,</span> <span class='ocrx_word' id='word_1_272' title='bbox 3716 591 3863 686; x_wconf 89' lang='lat' dir='ltr'>igi-</span> 
     </span>
     <span class='ocr_line' id='line_1_58' title="bbox 2314 706 3860 805; baseline -0.002 -24"><span class='ocrx_word' id='word_1_273' title='bbox 2314 716 2442 781; x_wconf 83' lang='lat' dir='ltr'>tur</span> <span class='ocrx_word' id='word_1_274' title='bbox 2496 707 2895 805; x_wconf 87' lang='lat' dir='ltr'>occupatio</span> <span class='ocrx_word' id='word_1_275' title='bbox 2960 706 3276 782; x_wconf 88' lang='lat' dir='ltr'>minoris</span> <span class='ocrx_word' id='word_1_276' title='bbox 3334 707 3481 781; x_wconf 88' lang='lat' dir='ltr'>loci</span> <span class='ocrx_word' id='word_1_277' title='bbox 3540 716 3737 781; x_wconf 87' lang='lat' dir='ltr'>esset</span> <span class='ocrx_word' id='word_1_278' title='bbox 3782 707 3860 779; x_wconf 92' lang='lat' dir='ltr'>in</span> 
     </span>
     <span class='ocr_line' id='line_1_59' title="bbox 2317 823 3864 923; baseline -0.001 -24"><span class='ocrx_word' id='word_1_279' title='bbox 2317 826 2662 920; x_wconf 89' lang='lat' dir='ltr'>instanti,</span> <span class='ocrx_word' id='word_1_280' title='bbox 2736 834 2810 900; x_wconf 89' lang='lat' dir='ltr'>et</span> <span class='ocrx_word' id='word_1_281' title='bbox 2869 825 3184 923; x_wconf 88' lang='lat' dir='ltr'>repletio</span> <span class='ocrx_word' id='word_1_282' title='bbox 3255 825 3399 900; x_wconf 90' lang='lat' dir='ltr'>loci</span> <span class='ocrx_word' id='word_1_283' title='bbox 3483 823 3864 921; x_wconf 90' lang='lat' dir='ltr'>majorisa</span> 
     </span>
     <span class='ocr_line' id='line_1_60' title="bbox 2319 942 3864 1042; baseline -0.005 -24"><span class='ocrx_word' id='word_1_284' title='bbox 2319 968 2637 1042; x_wconf 86' lang='lat' dir='ltr'>corpore</span> <span class='ocrx_word' id='word_1_285' title='bbox 2682 943 3206 1017; x_wconf 85' lang='lat' dir='ltr'>circumdante</span> <span class='ocrx_word' id='word_1_286' title='bbox 3243 970 3261 1036; x_wconf 84' lang='lat'><em>3</em></span> <span class='ocrx_word' id='word_1_287' title='bbox 3300 942 3534 1038; x_wconf 89' lang='lat' dir='ltr'>igitur</span> <span class='ocrx_word' id='word_1_288' title='bbox 3565 948 3864 1040; x_wconf 84' lang='lat' dir='ltr'>oportet</span> 
     </span>
     <span class='ocr_line' id='line_1_61' title="bbox 2321 1058 3863 1160; baseline -0.003 -26"><span class='ocrx_word' id='word_1_289' title='bbox 2321 1062 2522 1160; x_wconf 90' lang='lat' dir='ltr'>quod</span> <span class='ocrx_word' id='word_1_290' title='bbox 2567 1061 2645 1133; x_wconf 91' lang='lat' dir='ltr'>in</span> <span class='ocrx_word' id='word_1_291' title='bbox 2690 1069 3029 1158; x_wconf 87' lang='lat' dir='ltr'>tempore</span> <span class='ocrx_word' id='word_1_292' title='bbox 3072 1058 3308 1157; x_wconf 89' lang='lat' dir='ltr'>priori</span> <span class='ocrx_word' id='word_1_293' title='bbox 3359 1059 3454 1133; x_wconf 87' lang='lat' dir='ltr'>sit</span> <span class='ocrx_word' id='word_1_294' title='bbox 3512 1058 3646 1132; x_wconf 89' lang='lat' dir='ltr'>illa</span> <span class='ocrx_word' id='word_1_295' title='bbox 3686 1080 3863 1132; x_wconf 91' lang='lat' dir='ltr'>con-</span> 
     </span>
     <span class='ocr_line' id='line_1_62' title="bbox 2320 1179 2694 1253; baseline -0.003 -1"><span class='ocrx_word' id='word_1_296' title='bbox 2320 1179 2694 1253; x_wconf 90' lang='lat' dir='ltr'>densatio.</span> 
     </span>
    </p>
   </div>
   <div class='ocr_carea' id='block_1_14' title="bbox 2418 1293 4171 1394">
    <p class='ocr_par' dir='ltr' id='par_1_16' title="bbox 2418 1293 4171 1394">
     <span class='ocr_line' id='line_1_63' title="bbox 2418 1293 4171 1394; baseline -0.005 -24"><span class='ocrx_word' id='word_1_297' title='bbox 2418 1298 2634 1390; x_wconf 87' lang='lat' dir='ltr'>Item,</span> <span class='ocrx_word' id='word_1_298' title='bbox 2682 1318 2962 1394; x_wconf 90' lang='lat' dir='ltr'>corpus</span> <span class='ocrx_word' id='word_1_299' title='bbox 3007 1294 3536 1391; x_wconf 86' lang='lat' dir='ltr'>organizatum</span> <span class='ocrx_word' id='word_1_300' title='bbox 3590 1300 3705 1369; x_wconf 88' lang='lat' dir='ltr'>est</span> <span class='ocrx_word' id='word_1_301' title='bbox 3743 1293 3860 1368; x_wconf 88' lang='lat' dir='ltr'>al-</span> <span class='ocrx_word' id='word_1_302' title='bbox 3954 1296 4171 1349; x_wconf 79' lang='lat' dir='ltr'>Secun-</span> 
     </span>
    </p>
   </div>
   <div class='ocr_carea' id='block_1_15' title="bbox 2321 1362 4207 1973">
    <p class='ocr_par' dir='ltr' id='par_1_17' title="bbox 2321 1362 4145 1835">
     <span class='ocr_line' id='line_1_64' title="bbox 2322 1362 4145 1508; baseline -0.003 -22"><span class='ocrx_word' id='word_1_303' title='bbox 2322 1413 2559 1488; x_wconf 89' lang='lat' dir='ltr'>terius</span> <span class='ocrx_word' id='word_1_304' title='bbox 2588 1411 2858 1508; x_wconf 80' lang='lat' dir='ltr'>sigurae</span> <span class='ocrx_word' id='word_1_305' title='bbox 2900 1433 3128 1507; x_wconf 89' lang='lat' dir='ltr'>quam</span> <span class='ocrx_word' id='word_1_306' title='bbox 3175 1410 3271 1483; x_wconf 91' lang='lat' dir='ltr'>sit</span> <span class='ocrx_word' id='word_1_307' title='bbox 3302 1409 3619 1506; x_wconf 88' lang='lat' dir='ltr'>sanguis</span> <span class='ocrx_word' id='word_1_308' title='bbox 3655 1436 3671 1496; x_wconf 91' lang='lat'>;</span> <span class='ocrx_word' id='word_1_309' title='bbox 3718 1408 3863 1505; x_wconf 89' lang='lat' dir='ltr'>igi-</span> <span class='ocrx_word' id='word_1_310' title='bbox 3984 1362 4145 1411; x_wconf 66' lang='lat' dir='ltr'>dum‘</span> 
     </span>
     <span class='ocr_line' id='line_1_65' title="bbox 2321 1526 3861 1625; baseline -0.003 -23"><span class='ocrx_word' id='word_1_311' title='bbox 2321 1539 2446 1603; x_wconf 88' lang='lat' dir='ltr'>tur</span> <span class='ocrx_word' id='word_1_312' title='bbox 2476 1529 2540 1603; x_wconf 90' lang='lat' dir='ltr'>si</span> <span class='ocrx_word' id='word_1_313' title='bbox 2609 1530 2740 1604; x_wconf 92' lang='lat' dir='ltr'>illa</span> <span class='ocrx_word' id='word_1_314' title='bbox 2793 1527 3145 1625; x_wconf 83' lang='lat' dir='ltr'>figuratio</span> <span class='ocrx_word' id='word_1_315' title='bbox 3188 1537 3389 1603; x_wconf 91' lang='lat' dir='ltr'>esset</span> <span class='ocrx_word' id='word_1_316' title='bbox 3446 1527 3522 1600; x_wconf 91' lang='lat' dir='ltr'>in</span> <span class='ocrx_word' id='word_1_317' title='bbox 3595 1526 3861 1601; x_wconf 92' lang='lat' dir='ltr'>eodem</span> 
     </span>
     <span class='ocr_line' id='line_1_66' title="bbox 2323 1644 3866 1743; baseline -0.003 -23"><span class='ocrx_word' id='word_1_318' title='bbox 2323 1647 2637 1720; x_wconf 85' lang='lat' dir='ltr'>instanti</span> <span class='ocrx_word' id='word_1_319' title='bbox 2680 1647 2756 1719; x_wconf 91' lang='lat' dir='ltr'>in</span> <span class='ocrx_word' id='word_1_320' title='bbox 2785 1669 2936 1743; x_wconf 87' lang='lat' dir='ltr'>quo</span> <span class='ocrx_word' id='word_1_321' title='bbox 2971 1655 3085 1720; x_wconf 88' lang='lat' dir='ltr'>est</span> <span class='ocrx_word' id='word_1_322' title='bbox 3118 1644 3579 1731; x_wconf 77' lang='lat' dir='ltr'>Incarnatio‚</span> <span class='ocrx_word' id='word_1_323' title='bbox 3614 1652 3866 1717; x_wconf 91' lang='lat' dir='ltr'>motus</span> 
     </span>
     <span class='ocr_line' id='line_1_67' title="bbox 2323 1760 3007 1835; baseline -0.007 0"><span class='ocrx_word' id='word_1_324' title='bbox 2323 1771 2523 1835; x_wconf 88' lang='lat' dir='ltr'>esset</span> <span class='ocrx_word' id='word_1_325' title='bbox 2554 1761 2630 1833; x_wconf 92' lang='lat' dir='ltr'>in</span> <span class='ocrx_word' id='word_1_326' title='bbox 2665 1760 3007 1834; x_wconf 86' lang='lat' dir='ltr'>instanti.</span> 
     </span>
    </p>

    <p class='ocr_par' dir='ltr' id='par_1_18' title="bbox 2422 1873 4207 1973">
     <span class='ocr_line' id='line_1_68' title="bbox 2422 1873 4207 1973; baseline -0.001 -22"><span class='ocrx_word' id='word_1_327' title='bbox 2422 1879 2636 1972; x_wconf 89' lang='lat' dir='ltr'>Item,</span> <span class='ocrx_word' id='word_1_328' title='bbox 2684 1877 3162 1973; x_wconf 86' lang='lat' dir='ltr'>Augustinus</span> <span class='ocrx_word' id='word_1_329' title='bbox 3203 1875 3272 1947; x_wconf 81' lang='lat'>4.</span> <span class='ocrx_word' id='word_1_330' title='bbox 3319 1875 3412 1948; x_wconf 83' lang='lat' dir='ltr'>de</span> <span class='ocrx_word' id='word_1_331' title='bbox 3473 1874 3750 1948; x_wconf 70' lang='lat' dir='ltr'>Trinit.</span> <span class='ocrx_word' id='word_1_332' title='bbox 3788 1873 3858 1958; x_wconf 77' lang='lat'>5.</span> <span class='ocrx_word' id='word_1_333' title='bbox 3926 1898 4207 1950; x_wconf 71' lang='lat' dir='ltr'>Tertium.</span> 
     </span>
    </p>
   </div>
   <div class='ocr_carea' id='block_1_16' title="bbox 2308 1991 4211 3709">
    <p class='ocr_par' dir='ltr' id='par_1_19' title="bbox 2315 1991 3868 2790">
     <span class='ocr_line' id='line_1_69' title="bbox 2323 1991 3867 2092; baseline -0.003 -23"><span class='ocrx_word' id='word_1_334' title='bbox 2323 2018 2716 2092; x_wconf 86' lang='lat' dir='ltr'>exponens</span> <span class='ocrx_word' id='word_1_335' title='bbox 2749 1994 2938 2067; x_wconf 91' lang='lat' dir='ltr'>illud</span> <span class='ocrx_word' id='word_1_336' title='bbox 2969 1993 3189 2066; x_wconf 90' lang='lat' dir='ltr'>Joan.</span> <span class='ocrx_word' id='word_1_337' title='bbox 3228 1993 3297 2064; x_wconf 83' lang='lat'>2.</span> <span class='ocrx_word' id='word_1_338' title='bbox 3335 1991 3867 2088; x_wconf 73' lang='lat' dir='ltr'>chadraqinta</span> 
     </span>
     <span class='ocr_line' id='line_1_70' title="bbox 2320 2106 3865 2205; baseline -0.002 -20"><span class='ocrx_word' id='word_1_339' title='bbox 2320 2135 2458 2185; x_wconf 69' lang='lat' dir='ltr'>sex</span> <span class='ocrx_word' id='word_1_340' title='bbox 2516 2111 2742 2185; x_wconf 76' lang='lat' dir='ltr'>armis</span> <span class='ocrx_word' id='word_1_341' title='bbox 2810 2108 3278 2205; x_wconf 71' lang='lat' dir='ltr'>aedificatum</span> <span class='ocrx_word' id='word_1_342' title='bbox 3339 2113 3451 2181; x_wconf 81' lang='lat' dir='ltr'>est</span> <span class='ocrx_word' id='word_1_343' title='bbox 3493 2106 3865 2204; x_wconf 71' lang='lat' dir='ltr'>templum</span> 
     </span>
     <span class='ocr_line' id='line_1_71' title="bbox 2319 2224 3868 2322; baseline -0.001 -23"><span class='ocrx_word' id='word_1_344' title='bbox 2319 2225 2481 2313; x_wconf 79' lang='lat' dir='ltr'>hoe,</span> <span class='ocrx_word' id='word_1_345' title='bbox 2523 2225 2704 2298; x_wconf 87' lang='lat' dir='ltr'>dicit</span> <span class='ocrx_word' id='word_1_346' title='bbox 2735 2224 2937 2322; x_wconf 91' lang='lat' dir='ltr'>quod</span> <span class='ocrx_word' id='word_1_347' title='bbox 2983 2224 3122 2298; x_wconf 90' lang='lat' dir='ltr'>iste</span> <span class='ocrx_word' id='word_1_348' title='bbox 3163 2247 3536 2298; x_wconf 90' lang='lat' dir='ltr'>numerus</span> <span class='ocrx_word' id='word_1_349' title='bbox 3577 2246 3868 2297; x_wconf 89' lang='lat' dir='ltr'>conve-</span> 
     </span>
     <span class='ocr_line' id='line_1_72' title="bbox 2321 2341 3860 2440; baseline 0.001 -25"><span class='ocrx_word' id='word_1_350' title='bbox 2321 2344 2432 2416; x_wconf 91' lang='lat' dir='ltr'>nit</span> <span class='ocrx_word' id='word_1_351' title='bbox 2471 2342 2902 2416; x_wconf 83' lang='lat' dir='ltr'>formationi</span> <span class='ocrx_word' id='word_1_352' title='bbox 2937 2341 3279 2440; x_wconf 90' lang='lat' dir='ltr'>corporis</span> <span class='ocrx_word' id='word_1_353' title='bbox 3312 2342 3621 2429; x_wconf 83' lang='lat' dir='ltr'>Christi,</span> <span class='ocrx_word' id='word_1_354' title='bbox 3675 2341 3860 2440; x_wconf 88' lang='lat' dir='ltr'>quia</span> 
     </span>
     <span class='ocr_line' id='line_1_73' title="bbox 2319 2458 3867 2558; baseline -0.001 -26"><span class='ocrx_word' id='word_1_355' title='bbox 2319 2460 2830 2557; x_wconf 86' lang='lat' dir='ltr'>quadraginta</span> <span class='ocrx_word' id='word_1_356' title='bbox 2895 2483 3028 2534; x_wconf 87' lang='lat' dir='ltr'>sex</span> <span class='ocrx_word' id='word_1_357' title='bbox 3080 2458 3353 2532; x_wconf 90' lang='lat' dir='ltr'>diebus</span> <span class='ocrx_word' id='word_1_358' title='bbox 3431 2459 3867 2558; x_wconf 89' lang='lat' dir='ltr'>completur</span> 
     </span>
     <span class='ocr_line' id='line_1_74' title="bbox 2317 2574 3856 2674; baseline -0.003 -22"><span class='ocrx_word' id='word_1_359' title='bbox 2317 2577 2666 2652; x_wconf 84' lang='lat' dir='ltr'>formatio</span> <span class='ocrx_word' id='word_1_360' title='bbox 2693 2576 3033 2674; x_wconf 88' lang='lat' dir='ltr'>corporis</span> <span class='ocrx_word' id='word_1_361' title='bbox 3069 2574 3387 2650; x_wconf 87' lang='lat' dir='ltr'>humani</span> <span class='ocrx_word' id='word_1_362' title='bbox 3430 2576 3856 2651; x_wconf 89' lang='lat' dir='ltr'>secundum</span> 
     </span>
     <span class='ocr_line' id='line_1_75' title="bbox 2315 2694 2860 2790; baseline -0.007 -23"><span class='ocrx_word' id='word_1_363' title='bbox 2315 2694 2860 2790; x_wconf 86' lang='lat' dir='ltr'>Philosophos.</span> 
     </span>
    </p>

    <p class='ocr_par' dir='ltr' id='par_1_20' title="bbox 2309 2807 4211 3380">
     <span class='ocr_line' id='line_1_76' title="bbox 2411 2807 4211 2904; baseline -0.001 -21"><span class='ocrx_word' id='word_1_364' title='bbox 2411 2810 2625 2902; x_wconf 77' lang='lat' dir='ltr'>item,</span> <span class='ocrx_word' id='word_1_365' title='bbox 2679 2808 3043 2883; x_wconf 89' lang='lat' dir='ltr'>animatio</span> <span class='ocrx_word' id='word_1_366' title='bbox 3077 2816 3190 2882; x_wconf 90' lang='lat' dir='ltr'>est</span> <span class='ocrx_word' id='word_1_367' title='bbox 3261 2807 3608 2901; x_wconf 88' lang='lat' dir='ltr'>mutatio,</span> <span class='ocrx_word' id='word_1_368' title='bbox 3678 2807 3861 2904; x_wconf 86' lang='lat' dir='ltr'>quia</span> <span class='ocrx_word' id='word_1_369' title='bbox 3907 2841 4211 2900; x_wconf 76' lang='lat' dir='ltr'>Quartum.</span> 
     </span>
     <span class='ocr_line' id='line_1_77' title="bbox 2313 2926 3860 3022; baseline -0.003 -21"><span class='ocrx_word' id='word_1_370' title='bbox 2313 2952 2469 3002; x_wconf 91' lang='lat' dir='ltr'>non</span> <span class='ocrx_word' id='word_1_371' title='bbox 2521 2938 2823 3004; x_wconf 86' lang='lat' dir='ltr'>creatur</span> <span class='ocrx_word' id='word_1_372' title='bbox 2881 2937 3087 3002; x_wconf 85' lang='lat' dir='ltr'>totus</span> <span class='ocrx_word' id='word_1_373' title='bbox 3130 2930 3358 3001; x_wconf 91' lang='lat' dir='ltr'>homo</span> <span class='ocrx_word' id='word_1_374' title='bbox 3400 2927 3631 3001; x_wconf 89' lang='lat' dir='ltr'>simul</span> <span class='ocrx_word' id='word_1_375' title='bbox 3667 2954 3685 3020; x_wconf 84' lang='lat'><em>3</em></span> <span class='ocrx_word' id='word_1_376' title='bbox 3722 2926 3860 3022; x_wconf 86' lang='lat' dir='ltr'>igi-</span> 
     </span>
     <span class='ocr_line' id='line_1_78' title="bbox 2309 3044 3858 3144; baseline -0.001 -25"><span class='ocrx_word' id='word_1_377' title='bbox 2309 3056 2436 3119; x_wconf 88' lang='lat' dir='ltr'>tur</span> <span class='ocrx_word' id='word_1_378' title='bbox 2473 3046 2688 3144; x_wconf 91' lang='lat' dir='ltr'>prius</span> <span class='ocrx_word' id='word_1_379' title='bbox 2722 3044 2944 3119; x_wconf 85' lang='lat' dir='ltr'>infuit</span> <span class='ocrx_word' id='word_1_380' title='bbox 2985 3044 3360 3144; x_wconf 83' lang='lat' dir='ltr'>privati03</span> <span class='ocrx_word' id='word_1_381' title='bbox 3407 3044 3538 3118; x_wconf 92' lang='lat' dir='ltr'>sed</span> <span class='ocrx_word' id='word_1_382' title='bbox 3603 3054 3858 3118; x_wconf 87' lang='lat' dir='ltr'>muta-</span> 
     </span>
     <span class='ocr_line' id='line_1_79' title="bbox 2309 3159 3859 3256; baseline -0.001 -23"><span class='ocrx_word' id='word_1_383' title='bbox 2309 3161 2413 3237; x_wconf 87' lang='lat' dir='ltr'>tio</span> <span class='ocrx_word' id='word_1_384' title='bbox 2447 3172 2560 3238; x_wconf 90' lang='lat' dir='ltr'>est</span> <span class='ocrx_word' id='word_1_385' title='bbox 2612 3161 2989 3238; x_wconf 88' lang='lat' dir='ltr'>terminus</span> <span class='ocrx_word' id='word_1_386' title='bbox 3043 3170 3336 3254; x_wconf 87' lang='lat' dir='ltr'>motus3</span> <span class='ocrx_word' id='word_1_387' title='bbox 3404 3159 3638 3256; x_wconf 83' lang='lat' dir='ltr'>igitur</span> <span class='ocrx_word' id='word_1_388' title='bbox 3680 3169 3859 3234; x_wconf 85' lang='lat' dir='ltr'>tern-</span> 
     </span>
     <span class='ocr_line' id='line_1_80' title="bbox 2310 3280 3405 3380; baseline -0.004 -25"><span class='ocrx_word' id='word_1_389' title='bbox 2310 3305 2491 3379; x_wconf 88' lang='lat' dir='ltr'>pore</span> <span class='ocrx_word' id='word_1_390' title='bbox 2533 3280 2928 3380; x_wconf 79' lang='lat' dir='ltr'>praecessit</span> <span class='ocrx_word' id='word_1_391' title='bbox 2960 3280 3405 3354; x_wconf 89' lang='lat' dir='ltr'>terminum.</span> 
     </span>
    </p>

    <p class='ocr_par' dir='ltr' id='par_1_21' title="bbox 2308 3395 4194 3709">
     <span class='ocr_line' id='line_1_81' title="bbox 2406 3395 4194 3497; baseline -0.002 -25"><span class='ocrx_word' id='word_1_392' title='bbox 2406 3399 2885 3497; x_wconf 84' lang='lat' dir='ltr'>Oppositum,</span> <span class='ocrx_word' id='word_1_393' title='bbox 2950 3397 3482 3472; x_wconf 88' lang='lat' dir='ltr'>Damascenus</span> <span class='ocrx_word' id='word_1_394' title='bbox 3549 3395 3617 3469; x_wconf 80' lang='lat'>5.</span> <span class='ocrx_word' id='word_1_395' title='bbox 3681 3419 3845 3493; x_wconf 86' lang='lat' dir='ltr'>cap.</span> <span class='ocrx_word' id='word_1_396' title='bbox 3946 3434 4194 3487; x_wconf 69' lang='lat' dir='ltr'>contra.</span> 
     </span>
     <span class='ocr_line' id='line_1_82' title="bbox 2309 3515 3858 3608; baseline -0.001 -21"><span class='ocrx_word' id='word_1_397' title='bbox 2309 3515 2377 3587; x_wconf 89' lang='lat'>8.</span> <span class='ocrx_word' id='word_1_398' title='bbox 2424 3518 2545 3590; x_wconf 87' lang='lat' dir='ltr'>vel</span> <span class='ocrx_word' id='word_1_399' title='bbox 2579 3517 2647 3589; x_wconf 80' lang='lat'>6.</span> <span class='ocrx_word' id='word_1_400' title='bbox 2690 3515 2958 3591; x_wconf 77' lang='lat' dir='ltr'>Simul</span> <span class='ocrx_word' id='word_1_401' title='bbox 2985 3516 3328 3591; x_wconf 75' lang='lat' dir='ltr'>animata</span> <span class='ocrx_word' id='word_1_402' title='bbox 3358 3520 3468 3589; x_wconf 80' lang='lat' dir='ltr'>esc</span> <span class='ocrx_word' id='word_1_403' title='bbox 3512 3536 3716 3608; x_wconf 80' lang='lat' dir='ltr'>care,</span> <span class='ocrx_word' id='word_1_404' title='bbox 3786 3519 3858 3587; x_wconf 82' lang='lat' dir='ltr'>et</span> 
     </span>
     <span class='ocr_line' id='line_1_83' title="bbox 2308 3631 2963 3709; baseline 0 -4"><span class='ocrx_word' id='word_1_405' title='bbox 2308 3631 2468 3705; x_wconf 80' lang='lat' dir='ltr'>Dei</span> <span class='ocrx_word' id='word_1_406' title='bbox 2508 3632 2732 3708; x_wconf 79' lang='lat' dir='ltr'>Verbi</span> <span class='ocrx_word' id='word_1_407' title='bbox 2761 3656 2963 3709; x_wconf 80' lang='lat' dir='ltr'>caro.</span> 
     </span>
    </p>
   </div>
   <div class='ocr_carea' id='block_1_17' title="bbox 2903 3916 3282 3975">
    <p class='ocr_par' dir='ltr' id='par_1_22' title="bbox 2903 3916 3282 3975">
     <span class='ocr_line' id='line_1_84' title="bbox 2903 3916 3282 3975; baseline -0.008 0"><span class='ocrx_word' id='word_1_408' title='bbox 2903 3916 3282 3975; x_wconf 81' lang='lat' dir='ltr'>SCHOLIUM.</span> 
     </span>
    </p>
   </div>
   <div class='ocr_carea' id='block_1_18' title="bbox 2311 4070 3862 4951">
    <p class='ocr_par' dir='ltr' id='par_1_23' title="bbox 2311 4070 3862 4951">
     <span class='ocr_line' id='line_1_85' title="bbox 2380 4070 3861 4140; baseline -0.003 -13"><span class='ocrx_word' id='word_1_409' title='bbox 2380 4071 2642 4127; x_wconf 88' lang='lat' dir='ltr'>Primum</span> <span class='ocrx_word' id='word_1_410' title='bbox 2714 4070 2934 4126; x_wconf 83' lang='lat' dir='ltr'>dlotum</span> <span class='ocrx_word' id='word_1_411' title='bbox 2987 4086 3002 4125; x_wconf 75' lang='lat' dir='ltr'>t</span> <span class='ocrx_word' id='word_1_412' title='bbox 3058 4070 3335 4126; x_wconf 77' lang='lat' dir='ltr'>Animalio</span> <span class='ocrx_word' id='word_1_413' title='bbox 3393 4085 3497 4127; x_wconf 80' lang='lat' dir='ltr'>non</span> <span class='ocrx_word' id='word_1_414' title='bbox 3576 4070 3861 4140; x_wconf 71' lang='lat' dir='ltr'>praecessit</span> 
     </span>
     <span class='ocr_line' id='line_1_86' title="bbox 2311 4159 3858 4232; baseline -0.004 -14"><span class='ocrx_word' id='word_1_415' title='bbox 2311 4170 2548 4232; x_wconf 77' lang='lat' dir='ltr'>tempore</span> <span class='ocrx_word' id='word_1_416' title='bbox 2628 4160 3093 4224; x_wconf 69' lang='lat' dir='ltr'>lnam-nationem,</span> <span class='ocrx_word' id='word_1_417' title='bbox 3169 4159 3427 4230; x_wconf 85' lang='lat' dir='ltr'>alioquin</span> <span class='ocrx_word' id='word_1_418' title='bbox 3509 4159 3684 4215; x_wconf 80' lang='lat' dir='ltr'>Maria</span> <span class='ocrx_word' id='word_1_419' title='bbox 3741 4174 3858 4215; x_wconf 87' lang='lat' dir='ltr'>non</span> 
     </span>
     <span class='ocr_line' id='line_1_87' title="bbox 2311 4249 3859 4320; baseline -0.003 -13"><span class='ocrx_word' id='word_1_420' title='bbox 2311 4250 2516 4307; x_wconf 78' lang='lat' dir='ltr'>suisset</span> <span class='ocrx_word' id='word_1_421' title='bbox 2572 4257 2759 4307; x_wconf 82' lang='lat' dir='ltr'>mater</span> <span class='ocrx_word' id='word_1_422' title='bbox 2816 4251 2931 4306; x_wconf 87' lang='lat' dir='ltr'>Dei.</span> <span class='ocrx_word' id='word_1_423' title='bbox 3012 4251 3344 4306; x_wconf 85' lang='lat' dir='ltr'>Secundum</span> <span class='ocrx_word' id='word_1_424' title='bbox 3395 4266 3409 4306; x_wconf 75' lang='lat' dir='ltr'>t</span> <span class='ocrx_word' id='word_1_425' title='bbox 3478 4249 3859 4320; x_wconf 61' lang='lat' dir='ltr'>emanantia,</span> 
     </span>
     <span class='ocr_line' id='line_1_88' title="bbox 2312 4341 3859 4411; baseline -0.002 -14"><span class='ocrx_word' id='word_1_426' title='bbox 2312 4344 2579 4398; x_wconf 81' lang='lat' dir='ltr'>animatio</span> <span class='ocrx_word' id='word_1_427' title='bbox 2608 4345 2662 4398; x_wconf 81' lang='lat' dir='ltr'>et</span> <span class='ocrx_word' id='word_1_428' title='bbox 2689 4342 3011 4398; x_wconf 81' lang='lat' dir='ltr'>Incarnatio</span> <span class='ocrx_word' id='word_1_429' title='bbox 3050 4343 3282 4411; x_wconf 77' lang='lat' dir='ltr'>fuerunt</span> <span class='ocrx_word' id='word_1_430' title='bbox 3333 4342 3498 4396; x_wconf 73' lang='lat' dir='ltr'>simul</span> <span class='ocrx_word' id='word_1_431' title='bbox 3546 4341 3859 4396; x_wconf 79' lang='lat' dir='ltr'>duratione.</span> 
     </span>
     <span class='ocr_line' id='line_1_89' title="bbox 2313 4429 3860 4500; baseline -0.001 -13"><span class='ocrx_word' id='word_1_432' title='bbox 2313 4432 2568 4488; x_wconf 84' lang='lat' dir='ltr'>Tertium</span> <span class='ocrx_word' id='word_1_433' title='bbox 2604 4449 2617 4487; x_wconf 77' lang='grc' dir='ltr'><strong><em>ε</em></strong></span> <span class='ocrx_word' id='word_1_434' title='bbox 2665 4433 2939 4487; x_wconf 79' lang='lat' dir='ltr'>Incertum</span> <span class='ocrx_word' id='word_1_435' title='bbox 2979 4437 3062 4486; x_wconf 81' lang='lat' dir='ltr'>est</span> <span class='ocrx_word' id='word_1_436' title='bbox 3112 4448 3185 4485; x_wconf 84' lang='lat' dir='ltr'>an</span> <span class='ocrx_word' id='word_1_437' title='bbox 3233 4429 3535 4485; x_wconf 71' lang='lat' dir='ltr'>translatio</span> <span class='ocrx_word' id='word_1_438' title='bbox 3565 4430 3860 4500; x_wconf 75' lang='lat' dir='ltr'>sanquinis</span> 
     </span>
     <span class='ocr_line' id='line_1_90' title="bbox 2315 4519 3859 4592; baseline -0.002 -15"><span class='ocrx_word' id='word_1_439' title='bbox 2315 4522 2385 4577; x_wconf 82' lang='lat' dir='ltr'>ad</span> <span class='ocrx_word' id='word_1_440' title='bbox 2433 4521 2612 4576; x_wconf 81' lang='lat' dir='ltr'>locum</span> <span class='ocrx_word' id='word_1_441' title='bbox 2656 4522 3031 4592; x_wconf 56' lang='lat' dir='ltr'>,cycnei-ationis</span> <span class='ocrx_word' id='word_1_442' title='bbox 3065 4522 3215 4591; x_wconf 77' lang='lat' dir='ltr'>facta</span> <span class='ocrx_word' id='word_1_443' title='bbox 3266 4519 3439 4590; x_wconf 77' lang='lat' dir='ltr'>fuerit</span> <span class='ocrx_word' id='word_1_444' title='bbox 3487 4519 3550 4574; x_wconf 82' lang='lat' dir='ltr'>in</span> <span class='ocrx_word' id='word_1_445' title='bbox 3599 4523 3859 4589; x_wconf 79' lang='lat' dir='ltr'>tempore,</span> 
     </span>
     <span class='ocr_line' id='line_1_91' title="bbox 2317 4607 3862 4683; baseline -0.002 -16"><span class='ocrx_word' id='word_1_446' title='bbox 2317 4613 2388 4667; x_wconf 86' lang='lat' dir='ltr'>de</span> <span class='ocrx_word' id='word_1_447' title='bbox 2418 4627 2526 4681; x_wconf 86' lang='lat' dir='ltr'>quo</span> <span class='ocrx_word' id='word_1_448' title='bbox 2559 4618 2754 4682; x_wconf 76' lang='lat' dir='ltr'>postea</span> <span class='ocrx_word' id='word_1_449' title='bbox 2793 4610 2929 4665; x_wconf 83' lang='lat' dir='ltr'>dist.</span> <span class='ocrx_word' id='word_1_450' title='bbox 2967 4626 3092 4683; x_wconf 81' lang='lat' dir='ltr'>seq.</span> <span class='ocrx_word' id='word_1_451' title='bbox 3124 4610 3407 4673; x_wconf 75' lang='lat' dir='ltr'>Quartum</span> <span class='ocrx_word' id='word_1_452' title='bbox 3442 4625 3455 4664; x_wconf 73' lang='grc' dir='ltr'>ε</span> <span class='ocrx_word' id='word_1_453' title='bbox 3508 4607 3862 4680; x_wconf 74' lang='lat' dir='ltr'>Orqanz‘zatio</span> 
     </span>
     <span class='ocr_line' id='line_1_92' title="bbox 2317 4699 3862 4772; baseline -0.003 -16"><span class='ocrx_word' id='word_1_454' title='bbox 2317 4709 2393 4756; x_wconf 76' lang='lat' dir='ltr'>est</span> <span class='ocrx_word' id='word_1_455' title='bbox 2419 4703 2575 4772; x_wconf 82' lang='lat' dir='ltr'>prior</span> <span class='ocrx_word' id='word_1_456' title='bbox 2603 4708 2804 4757; x_wconf 80' lang='lat' dir='ltr'>natura</span> <span class='ocrx_word' id='word_1_457' title='bbox 2849 4700 3212 4767; x_wconf 77' lang='lat' dir='ltr'>animatione,</span> <span class='ocrx_word' id='word_1_458' title='bbox 3263 4702 3315 4756; x_wconf 83' lang='lat' dir='ltr'>et</span> <span class='ocrx_word' id='word_1_459' title='bbox 3359 4699 3635 4755; x_wconf 82' lang='lat' dir='ltr'>animatio</span> <span class='ocrx_word' id='word_1_460' title='bbox 3670 4704 3862 4754; x_wconf 79' lang='lat' dir='ltr'>Incar-</span> 
     </span>
     <span class='ocr_line' id='line_1_93' title="bbox 2317 4788 3857 4862; baseline -0.002 -16"><span class='ocrx_word' id='word_1_461' title='bbox 2317 4793 2558 4856; x_wconf 79' lang='lat' dir='ltr'>nalione,</span> <span class='ocrx_word' id='word_1_462' title='bbox 2583 4792 2719 4862; x_wconf 84' lang='lat' dir='ltr'>quia</span> <span class='ocrx_word' id='word_1_463' title='bbox 2749 4795 2958 4847; x_wconf 80' lang='lat' dir='ltr'>natura</span> <span class='ocrx_word' id='word_1_464' title='bbox 2990 4790 3216 4862; x_wconf 82' lang='lat' dir='ltr'>integra</span> <span class='ocrx_word' id='word_1_465' title='bbox 3277 4796 3362 4845; x_wconf 80' lang='lat' dir='ltr'>est</span> <span class='ocrx_word' id='word_1_466' title='bbox 3410 4788 3857 4844; x_wconf 81' lang='lat' dir='ltr'>fundamentum</span> 
     </span>
     <span class='ocr_line' id='line_1_94' title="bbox 2320 4878 3862 4951; baseline -0.003 -13"><span class='ocrx_word' id='word_1_467' title='bbox 2320 4880 2553 4938; x_wconf 88' lang='lat' dir='ltr'>unionis</span> <span class='ocrx_word' id='word_1_468' title='bbox 2585 4881 2651 4935; x_wconf 83' lang='lat' dir='ltr'>ad</span> <span class='ocrx_word' id='word_1_469' title='bbox 2687 4880 2967 4950; x_wconf 84' lang='lat' dir='ltr'>Verbum,</span> <span class='ocrx_word' id='word_1_470' title='bbox 3006 4886 3062 4935; x_wconf 80' lang='lat' dir='ltr'>et</span> <span class='ocrx_word' id='word_1_471' title='bbox 3109 4895 3323 4951; x_wconf 83' lang='lat' dir='ltr'>corpus</span> <span class='ocrx_word' id='word_1_472' title='bbox 3383 4878 3720 4951; x_wconf 86' lang='lat' dir='ltr'>organicum</span> <span class='ocrx_word' id='word_1_473' title='bbox 3770 4882 3862 4935; x_wconf 80' lang='lat' dir='ltr'>est</span> 
     </span>
    </p>
   </div>
   <div class='ocr_carea' id='block_1_19' title="bbox 2319 4969 2886 5027">
    <p class='ocr_par' dir='ltr' id='par_1_24' title="bbox 2319 4969 2886 5027">
     <span class='ocr_line' id='line_1_95' title="bbox 2319 4969 2886 5027; baseline -0.002 -1"><span class='ocrx_word' id='word_1_474' title='bbox 2319 4969 2621 5027; x_wconf 83' lang='lat' dir='ltr'>materiale</span> <span class='ocrx_word' id='word_1_475' title='bbox 2656 4972 2886 5026; x_wconf 76' lang='lat' dir='ltr'>animm.</span> 
     </span>
    </p>
   </div>
   <div class='ocr_carea' id='block_1_20' title="bbox 2321 5162 4262 5614">
    <p class='ocr_par' dir='ltr' id='par_1_25' title="bbox 2321 5162 4262 5614">
     <span class='ocr_line' id='line_1_96' title="bbox 2416 5162 4092 5261; baseline 0.002 -24"><span class='ocrx_word' id='word_1_476' title='bbox 2416 5163 2604 5238; x_wconf 91' lang='lat' dir='ltr'>Dico</span> <span class='ocrx_word' id='word_1_477' title='bbox 2653 5162 2748 5237; x_wconf 89' lang='lat' dir='ltr'>ad</span> <span class='ocrx_word' id='word_1_478' title='bbox 2817 5162 3354 5260; x_wconf 81' lang='lat' dir='ltr'>quaestionem,</span> <span class='ocrx_word' id='word_1_479' title='bbox 3409 5162 3614 5260; x_wconf 89' lang='lat' dir='ltr'>quod</span> <span class='ocrx_word' id='word_1_480' title='bbox 3647 5187 3860 5261; x_wconf 86' lang='lat' dir='ltr'>orga-</span> <span class='ocrx_word' id='word_1_481' title='bbox 4023 5194 4092 5260; x_wconf 58' lang='lat'>2,</span> 
     </span>
     <span class='ocr_line' id='line_1_97' title="bbox 2321 5280 4262 5380; baseline 0.006 -24"><span class='ocrx_word' id='word_1_482' title='bbox 2321 5281 2809 5371; x_wconf 84' lang='lat' dir='ltr'>nizationem,</span> <span class='ocrx_word' id='word_1_483' title='bbox 2856 5290 2930 5356; x_wconf 88' lang='lat' dir='ltr'>et</span> <span class='ocrx_word' id='word_1_484' title='bbox 2986 5280 3530 5355; x_wconf 89' lang='lat' dir='ltr'>animationem</span> <span class='ocrx_word' id='word_1_485' title='bbox 3568 5306 3861 5380; x_wconf 76' lang='lat' dir='ltr'>praece-</span> <span class='ocrx_word' id='word_1_486' title='bbox 3891 5311 4089 5362; x_wconf 65' lang='lat' dir='ltr'>Anima</span> <span class='ocrx_word' id='word_1_487' title='bbox 4117 5326 4262 5367; x_wconf 81' lang='lat' dir='ltr'>non</span> 
     </span>
     <span class='ocr_line' id='line_1_98' title="bbox 2322 5379 4233 5497; baseline 0.002 -25"><span class='ocrx_word' id='word_1_488' title='bbox 2322 5400 2500 5474; x_wconf 91' lang='lat' dir='ltr'>dere</span> <span class='ocrx_word' id='word_1_489' title='bbox 2531 5397 3170 5488; x_wconf 85' lang='lat' dir='ltr'>Incarnationem,</span> <span class='ocrx_word' id='word_1_490' title='bbox 3220 5406 3468 5495; x_wconf 88' lang='lat' dir='ltr'>potest</span> <span class='ocrx_word' id='word_1_491' title='bbox 3534 5397 3859 5497; x_wconf 87' lang='lat' dir='ltr'>intelligi</span> <span class='ocrx_word' id='word_1_492' title='bbox 3891 5379 4233 5493; x_wconf 56' lang='grc' dir='ltr'>ὀξᾟῗῗξξίζ</span> 
     </span>
     <span class='ocr_line' id='line_1_99' title="bbox 2324 5514 3860 5614; baseline 0.001 -24"><span class='ocrx_word' id='word_1_493' title='bbox 2324 5516 2757 5614; x_wconf 88' lang='lat' dir='ltr'>dupliciter,</span> <span class='ocrx_word' id='word_1_494' title='bbox 2828 5517 2949 5591; x_wconf 84' lang='lat' dir='ltr'>vel</span> <span class='ocrx_word' id='word_1_495' title='bbox 3003 5514 3436 5609; x_wconf 89' lang='lat' dir='ltr'>duratione,</span> <span class='ocrx_word' id='word_1_496' title='bbox 3473 5517 3594 5590; x_wconf 85' lang='lat' dir='ltr'>vel</span> <span class='ocrx_word' id='word_1_497' title='bbox 3647 5525 3860 5592; x_wconf 89' lang='lat' dir='ltr'>natu-</span> 
     </span>
    </p>
   </div>
   <div class='ocr_carea' id='block_1_21' title="bbox 2323 5501 4267 5732">
    <p class='ocr_par' dir='ltr' id='par_1_26' title="bbox 2323 5501 4267 5732">
     <span class='ocr_line' id='line_1_100' title="bbox 3888 5501 4267 5557; baseline 0.016 -6"><span class='ocrx_word' id='word_1_498' title='bbox 3888 5501 4267 5557; x_wconf 72' lang='lat' dir='ltr'>lucar-natio-</span> 
     </span>
     <span class='ocr_line' id='line_1_101' title="bbox 4007 5578 4182 5621; baseline 0.034 -6"><span class='ocrx_word' id='word_1_499' title='bbox 4007 5578 4182 5621; x_wconf 73' lang='lat' dir='ltr'>nem.</span> 
     </span>
     <span class='ocr_line' id='line_1_102' title="bbox 2323 5633 3861 5732; baseline 0.003 -23"><span class='ocrx_word' id='word_1_500' title='bbox 2323 5658 2408 5710; x_wconf 88' lang='lat' dir='ltr'>ra</span> <span class='ocrx_word' id='word_1_501' title='bbox 2446 5659 2461 5723; x_wconf 91' lang='lat'>;</span> <span class='ocrx_word' id='word_1_502' title='bbox 2509 5642 2581 5708; x_wconf 84' lang='lat' dir='ltr'>et</span> <span class='ocrx_word' id='word_1_503' title='bbox 2621 5634 2790 5709; x_wconf 91' lang='lat' dir='ltr'>dico</span> <span class='ocrx_word' id='word_1_504' title='bbox 2820 5633 3025 5731; x_wconf 87' lang='lat' dir='ltr'>quod</span> <span class='ocrx_word' id='word_1_505' title='bbox 3058 5633 3318 5708; x_wconf 89' lang='lat' dir='ltr'>anima</span> <span class='ocrx_word' id='word_1_506' title='bbox 3356 5655 3511 5708; x_wconf 91' lang='lat' dir='ltr'>non</span> <span class='ocrx_word' id='word_1_507' title='bbox 3540 5658 3861 5732; x_wconf 81' lang='lat' dir='ltr'>praeces-</span> 
     </span>
    </p>
   </div>
  </div>
 </body>
</html>
