4295 6326
1464 343 1690 414 DIST.
1740 346 1861 416 ΙΙΙ.
1915 345 2333 427 QUAESTIO
2383 348 2500 415 IV.

372 538 600 608 none,
646 520 802 588 tota
852 516 1264 590 auctoritas
1310 517 1647 591 Cononis
1706 516 1919 613 insir-

373 634 579 702 mata
601 637 815 723 esset,
852 655 989 704 nec
1022 631 1283 729 aliqua
1314 634 1724 707 auctoritas
1753 636 1916 731 ejus

371 745 825 822 adducenda
923 756 1113 824 esset
1177 750 1280 823 ad
1355 749 1914 846 testificandum

372 863 711 962 aliquam
754 868 1180 960 veritatem,
1236 868 1418 965 quia
1458 869 1746 942 diceret
1781 868 1918 942 ad-

370 984 782 1074 versarum,
830 985 1010 1082 quia
1038 986 1335 1059 ratione
1364 985 1504 1059 lioc
1536 991 1730 1060 esset
1762 985 1918 1082 sal-

369 1123 568 1192 sum,
628 1106 699 1172 et
731 1101 1249 1194 mendacium,
1297 1101 1560 1176 eadem
1622 1103 1917 1176 ratione

372 1222 446 1291 et
481 1224 720 1292 lotam
787 1219 1181 1293 residemm
1224 1209 1416 1293 esset
1451 1228 1911 1317 suspectum,

372 1334 555 1432 quia
587 1359 740 1408 non
777 1336 1142 1433 majorem
1187 1327 1714 1413 auctoritatem
1777 1339 1918 1411 ha-

373 1451 499 1524 het
539 1460 741 1524 totus
772 1453 1030 1527 Canon
1080 1477 1310 1551 quam
1353 1453 1520 1548 ejus
1580 1477 1782 1551 pars.
1828 1455 1920 1527 Et

373 1563 544 1639 ideo
569 1587 1081 1662 quaecumque
1107 1568 1417 1641 fuerunt
1439 1568 1920 1664 verbaApos·

375 1682 701 1754 telorum
739 1682 939 1756 inter
969 1707 1077 1777 se,
1125 1683 1200 1756 in
1237 1692 1608 1781 quantum
1664 1684 1918 1756 homi-

373 1820 513 1871 nes
545 1807 897 1895 poterant
925 1824 1269 1896 peecare,
1307 1810 1562 1875 tamen
1596 1800 1922 1896 inquan—

372 1924 535 1988 tum
605 1915 1012 1992 dictatores
1060 1927 1133 1992 et
1199 1918 1710 1993 instrumenta
1742 1918 1919 2015 Spi-

374 2031 565 2105 ritus
600 2034 873 2126 sancti,
920 2058 1073 2107 non
1119 2044 1233 2109 est
1277 2035 1742 2109 credendum
1774 2034 1918 2108 ali-

374 2173 603 2246 quem
683 2152 993 2226 illorum
1081 2154 1355 2227 falsum
1418 2154 1698 2228 dixisse
1794 2156 1913 2226 vel

373 2267 772 2364 scripsisse
811 2297 827 2360 ;
900 2278 970 2342 et
1009 2269 1175 2343 ideo
1218 2270 1517 2343 nullum
1601 2269 1918 2343 menda-

373 2384 576 2456 cium
612 2384 918 2481 seripsit
960 2386 1251 2459 Paulus
1285 2386 1358 2459 in
1400 2388 1542 2459 hoc
1576 2386 1778 2482 quod
1815 2385 1916 2457 di·

371 2499 477 2571 xit
576 2500 887 2574 Petrum
960 2525 1126 2575 esse
1198 2501 1908 2598 reprehensibilem.

372 2615 617 2689 Multa
656 2626 911 2692 tamen
985 2618 1382 2692 mendacia
1424 2627 1495 2691 et
1538 2619 1725 2690 falsa
1783 2642 1917 2714 po-

374 2734 514 2806 tuit
545 2735 878 2810 seribere
912 2760 1048 2833 per
1083 2736 1392 2810 modum
1420 2736 1804 2810 narrantis
1845 2744 1916 2808 et

376 2850 768 2924 recitantis
810 2851 992 2925 talia
1050 2852 1544 2926 historialiter
1576 2861 1647 2926 et
1683 2860 1916 2924 mate-

375 2970 688 3059 rialiter,
739 2981 822 3045 ut
851 2972 1190 3047 Joannes
1232 2972 1535 3069 scripsit
1580 2996 1744 3068 cap.
1794 2971 1910 3043 10.

373 3086 874 3161 Daemonium
912 3087 1142 3162 habes
1188 3117 1205 3182 3
1257 3089 1389 3162 sed
1434 3090 1646 3162 nullo
1690 3088 1915 3161 inodo

375 3228 513 3302 per
556 3204 865 3278 modum
923 3206 1278 3291 dictantis
1346 3215 1419 3280 et
1480 3205 1912 3297 scribentis,

374 3322 557 3417 quia
593 3322 838 3415 utsic,
872 3332 1034 3396 erat
1092 3324 1686 3398 instrumentum
1741 3323 1918 3421 Spi-

373 3438 564 3513 ritus
595 3439 962 3532 veritatis,
1000 3440 1131 3535 qui
1167 3440 1385 3515 docet
1426 3464 1730 3515 omnem
1785 3463 1919 3514 ve-

378 3554 701 3629 ritatem.
750 3555 1003 3642 Quare
1072 3566 1327 3631 autem
1381 3558 1607 3632 fuerit
1656 3580 1919 3655 repre-

374 3672 776 3746 hensibilis
861 3672 1161 3765 Petrus,
1222 3682 1294 3747 et
1370 3675 1661 3748 Paulus
1728 3698 1914 3767 non,

17 3793 342 3906 ’101ἶῖξῖςῖ
376 3814 638 3887 quaere
681 3789 862 3863 alibi
889 3792 933 3861 ·.

17 3921 344 4031 ζζέοὲἒεξέξ
470 3908 723 3981 Teneo
756 3931 937 4004 ergo
980 3909 1183 4005 quod
1219 3934 1374 3983 non
1418 3910 1556 3983 fuit
1600 3910 1913 4002 malum,

17 4038 178 4109 'gana
216 4057 325 4093 coe·
378 4049 517 4099 nec
560 4026 1000 4123 pestiferum
1032 4027 1473 4101 circumcidi
1518 4038 1687 4126 post
1728 4050 1922 4099 mor-

17 4112 344 4219 ’ἷῖιῗὲῑῑιῗιῗπ
376 4152 526 4216 tem
570 4142 875 4228 Christi,
924 4152 994 4217 et
1056 4143 1655 4239 divulgationem
1716 4145 1922 4241 Bap-

375 4259 606 4349 tismi‚
672 4283 810 4334 nee
868 4270 1049 4334 tune
1120 4262 1241 4334 lex
1293 4261 1919 4337 Circumcisionis

373 4384 536 4449 erat
576 4376 1028 4473 simpliciter
1081 4388 1436 4451 revocata
1475 4401 1518 4450 a
1585 4377 1913 4472 Christo,

370 4492 491 4565 vel
534 4494 946 4589 ApostoliS,
993 4494 1177 4590 quia
1209 4495 1352 4567 hoc
1396 4518 1546 4569 non
1581 4495 1861 4591 legitur
1896 4524 1914 4587 ;
1955 4510 1963 4517 ’

371 4618 445 4682 et
523 4609 694 4683 ideo
783 4618 1083 4708 tempus
1171 4611 1683 4685 revocationis
1751 4613 1917 4709 ejus

372 4729 740 4823 nescitur,
795 4730 974 4827 quia
1039 4730 1228 4804 forte
1301 4730 1915 4829 Historiographi

372 4853 874 4918 cessaverunt
960 4845 1175 4942 prius
1238 4845 1601 4938 scribere,
1683 4870 1914 4943 quam

372 4969 574 5033 esset
644 4969 1021 5033 revocata.
1110 4960 1592 5033 Credendum
1664 4970 1913 5034 tamen

371 5085 483 5150 est
519 5077 718 5174 quod
754 5076 1103 5150 Christus
1136 5100 1301 5150 eam
1345 5101 1482 5174 per
1512 5078 1916 5173 Apostolos

371 5216 553 5266 suos
598 5193 1007 5285 revocavit,
1055 5193 1228 5267 lieet
1273 5202 1571 5290 tempus
1616 5217 1917 5267 revoca-

370 5310 604 5384 tionis
650 5310 817 5406 ejus
848 5334 986 5407 per
1039 5310 1510 5407 Scripturam
1576 5310 1913 5384 historiae

371 5424 464 5497 ad
511 5448 651 5499 nos
694 5448 846 5497 non
891 5425 1207 5508 venerit,
1241 5426 1423 5520 quia
1465 5451 1613 5498 non
1649 5426 1751 5498 ila
1781 5425 1907 5498 (liu

374 5540 682 5615 duravit
732 5541 1126 5638 Scriptura
1167 5540 1610 5635 historialis,
1649 5552 1721 5615 et
1785 5566 1915 5616 us-

3444 343 3573 411 59³

2026 543 2175 617 que
2219 519 2311 594 ad
2346 529 2639 595 certum
2672 530 2978 618 tempus
3011 515 3358 617 permisit
3397 535 3564 589 eam

2026 659 2334 709 currere
2388 658 2562 708 eum
2623 635 3042 732 Baptismo,
3101 632 3326 708 etiam
3403 634 3571 726 post

2025 752 2756 848 promulgationem,
2800 761 2878 824 ut
2935 749 3391 849 sepeliretur
3422 740 3603 841 Sy-⁴

2027 891 2328 964 nagoga
2359 892 2530 941 cum
2571 870 2887 942 honore.

2126 983 2342 1057 Unde
2376 984 2543 1057 dico
2586 985 2677 1059 ad
2723 987 3039 1059 formam
3080 980 3558 1084 quaestioniS,
3696 983 3800 1050 15.

2027 1100 2230 1195 quod
2293 1101 2456 1173 sola
2545 1100 2917 1174 institutio
2977 1097 3344 1196 Baptismi
3408 1118 3558 1168 non
3591 1095 3914 1211 ξὲᾗῗξῧὲῐδ

2026 1217 2429 1290 evacuavit
2558 1215 3265 1304 Circumcisionem,
3424 1235 3564 1285 nec

2027 1333 2255 1406 etiam
2341 1331 2508 1428 ejus
2595 1322 3107 1430 promulgatio
3166 1332 3356 1405 facta
3434 1351 3568 1426 per

2030 1448 2337 1522 modum
2375 1449 2827 1546 praedictum
2868 1450 3119 1524 statim
3154 1471 3320 1523 eam
3351 1470 3569 1521 revo-

2027 1564 2254 1657 cavit,
2311 1574 2566 1639 tamen
2627 1565 3126 1640 Circumcisio
3196 1588 3345 1636 non
3410 1571 3571 1636 erat

2029 1691 2209 1756 tune
2255 1683 2715 1777 necessaria,
2762 1684 2895 1758 sed
2938 1692 3229 1758 tantum
3265 1679 3574 1777 Baptis-

2032 1826 2245 1893 mus3
2313 1802 2537 1874 modo
2572 1810 2826 1876 autem
2875 1802 3053 1899 quia
3123 1796 3570 1896 simpliciter

2026 1927 2140 1992 est
2174 1915 2552 2010 revocata,
2589 1917 2767 1992 lieet
2816 1928 3116 2014 tempus
3193 1915 3359 2011 ejus
3413 1936 3566 1987 non

2029 2036 2327 2130 legatur
2358 2036 2433 2108 in
2480 2034 2901 2133 Scriptura,
2967 2034 3150 2130 quia
3199 2056 3352 2104 non
3395 2040 3569 2105 tan-

2028 2163 2187 2225 tum
2240 2152 2888 2225 continuaverunt
2946 2149 3336 2223 historiam
3382 2147 3570 2221 seri-

2028 2269 2322 2360 benteS,
2361 2268 2812 2366 simpliciter
2867 2278 2979 2340 est
3025 2265 3315 2353 illicita,
3362 2251 3435 2338 et
3475 2262 3569 2337 ab

2029 2386 2367 2460 Ecclesia
2454 2385 3044 2477 contemnenda,
3100 2384 3316 2480 juxta
3397 2406 3564 2479 cap,

2023 2503 2393 2602 iilajores,
2441 2505 2532 2577 de
2583 2504 2977 2601 Baptismo
3037 2512 3110 2577 et
3160 2502 3327 2598 ejus
3355 2499 3570 2575 effec-

2030 2629 2133 2705 tu,
2171 2620 2374 2716 qued
2409 2644 2563 2693 non
2590 2630 2703 2694 est
2736 2618 3178 2710 verisimile,
3217 2616 3363 2690 nisi
3395 2639 3569 2689 con·

2028 2742 2455 2808 temnentes
2555 2757 2690 2831 per
2769 2731 3340 2814 revelationem,
3444 2731 3566 2803 vel

2026 2848 2287 2946 aliquo
2372 2850 2521 2924 alio
2604 2850 2826 2923 modo
2888 2859 3095 2922 certo
3164 2835 3580 2922 scivissent

2024 2988 2194 3038 eam
2228 2989 2395 3041 esse
2430 2977 2861 3040 revocatam
2907 2988 2950 3039 a
2982 2964 3168 3039 Deo.

2122 3092 2231 3165 Ad
2312 3092 2637 3190 primam
2705 3092 3108 3187 rationem,
3153 3073 3565 3163 dicendum

2026 3210 2229 3306 quod
2306 3211 2381 3283 in
2462 3213 2627 3306 lege
2707 3210 2850 3284 ista
2918 3209 3270 3308 quaedam
3352 3216 3570 3283 erant

2030 3325 2374 3413 moralia,
2422 3326 2776 3425 quaedam
2819 3325 3244 3422 judicialia.
3305 3326 3573 3413 Quan-

2033 3453 2188 3514 tum
2252 3453 2507 3517 autem
2577 3444 2670 3516 ad
2750 3442 3070 3516 moralia
3148 3466 3302 3515 non
3362 3441 3573 3513 venit

2028 3559 2379 3632 Christus
2447 3559 2745 3633 solvere
2816 3560 3092 3654 legem,
3150 3557 3282 3631 sed
3342 3555 3574 3654 perfi-

2028 3697 2200 3748 cere
2244 3685 2317 3747 et
2357 3674 2802 3771 adimplere.
2855 3673 3073 3746 Unde
3130 3672 3312 3745 dixit
3346 3672 3575 3746 disei-

2032 3796 2261 3893 pulis,
2322 3797 2591 3870 Matth.
2639 3796 2708 3868 5.
2773 3794 3125 3869 Audistis
3157 3795 3363 3893 quod
3411 3795 3574 3869 clic-

2029 3919 2189 3986 lum
2249 3919 2361 3986 est
2415 3912 2750 4010 antiquis
2786 3938 2811 3985 .·
2847 3910 3148 4008 Diliqes
3207 3912 3567 4004 amicum,

2031 4036 2101 4102 ec
2131 4028 2304 4102 odio
2345 4026 2654 4102 habebis
2681 4028 3128 4115 inimicum‚·
3152 4051 3284 4125 eqo
3318 4038 3571 4101 autem

2029 4146 2222 4229 dice,
2271 4142 2759 4217 rectificando
2791 4154 2864 4217 et
2898 4142 3365 4242 perficiendo
3423 4169 3573 4217 mo-

2032 4263 2246 4355 ralia,
2284 4262 2582 4357 diliyice
2613 4262 3016 4335 inimicum
3051 4271 3406 4345 vestrum,
3441 4260 3573 4335 be-

2028 4377 2361 4475 nefacite
2399 4378 2545 4471 his,
2592 4380 2729 4477 qni
2776 4379 3102 4453 oderant
3150 4403 3299 4452 vos.
3347 4378 3571 4452 Judi-

2029 4494 2255 4568 cialia
2295 4518 2474 4568 vero
2511 4519 2660 4566 non
2712 4504 3046 4587 manent,
3087 4495 3230 4569 nisi
3261 4506 3571 4593 propter

2032 4610 2395 4706 majorem
2457 4633 2719 4707 pacem
2794 4610 3225 4685 habendam
3286 4611 3357 4683 in
3422 4636 3570 4707 gu-

2029 4728 2478 4803 bernatione
2561 4728 3061 4826 Reipublicae,
3140 4752 3315 4827 quae
3413 4754 3564 4802 non

2027 4856 2253 4939 esset,
2301 4845 2446 4918 nisi
2527 4846 2838 4920 daretur
2878 4846 3064 4918 dens
3124 4871 3268 4943 pro
3311 4847 3562 4936 dente,

2027 4969 2099 5035 ec
2137 4961 2401 5036 oculus
2422 4987 2567 5059 pro
2611 4962 2857 5054 oculo,
2910 4971 3049 5036 etc.
3101 4972 3182 5036 ut
3240 4965 3569 5038 habetur

2023 5077 2284 5151 Eoeod.
2332 5078 2450 5151 21.
2498 5086 2570 5152 et
2605 5071 2844 5151 Leuit.
2885 5079 3003 5150 24.
3043 5103 3218 5177 quae
3246 5078 3567 5175 judicia-

2025 5193 2127 5267 lia
2168 5218 2319 5266 non
2366 5194 2709 5290 ohligant
2752 5217 2891 5266 nos
2941 5218 3034 5268 ex
3088 5195 3564 5271 institutione

2024 5309 2364 5406 antiquae
2400 5310 2589 5406 legis
2632 5319 2957 5403 tantum,
3004 5319 3076 5384 et
3115 5335 3158 5385 a
3196 5311 3385 5404 Dee,
3431 5314 3563 5387 sed

2022 5450 2111 5498 ex
2143 5450 2341 5499 nova
2382 5427 2859 5500 institutione
2894 5451 3188 5501 eorum.

2121 5541 2269 5615 Sed
2354 5553 2646 5636 contra,
2719 5544 2967 5616 soluto
3065 5543 3560 5620 fundamento

3595 3068 3676 3119 Ad
3702 3083 3914 3143 argum.

3634 3145 3880 3196 primum.
3923 3198 3926 3199 ⁷
3967 3148 3976 3155 ·
