4295 6326
150 1930 316 1981 Fides
346 1946 424 1982 ac-

120 1992 324 2056 quisita
350 2009 448 2059 po-

121 2062 231 2108 test
257 2070 371 2107 esse
393 2062 446 2111 in

1366 424 1595 493 DIST.
1643 422 1902 493 XXXI.
1955 421 2374 502 QUAESTto
2424 422 2662 493 UNIC.

489 603 975 679 sentiendum
1009 626 1197 678 vero
1249 604 1649 700 complexo
1717 601 1808 674 de
1871 599 2031 673 Deo

486 745 636 794 non
680 730 993 819 propter
1025 719 1517 805 evidentiam,
1555 718 1685 792 sed
1723 725 2032 815 propter

484 837 905 933 elficaciam
935 837 1351 912 causantis.
1387 836 1532 911 Sed
1580 834 1683 908 ibi
1717 858 1868 907 non
1908 833 2032 905 in-

485 955 803 1029 clinabit
841 955 935 1028 ad
996 954 1574 1028 assentiendum
1635 951 1863 1026 alicui
1938 952 2028 1024 de

485 1073 646 1145 Deo
706 1096 859 1144 non
929 1071 1291 1156 evidenti,
1330 1070 1513 1166 quia
1579 1069 1672 1142 de
1734 1066 2028 1141 ratione

489 1187 986 1261 beatitudinis
1027 1196 1140 1261 est
1172 1186 1432 1260 omnia
1492 1185 1596 1259 ibi
1652 1208 1819 1257 esse
1883 1183 2027 1256 sub

487 1304 900 1391 evidentia,
962 1304 1162 1391 ideo,
1224 1313 1365 1377 etc.
1451 1303 1710 1376 Potest
1775 1311 2023 1372 tamen

488 1445 655 1495 esse
719 1420 901 1493 fides
990 1420 1068 1493 in
1165 1420 1408 1518 patria
1476 1419 1567 1492 de
1636 1417 2025 1515 aliquibus

488 1561 661 1634 quae
698 1536 1142 1625 creduntur,
1178 1535 1310 1610 sed
1371 1535 1771 1630 acquisita,
1828 1532 2026 1607 sicut

484 1653 669 1725 dicit
709 1652 1121 1727 auctoritas
1182 1650 1592 1745 Augustini
1654 1650 1827 1724 dist.
1897 1649 2015 1721 85.

483 1776 747 1866 quaest.
792 1769 1258 1867 supradicta.
1712 1830 1723 1835 -

582 1885 950 1959 Similiter
981 1909 1183 1983 spes,
1221 1909 1393 1959 cum
1425 1884 1518 1958 sit
1552 1883 2020 1957 desiderium

482 2003 850 2090 absentis,
891 2027 1039 2076 non
1086 2011 1199 2076 est
1229 2002 1379 2095 ibi;
1420 2002 1622 2075 unde
1678 2001 1896 2073 Rom.
1944 1999 2012 2072 8.

3558 431 3680 497 501

2143 600 2664 689 beatitudinis,
2765 602 3056 678 scilicet
3132 603 3294 690 Dei,
3374 614 3683 702 propter

2141 717 2344 812 quod
2385 718 2692 812 ponitur
2770 718 2960 793 fides
3031 721 3179 813 hic,
3215 743 3464 817 neque
3541 721 3684 793 erit

2141 833 2309 927 ejus
2377 834 2748 926 absentia,
2825 845 3132 935 propter
3201 836 3405 933 quod
3504 860 3679 933 spes

2139 948 2452 1046 ponitur
2491 950 2943 1045 actualiter3
2992 952 3162 1025 idco
3233 953 3436 1026 enirn
3499 962 3676 1025 sunt

2138 1068 2262 1139 hic
2297 1067 2758 1160 necessaria,
2796 1067 2980 1165 quia
3048 1078 3228 1141 sunt
3273 1069 3678 1165 perfectio-

2138 1208 2276 1257 nes
2354 1185 2803 1280 supplentes
2888 1185 3500 1282 imperfectiones
3597 1187 3672 1259 in

2135 1303 2385 1387 nobiS,
2432 1302 2523 1374 ad
2607 1302 3163 1376 habilitaudum
3257 1304 3674 1400 potentiam

2136 1420 2229 1493 ad
2273 1419 2684 1513 obiectum,
2731 1444 2906 1517 quae
2967 1445 3119 1493 non
3173 1430 3418 1519 potest
3470 1446 3677 1493 sem-

2133 1562 2272 1635 per
2306 1561 2613 1612 manere
2656 1538 2758 1610 ibi
2820 1538 2894 1609 in
2942 1547 3112 1611 actu
3165 1539 3445 1612 elicito.
3487 1540 3676 1613 Cha-

2134 1655 2318 1729 ritas
2359 1665 2615 1730 autem
2687 1679 2839 1727 non
2920 1657 3447 1745 evacuabitur,
3494 1656 3676 1754 quia

2131 1770 2298 1866 ejus
2349 1771 2744 1859 inclinatio
2797 1781 3050 1845 manet
3131 1772 3221 1844 ad
3281 1781 3563 1862 actum,
3602 1782 3675 1847 ct

2128 1888 2695 1983 quodammodo
2757 1897 2869 1961 est
2936 1888 3282 1983 ejusdem
3327 1888 3669 1982 rationiS,

2129 2004 2368 2101 posita
2447 2004 2878 2079 differentia
2955 2027 3048 2078 ex
3117 2016 3328 2102 parte
3388 2007 3667 2103 objecti

200 2121 383 2185 9⁸²⁶&
484 2122 682 2221 Spes
723 2145 876 2196 non
898 2128 1154 2219 potest
1182 2144 1338 2195 esse
1387 2122 1468 2194 in
1517 2120 1804 2216 patria,
1848 2141 2018 2215 spes
2124 2121 2518 2195 charitatis
2543 2131 2845 2195 nuncet
2883 2131 3086 2194 tunc.
3127 2121 3440 2217 Objecta
3463 2123 3667 2196 enim

476 2263 648 2336 quae
674 2238 1001 2331 videtur,
1030 2261 1183 2310 non
1225 2243 1336 2311 esc
1352 2260 1548 2334 spes.
1581 2236 1668 2310 N
1666 2259 1789 2309 am
1815 2234 2021 2331 quod

475 2358 644 2455 quis
674 2356 906 2448 videt,
959 2354 1150 2453 quid
1198 2363 1455 2452 sperat
1491 2352 1530 2423 ἱ)
1608 2352 1706 2426 Si
1760 2358 2011 2425 autem

473 2473 679 2571 quod
760 2496 913 2546 non
1000 2472 1302 2547 videtur
1388 2493 1813 2569 speramus,
1868 2492 2014 2565 per

460 2590 918 2686 patientiam
951 2596 1463 2687 eoepeclamus.

564 2709 713 2783 Sed
753 2717 937 2783 tunc
978 2716 1092 2783 est
1122 2707 1443 2781 dubium
1490 2706 1637 2792 hic,
1685 2728 1861 2802 quae
1895 2714 2009 2779 est

467 2826 655 2898 ratio
690 2824 1215 2900 evacuationis
1247 2824 1566 2897 istorum
1611 2821 1683 2893 in
1731 2822 2000 2919 patria,

372 2994 385 3005 .
464 2949 595 3013 aut
635 2964 811 3036 quae
844 2941 938 3014 sit
998 2938 1727 3036 incompossibilitas
1776 2937 1877 3012 ibi
1922 2937 2000 3011 in

149 4165 169 4183 “
202 4165 379 4229 Supra

139 4227 266 4277 dist..
302 4231 377 4278 14.

140 4291 258 4339 Nou
293 4299 374 4341 est

137 4353 377 4404 formalis

72 4414 402 4478 incompos-

78 4544 166 4589 ter
180 4539 401 4592 beatitu-

461 3056 880 3143 intellectu,
917 3057 1035 3129 vel
1100 3056 1174 3128 in
1218 3056 1611 3129 voluntate
1640 3054 1679 3125 ‘2
1718 3054 2002 3129 Dicunt

458 3174 691 3273 aliqui
764 3175 967 3272 quod
1032 3182 1341 3272 propter
1426 3173 1819 3247 formalem
1877 3172 2001 3245 in-

458 3292 1213 3391 compossibilitatem
1258 3313 1523 3364 eorum
1560 3290 1636 3362 in
1680 3289 1998 3364 beatitu-

457 3408 662 3501 dine,
710 3419 841 3483 aut
873 3408 1056 3505 quia
1086 3430 1240 3481 non
1281 3417 1462 3481 sunt
1505 3405 1991 3500 necessariae,

455 3528 585 3601 sed
628 3525 1069 3624 superssuae.
1121 3525 1200 3600 Si
1255 3549 1392 3623 pro
1471 3525 1743 3622 primo,
1813 3534 1995 3599 tunc

452 3643 650 3716 alius
682 3654 796 3718 est
827 3642 1133 3717 habitus
1173 3641 1439 3738 gloriae
1500 3664 1730 3738 quain
1765 3641 1985 3727 visiO,

450 3769 523 3833 et
553 3759 904 3834 similiter
965 3759 1162 3834 alius
1220 3758 1527 3834 habitus
1593 3757 1985 3852 tentioniS,

449 3897 583 3971 per
614 3897 844 3972 quem
888 3876 1129 3949 tendit
1182 3875 1257 3948 in
1320 3875 1731 3971 objectum,
1782 3874 1985 3970 quod

448 4014 602 4065 non
670 3992 923 4085 video,
997 3992 1196 4066 sicut
1296 4003 1499 4089 patet
1597 3993 1810 4100 prius
1902 3992 1983 4065 in

445 4107 993 4204 quaestionibus
1052 4111 1071 4130 ⁹
1122 4109 1215 4183 de
1269 4109 1607 4187 scientia.
1666 4108 1977 4183 Cleri-sti.

443 4223 660 4310 Quod
686 4224 748 4297 si
784 4225 927 4298 hoc
971 4249 1122 4298 non
1166 4225 1477 4322 ponitur
1516 4224 1720 4321 quod
1784 4225 1983 4300 alius

2112 2238 2350 2311 modo
2395 2238 3083 2335 apprehenduntur
3123 2238 3216 2310 in-
3251 2240 3664 2312 universali

2123 2355 2450 2447 anobis,
2493 2365 2669 2429 tunc
2736 2365 2989 2430 autem
3052 2357 3124 2428 in
3175 2356 3661 2453 particulari3

2120 2472 2476 2546 similiter
2511 2472 2734 2547 modo
2785 2472 3246 2547 abstractive
3298 2498 3507 2548 nunc
3549 2483 3665 2548 at-

2117 2589 2437 2685 tingitur
2484 2590 2868 2686 objectum
2947 2589 3139 2687 ejuS‚
3207 2599 3387 2664 tunc
3455 2591 3659 2665 nude

2113 2715 2188 2780 et
2223 2705 2603 2780 intuitive.

2213 2825 2320 2896 Ex
2355 2823 2473 2896 his
2525 2823 2874 2921 sequitur
2918 2824 3068 2897 alia
3118 2822 3544 2898 differentia
3577 2824 3651 2897 in

2111 2949 2282 3013 actu
2335 2940 2755 3033 charitatis,
2810 2941 3013 3038 quod
3075 2941 3362 3016 scilicet
3437 2951 3651 3015 actus
3681 2959 4006 3074 3313&ae-

2108 3057 2277 3153 ejus
2309 3080 2515 3131 nunc
2570 3066 2682 3132 est
2741 3058 3157 3151 remissior,
3217 3081 3447 3155 quarn
3510 3058 3971 3214 Oritffiffiffilsslss

2106 3174 2510 3272 tunc‚quia
2542 3185 2829 3272 quanto
2863 3175 3245 3270 obJectum
3280 3175 3649 3272 diligibile

2106 3291 2541 3366 distinctius
2649 3302 2722 3366 et
2815 3292 3278 3389 praesentius
3374 3316 3652 3391 appre-

2106 3409 2495 3502 henditur,
2546 3417 2751 3484 tanto
2797 3420 3010 3483 actus
3078 3420 3191 3484 est
3249 3411 3655 3508 perfectior

2102 3534 2175 3600 et
2243 3525 2645 3619 intensior,
2699 3526 2831 3599 sed
2910 3525 3113 3600 istud
3184 3550 3334 3599 non
3412 3528 3653 3602 variat

2100 3642 2476 3716 habitum.
2518 3641 2904 3736 ProbatiO,
2943 3642 3212 3716 eodem
3256 3643 3462 3717 enim
3509 3645 3649 3719 ha—

2099 3760 2261 3835 bitu
2305 3782 2457 3856 quo
2501 3761 2671 3833 volo
2713 3759 3001 3857 aliquid
3035 3759 3109 3832 in
3157 3783 3262 3849 se,
3302 3769 3385 3834 ut
3415 3761 3644 3836 alicui

2096 3877 2294 3951 bene
2345 3901 2512 3953 esse
2575 3879 2649 3950 in
2693 3901 2773 3953 se
2834 3880 3401 3976 apprehensum
3463 3881 3644 3954 abs-

2100 3994 2439 4088 tractive,
2504 3995 2772 4069 eodem
2810 3996 2980 4068 volo
3041 3996 3331 4070 bonum
3376 4020 3640 4095 appre-

2095 4111 2421 4185 hensum
2460 4111 2661 4185 nude
2704 4123 2776 4186 et
2818 4101 3217 4205 'intuitive,
3264 4115 3631 4192 eteoclem

2090 4249 2243 4323 quo
2286 4229 2459 4302 volo
2505 4230 2846 4317 remisse,
2876 4230 3141 4304 eodem
3186 4232 3360 4304 volo
3393 4232 3637 4308 inten-

442 4341 748 4415 habitus
779 4341 902 4433 sit,
938 4366 1092 4416 non
1135 4342 1440 4417 videtur
1465 4344 1670 4440 quod
1726 4344 1822 4417 sit
1857 4344 1980 4416 in·
2087 4346 2275 4421 sive.
2321 4348 2535 4424 Unde
2569 4350 2902 4424 charitas
2944 4350 3262 4426 inclinat
3293 4354 3383 4426 ad
3432 4355 3629 4430 idem

73 4478 402 4530 nihilitasin·
438 4456 1080 4553 compossibilitas
1146 4459 1453 4531 illarum
1508 4457 1597 4532 ad
1644 4459 1977 4533 beatitu-
2085 4485 2576 4561 quocumque
2620 4466 2846 4539 modo
2889 4476 3311 4560 ostensum,
3377 4480 3447 4543 et
3491 4472 3632 4545 dif-

77 4603 290 4662 dinem,
330 4610 382 4655 et
436 4574 737 4668 dine1n3
784 4576 985 4649 actui
1020 4575 1222 4650 enim
1286 4575 1606 4650 visionis
1662 4601 1815 4650 non
1851 4601 1974 4652 re-
2087 4582 2406 4657 ferentia
2454 4585 2918 4657 ostensionis
2999 4610 3148 4658 non
3230 4587 3630 4683 distinguit

120 4666 282 4716 fldem
317 4674 369 4718 et

163 4743 335 4793 spem.
431 4701 726 4788 pugnat
793 4692 1100 4765 habitus
1194 4694 1357 4790 spei
1434 4704 1509 4767 et
1613 4693 1818 4788 fidei,
1893 4707 1975 4771 ut
2082 4698 2455 4772 habitum.
2511 4698 2728 4774 Unde
2788 4701 2969 4797 quia
3028 4703 3120 4775 ad
3190 4714 3442 4777 actum
3490 4730 3627 4779 vo-

430 4819 636 4905 patet
712 4809 789 4882 in
869 4810 1109 4884 Paulo
1204 4811 1281 4896 in
1372 4820 1621 4909 raptu,
1716 4836 1968 4911 neque
2078 4815 2395 4888 luntatis
2438 4816 2852 4912 perfectum
2890 4819 3277 4891 concurrit
3346 4823 3625 4895 volun-

426 4926 630 5000 enim
694 4936 875 5001 tunc
935 4928 1510 5002 evacuabantur
1576 4930 1742 5014 ista,
1787 4932 1968 5027 quia
2076 4943 2217 5024 taS,
2270 4942 2349 5004 ut
2385 4956 2532 5005 una
2576 4956 2808 5006 causa
2877 4934 3241 5030 partialis,
3299 4946 3371 5009 et
3407 4938 3623 5012 habi-

429 5050 596 5139 post
629 5042 1095 5135 habuiteas;
1142 5067 1323 5138 ergo
1365 5044 1508 5118 sibi
1546 5069 1695 5117 non
1742 5046 1967 5121 insuit
2079 5056 2200 5119 tus
2233 5047 2652 5139 chat-itam,
2694 5059 2773 5121 ut
2822 5048 2915 5121 sit
2949 5050 3200 5123 bonus
3230 5054 3620 5127 moraliter

423 5168 605 5233 tunc
673 5159 982 5256 aliquod
1059 5160 1682 5257 incomposs'ibile
1751 5163 1958 5258 fidei,

422 5298 674 5372 neque
743 5276 932 5372 spei.
972 5275 1049 5350 Si
1094 5277 1433 5350 secundo
1502 5278 1756 5366 modo,
1804 5304 1957 5352 non

418 5399 533 5465 est
594 5392 947 5488 ponenda
1014 5392 1089 5463 in
1156 5391 1398 5489 patria
1466 5393 1609 5468 ista
1675 5395 1956 5492 duplex

414 5507 685 5592 virtuS,
720 5509 903 5604 quia
943 5532 1093 5583 non
1133 5518 1245 5582 est
1274 5510 1734 5603 necessaria,
1772 5513 1955 5609 quia

417 5647 666 5722 neque
721 5624 824 5698 ibi
908 5626 1049 5700 erit
1134 5626 1604 5702 inevidentia
1674 5628 1949 5725 obJecti

2074 5171 2146 5235 et
2209 5162 2620 5254 meritorie,
2694 5163 2861 5236 ideo
2925 5173 3278 5238 manente
3349 5167 3612 5241 habitu

2070 5299 2293 5372 aeque
2328 5278 2660 5374 perlecto
2695 5288 2939 5374 potest
2980 5303 3146 5353 esse
3207 5291 3422 5354 actus
3454 5306 3619 5378 per-

2069 5396 2358 5484 fectior,
2412 5399 2528 5471 vel
2579 5398 2834 5472 minus
2887 5400 3268 5496 perlectus
3301 5424 3392 5474 ex
3466 5401 3617 5475 alia

2067 5523 2140 5588 et
2181 5515 2331 5588 alia
2400 5515 2693 5590 ratione
2774 5517 3236 5591 ostensionis
3304 5517 3608 5614 objecti,

2069 5630 2358 5705 scilicet
2397 5641 2480 5706 ut
2521 5635 2954 5729 praesentiae
2988 5636 3152 5731 ejus
3175 5636 3297 5708 vel
3335 5634 3615 5708 absen-
