4295 6326
287 2818 444 2871 Fides
485 2834 579 2870 cur

318 2882 375 2932 in
402 2882 575 2946 patria

285 2996 292 3013 ι
327 2958 437 2995 non
469 2960 577 2996 ma-

368 3012 510 3061 neat

643 392 772 461 394

642 564 948 641 bentem
984 568 1305 667 perficit,
1342 582 1414 646 et
1446 595 1640 670 opus
1681 571 1848 667 ejus
1889 571 2179 644 honum

644 684 916 758 reddit.

742 802 958 895 Item,
990 804 1233 879 virtus
1275 815 1389 880 est
1427 805 1823 904 dispositio
1872 804 2181 902 perfecti

642 917 737 989 ad
770 918 1173 1015 optimum,
1221 921 1294 994 id
1328 931 1466 1016 est,
1508 921 1870 1019 potentiae
1918 922 2010 995 ad
2052 944 2184 995 ac-

639 1042 802 1107 tum
832 1036 1252 1132 perfectum
1286 1062 1300 1125 ;
1331 1039 1584 1113 omnis
1612 1049 1866 1113 autem
1924 1048 2186 1135 poten-

638 1149 767 1235 tia,
811 1174 986 1248 quae
1021 1163 1130 1227 est
1174 1166 1354 1229 nata
1391 1155 1656 1255 pertici
1701 1156 1959 1253 aliqua
2010 1179 2184 1253 per-

638 1266 993 1364 fectione,
1041 1294 1132 1345 ex
1165 1295 1319 1369 qua
1350 1274 1601 1348 omnis
1632 1273 1975 1371 operatio
2011 1273 2183 1346 red-

633 1381 1161 1479 diturmelior,
1210 1388 1502 1485 indiget
1543 1389 2177 1488 illaperfectione3

636 1521 820 1596 ergo
854 1512 998 1576 etc.
1043 1503 1302 1578 Minor
1334 1508 1566 1603 patet,
1604 1506 1786 1604 quia
1829 1505 2186 1603 perfecti-

637 1613 822 1690 bilia
865 1619 1095 1694 unius
1129 1622 1446 1696 rationis
1497 1622 1845 1720 indigent
1905 1622 2186 1720 perfec-

634 1730 843 1807 tione
886 1735 1230 1831 ejusdem
1271 1737 1626 1832 rationis3
1685 1739 1817 1813 sed
1879 1736 2025 1813 fide
2069 1748 2185 1810 te·-

634 1872 913 1925 nemus
945 1854 1419 1928 voluntatem
1452 1856 1732 1930 Christi
1773 1880 1940 1931 esse
1987 1856 2185 1953 ejus-

633 1965 807 2041 dem
855 1970 1138 2068 speciei
1169 1994 1343 2045 cum
1387 1983 1692 2066 nos‘tra;
1754 1984 2018 2048 nostra
2056 1997 2188 2048 au-

632 2090 786 2156 tem
836 2083 1124 2182 indiget
1172 2088 1539 2162 charitate
1568 2089 1659 2163 ad
1701 2090 2178 2184 merendum,

646 2208 730 2273 ut
760 2199 908 2275 fide
948 2212 1318 2290 tenemus,
1347 2206 1529 2301 quia
1559 2205 1742 2279 dicit
1775 2208 2183 2303 Apostolus

647 2315 918 2412 primae
943 2318 1033 2391 ad
1062 2320 1403 2394 Corinth.
1425 2321 1494 2393 3.
1520 2321 1618 2393 Si
1639 2319 1922 2418 linquis
1943 2322 2186 2395 homi-

632 2456 819 2506 num
855 2432 1125 2532 loquar
1163 2444 1234 2511 et
1260 2437 1739 2534 Anqclorum
1777 2444 1912 2512 etc.
1938 2439 2185 2513 clzarz'-

635 2553 865 2621 tatem
894 2557 1144 2625 autem
1179 2575 1332 2625 reon
1354 2551 1715 2646 habuero,
1747 2552 1949 2628 nillil
1977 2578 2174 2627 sum.

739 2664 957 2759 Item,
1039 2668 1302 2742 codem
1369 2693 1535 2767 cap.
1619 2669 1896 2743 dicitur
1972 2671 2178 2768 quod

637 2780 968 2857 charitas
1026 2809 1421 2884 nunquam
1477 2786 1802 2871 eoecidz'l:
1875 2810 2057 2883 ergo
2099 2788 2176 2861 in

638 2899 884 2994 patria
925 2911 1226 2995 manet3
1274 2903 1406 2978 sed
1442 2928 1595 2979 non
1626 2914 1992 2999 maneret,
2032 2904 2180 2980 nisi

637 3025 837 3089 esset
869 3019 1304 3094 necessaria
1334 3020 1426 3095 ad
1469 3028 1719 3095 actum
1764 3021 2174 3111 fruitionis,

640 3132 823 3230 quia
856 3146 1166 3234 propter
1200 3137 1342 3212 hoc
1383 3136 1660 3213 dicitur
1728 3137 1929 3237 quod
1986 3137 2179 3214 fides

638 3273 793 3323 non
861 3262 1116 3327 manet
1168 3253 1244 3326 in
1303 3254 1571 3353 patria,
1657 3279 1808 3331 non
1868 3266 2179 3354 propter

635 3365 1479 3466 incompossibilitatem
1546 3370 1714 3465 ejus
1785 3371 1878 3445 ad
1937 3371 2180 3446 visio-

636 3509 841 3579 nem,
888 3485 1070 3583 quia
1103 3509 1238 3582 per
1278 3487 1577 3559 nullum
1634 3495 1887 3561 actum
1922 3487 1998 3560 in
2034 3511 2178 3561 no-

635 3603 753 3677 his
803 3624 1216 3699 possumus
1267 3625 1757 3700 corrumpere
1829 3604 2175 3678 habitum

638 3720 1338 3815 supernaturalem,
1376 3719 1579 3793 unde
1648 3743 1789 3794 nec
1837 3720 2178 3795 charita-

634 3845 787 3910 tem
822 3835 1416 3932 corrumpimuS,
1450 3835 1597 3909 nisi
1638 3836 2122 3912 demeritorie
2151 3865 2170 3931 ;

635 3951 982 4027 sed-ideo
1016 3975 1168 4027 non
1234 3962 1491 4027 manet
1556 3951 1748 4028 fides
1787 3954 1863 4027 in
1899 3954 2170 4052 patria,

635 4070 818 4170 quia
849 4095 1002 4145 non
1049 4079 1164 4145 est
1216 4070 1652 4146 necessaria
1711 4071 1800 4145 ad
1836 4071 2173 4170 aliquem

632 4198 886 4265 actum
931 4189 1062 4287 qui
1105 4190 1202 4265 sit
1233 4189 1363 4263 ihi.
1422 4189 1640 4264 Unde
1674 4189 1735 4264 si
1769 4198 1968 4265 esset
2035 4191 2170 4280 ihi,

632 4308 911 4381 frustra
944 4314 1170 4400 esset,
1208 4305 1392 4404 quia
1440 4329 1590 4381 non
1642 4316 1899 4404 posset
1967 4307 2172 4382 exire

631 4423 709 4497 in
754 4434 1007 4499 actum
1068 4432 1382 4523 propter
1447 4424 2175 4521 incompossibilita-

631 4550 780 4615 tem
819 4564 994 4613 cum
1025 4539 1324 4614 visione
1358 4540 1588 4632 clara,
1653 4562 1828 4638 quae
1870 4564 2176 4638 semper

627 4654 731 4728 ibi
775 4664 916 4748 est,
959 4676 1135 4727 cum
1166 4676 1319 4749 qua
1358 4677 1508 4726 non
1538 4663 1685 4727 stat
1715 4664 1930 4728 actus
1962 4652 2169 4749 fidei,

628 4771 804 4845 licet
837 4770 1075 4868 possit
1141 4781 1340 4843 stare
1397 4770 1754 4863 habitus;
1793 4795 1945 4846 non
1989 4796 2173 4868 ergo

633 4897 889 4960 manet
927 4884 1145 4978 fides,
1183 4885 1366 4983 quia
1398 4886 1460 4959 si
1489 4898 1716 4980 esset,
1768 4889 2177 4962 essetotio-

623 5028 746 5091 sa;
792 5006 921 5078 sed
969 5005 1300 5078 charitas
1335 5014 1621 5092 manet3
1670 5028 1851 5098 ergo
1893 5016 2002 5079 est
2038 5030 2176 5081 ne-

622 5119 955 5194 cessaria
1038 5129 1349 5217 propter
1432 5128 1680 5192 actum
1793 5120 2173 5195 fruitionis

621 5237 896 5311 beatae.
973 5237 1049 5310 Si
1130 5236 1364 5330 igitur
1417 5234 1852 5310 necessaria
1912 5244 2025 5310 est
2091 5237 2165 5309 in

620 5355 817 5445 aliis,
883 5354 985 5426 ita
1044 5364 1116 5426 et
1174 5354 1250 5425 in
1339 5352 1596 5425 anima
1654 5352 1959 5442 Christi,
2047 5354 2168 5427 vel

621 5474 1017 5545 voluntate
1096 5471 1289 5566 ejus,
1362 5493 1536 5542 cum
1598 5468 1747 5542 sint
1821 5470 2165 5567 ejusdem

626 5587 910 5687 speciei
952 5611 1248 5661 omnes

2017 396 2259 465 LIBRI
2306 396 2425 463 111.

2389 566 2546 640 Nec
2582 567 2780 641 valet
2810 566 2871 640 si
2907 566 3203 640 dicatur
3242 567 3448 665 quod
3508 588 3662 639 non
3716 562 3843 636 in-

2290 681 2496 777 diget
2530 691 2837 779 propter
2880 683 3245 756 unionem
3307 684 3399 757 ad
3454 680 3836 772 Verbum,

2291 822 2466 896 qua}
2535 799 2795 873 omnia
2861 802 3191 897 supplet,
3240 800 3423 897 quia
3459 801 3619 873 haec
3656 797 3838 872 unio

2291 927 2404 991 est
2436 926 2616 990 natu
2633 940 2734 989 ra}
2768 918 3131 991 humanae
3190 917 3284 990 ad
3318 915 3833 1013 suppositum.

2291 1030 2790 1127 Suppositum
2854 1039 3107 1104 autem
3143 1030 3493 1102 divinum
3537 1053 3627 1104 ex
3697 1029 3841 1101 hoc

2290 1146 2491 1243 quod
2554 1145 2915 1219 terminat
2957 1146 3175 1219 istam
3224 1147 3620 1238 unionem,
3659 1145 3841 1218 nul-

2291 1267 2441 1338 lam
2466 1264 3009 1363 perfectionem
3058 1265 3483 1339 absolutam
3521 1264 3834 1362 ponitin

2289 1382 2551 1455 anima
2589 1380 2864 1455 Christi
2901 1408 2919 1473 ;
2956 1390 3028 1455 et
3061 1381 3232 1456 ideo
3279 1381 3839 1478 cujuscumque

2290 1498 2779 1598 perfectionis
2820 1508 2933 1573 est
2976 1500 3359 1598 receptiva
3412 1500 3840 1574 secundum

2292 1639 2400 1710 se,
2482 1615 2543 1690 si
2611 1640 2765 1689 non
2834 1624 3036 1690 esset
3087 1615 3341 1691 Verbo
3429 1615 3667 1701 unita,
3730 1616 3840 1691 sic

2292 1732 2633 1829 ejusdem
2669 1743 2783 1807 est
2824 1732 3234 1831 receptiva,
3284 1742 3364 1806 ut
3431 1743 3545 1807 est
3582 1732 3836 1807 Verbo

2290 1853 2538 1927 unita.

2390 1971 2502 2043 Ad
2544 1969 2875 2067 primum
2902 1979 3473 2065 argumentum,
3528 1991 3836 2065 respon·
3987 1987 4055 2048 4.

2292 2087 2434 2160 deo
2476 2087 2903 2160 secundum
2947 2086 3141 2159 duas
3207 2085 3419 2159 vias:
3470 2085 3728 2159 Primo
3770 2085 3831 2159 si
3864 2096 3944 2147 Ad
3979 2110 4096 2160 arg.
4133 2101 4181 2159 ¹.

2291 2205 2650 2278 voluntas
2704 2214 2817 2278 est
2851 2227 3038 2300 pure
3110 2203 3415 2300 passiva
3481 2212 3834 2301 respectu

2292 2317 2701 2402 fruitionis,
2748 2327 2932 2391 tunc
2981 2316 3150 2391 dico
3211 2319 3416 2414 quod
3460 2330 3609 2393 tam
3639 2319 3835 2394 visio

2292 2457 2522 2531 quam
2578 2434 2831 2508 fruitio
2891 2443 3006 2507 est
3063 2432 3503 2511 immediate
3555 2460 3598 2510 a
3673 2437 3835 2510 Deo

2291 2560 2594 2645 agente,
2635 2559 2715 2624 ut
2758 2573 2803 2624 a
2848 2572 3083 2624 causa
3136 2550 3658 2635 nobilissima:
3704 2551 3835 2626 sed

2291 2689 2443 2738 non
2508 2666 2860 2763 sequitur
2900 2665 3084 2762 quin
3159 2667 3492 2741 charitas
3550 2668 3647 2741 sit
3697 2691 3839 2742 ne-

2287 2785 2622 2859 cessaria
2655 2795 2966 2883 propter
3005 2783 3474 2878 fruitionem,
3520 2784 3702 2883 quia
3728 2784 3839 2858 si-

2289 2909 2418 2975 cut
2448 2923 2687 2997 agens
2722 2900 3068 2975 naturale
3115 2925 3267 2974 non
3311 2903 3556 2976 solum
3604 2901 3835 2975 indu-

2289 3016 2389 3091 cit
2430 3017 2747 3091 formam
2797 3015 3171 3110 ultimam,
3245 3019 3366 3091 vel
3427 3017 3835 3117 perfectio-

2289 3157 2492 3230 nem,
2529 3133 2659 3209 sed
2716 3143 2790 3208 et
2851 3133 3427 3233 dispositionem
3474 3159 3832 3211 necessa-
3861 3128 4191 3245 efflffiffge

2289 3252 2507 3346 riam,
2587 3253 2707 3327 vel
2775 3276 3193 3348 congruam
3292 3254 3386 3327 ad
3447 3255 3589 3328 hoc
3624 3282 3642 3348 ;
3728 3254 3833 3329 ita
3859 3257 4191 3372 fffiffiinvg

2286 3394 2526 3467 agens
2616 3373 3232 3468 supernaturale,
3353 3371 3829 3448 constituens
3904 3383 4152 3498 afflig?

2286 3487 2593 3562 beatum
2636 3487 2711 3560 in
2750 3511 2910 3561 esse
2961 3489 3293 3585 perfecto
3365 3487 3714 3564 beatifico
3756 3498 3831 3564 et
3949 3524 4099 3563 nem.

2287 3604 2883 3702 supernaturali,
2951 3627 3105 3678 non
3200 3605 3442 3678 solum
3537 3605 3833 3681 inducit

2286 3731 2538 3795 actum
2585 3718 3052 3813 beatificum,
3117 3720 3248 3816 qui
3284 3731 3398 3794 est
3447 3732 3664 3796 actus
3703 3746 3830 3797 se-

2284 3839 2610 3924 cunduS,
2693 3837 2824 3912 sed
2895 3837 3124 3911 etiam
3213 3836 3822 3934 dispositionem,

2284 3953 2356 4027 id
2420 3964 2558 4047 est,
2630 3952 3112 4046 charitatem,
3186 3975 3361 4050 quae
3430 3966 3545 4028 est
3611 3967 3827 4031 actus

2285 4070 2606 4167 primus,
2644 4092 2798 4167 quo
2833 4078 3058 4144 natus
3086 4078 3202 4144 est
3229 4068 3491 4168 perfici
3522 4071 3819 4161 heatuS,

2284 4209 2456 4261 cum
2502 4186 2599 4260 sit
2639 4185 2955 4260 omnino
2998 4185 3402 4284 perfectuS,
3446 4186 3643 4262 sicut
3686 4212 3829 4263 na-

2284 4314 2407 4379 tus
2449 4313 2562 4378 est
2621 4301 2913 4402 perlici.
2975 4302 3391 4377 Perfectior
3444 4304 3649 4379 enim
3712 4315 3830 4381 est

2286 4421 2581 4496 habens
2648 4431 3088 4519 utrumque,
3184 4443 3416 4519 quam
3498 4424 3825 4498 alterum

2286 4537 2564 4610 solum.
2821 4557 2825 4566 ’

2345 4653 2462 4727 ·Si
2505 4662 2760 4727 autem
2812 4653 3170 4727 voluntas
3246 4654 3499 4728 eliciat
3575 4666 3826 4731 actum

2288 4769 2694 4855 fruitioniS,
2754 4778 2938 4843 tunc
3006 4769 3342 4843 charitas
3395 4774 3832 4849 necessaria

2284 4896 2424 4978 est,
2474 4895 2553 4957 ut
2593 4884 2999 4959 informata
3069 4885 3235 4982 ipsa
3298 4888 3573 4962 melius
3625 4901 3823 4986 agat.

2286 5005 2374 5075 Et
2406 5026 2578 5075 cum
2615 5001 2919 5094 dicitur,
2944 4999 3253 5097 effectus
3276 5002 3822 5092 nobilissimas,

2283 5126 2418 5193 ctc.
2480 5143 2748 5193 verum
2783 5129 2896 5193 est
2937 5119 3028 5194 de
3062 5119 3328 5193 effectu
3367 5123 3828 5218 perfectissi-

2284 5261 2406 5309 mo
2437 5236 2912 5334 simpliciter,
2958 5237 3207 5333 qualis
3248 5247 3359 5311 est
3415 5262 3825 5336 supremus

2282 5355 2649 5449 AngelUS,
2686 5354 3000 5451 quinon
3050 5363 3293 5451 potest
3339 5379 3505 5428 esse
3565 5357 3709 5430 nisi
3781 5384 3826 5433 a
3913 5391 4119 5446 ptumo

3858 5460 4183 5508 nonestno-

2282 5471 2441 5545 Deo
2479 5500 2496 5564 3
2533 5472 2661 5545 sed
2702 5472 2954 5545 fruitio
2989 5497 3138 5545 non
3164 5482 3276 5547 est
3300 5473 3826 5550 nobilissimus
3855 5520 4165 5573 minima,

2282 5586 2622 5683 effect'uS,
2659 5589 2806 5662 nisi
2872 5590 3296 5664 secundum
3317 5590 3527 5687 qnid,
3565 5591 3636 5665 id
3682 5605 3820 5688 est,
3914 5585 4139 5698 ⁸⁶32}ss
