4295 6326
135 2602 186 2651 Ad
208 2605 284 2666 pri·

1377 433 1606 503 DIST.
1657 432 1811 503 XV.
1863 433 2283 514 QUAESTIO
2337 434 2568 509 UNIC.

3478 434 3561 502 63

1136 976 2285 1131 DISTINCTIO
2437 979 2774 1131 XV.

741 1635 1151 1717 QUAESTIO
1218 1637 1507 1705 UNICA.

356 1815 587 1879 Utrum
647 1817 985 1878 maneant
1043 1811 1382 1878 elementa
1432 1808 1505 1877 in
1583 1808 1802 1877 mimo
1850 1806 1890 1877 P

344 2002 528 2060 Aleos.
562 2018 606 2058 1.
641 2007 789 2074 part.
823 2007 1019 2074 quaesl.
1052 2002 1143 2059 80.
1172 2003 1399 2059 membr.
1446 2018 1489 2059 1.
1547 2010 1658 2059 art.
1710 2002 1764 2056 2.
1823 2005 1886 2063 υ,

408 2074 614 2128 Thom.
649 2090 689 2128 1.
719 2087 868 2142 pare.
902 2082 1099 2145 quaeze.
1128 2074 1219 2129 76.
1256 2073 1502 2129 Richard
1524 2120 1536 2131 .
1584 2073 1673 2128 hic
1701 2080 1811 2128 art.
1848 2089 1863 2127 ι

406 2155 595 2217 quaest.
631 2162 672 2200 1.
703 2150 767 2201 D.
820 2145 1140 2202 Bonsvent.
1185 2151 1297 2200 are.
1342 2162 1378 2200 ι.
1431 2149 1624 2216 quaest.
1674 2144 1726 2201 2.
1778 2144 1883 2200 Co·

407 2217 623 2273 nimbr.
653 2234 689 2275 ι.
711 2216 778 2273 de
803 2223 1053 2287 uenerat.
1075 2233 1195 2279 can.
1234 2218 1317 2273 10.
1351 2225 1537 2290 φακῆ.
1573 2217 1627 2271 3.
1647 2217 1697 2272 4.
1731 2216 1881 2273 Scot.

407 2291 461 2344 in
491 2287 672 2345 Oxou.
697 2295 892 2360 quaeu.
926 2291 1077 2345 unic.
1109 2295 1163 2345 et
1186 2288 1238 2344 3.
1272 2289 1491 2361 Physic.
1536 2292 1731 2360 quaest.
1757 2289 1810 2345 2.

430 2470 655 2545 Circa
794 2468 1363 2543 distinctionem
1505 2468 1876 2543 decimam

343 2586 685 2683 quintam
745 2584 1124 2684 quaeritur
1175 2585 1422 2684 primo
1495 2609 1511 2659 ε
1607 2585 1879 2660 Utrum

341 2709 786 2779 remaneant
817 2702 1192 2777 elementa
1237 2701 1656 2777 secundum
1704 2701 1882 2776 sub-

337 2823 698 2896 stantia-m
728 2819 767 2891 ⁴?
808 2820 1026 2908 Quod
1072 2843 1257 2895 non.
1303 2818 1624 2895 Genesis
1646 2820 1716 2892 2.
1755 2821 1883 2893 ha-

337 2939 551 3014 betur
600 2938 810 3038 quod
843 2938 1093 3037 pisces
1140 2946 1358 3013 erant
1395 2936 1746 3036 producti
1789 2960 1881 3012 ex

332 3081 522 3155 aqua
569 3087 591 3153 3
631 3058 868 3155 igitur
893 3081 1043 3131 non
1083 3057 1441 3131 manebat
1489 3056 1595 3130 ibi
1647 3078 1875 3153 aqua,

334 3186 708 3274 quantum
750 3175 844 3250 ad
872 3173 1407 3268 substantiam,
1444 3174 1625 3273 quia
1646 3198 1881 3272 qene-

332 3294 517 3368 ratc'o
591 3294 828 3367 unius
867 3298 981 3366 est
1035 3291 1426 3388 corruptio
1483 3288 1801 3366 alterius
1856 3319 1875 3385 3

329 3431 463 3485 nec
504 3419 627 3485 est
670 3409 914 3505 major
944 3409 1136 3483 ratio
1179 3430 1419 3506 quare
1482 3418 1882 3484 manerent

332 3528 474 3602 alia
499 3530 894 3604 elementa
937 3527 1243 3623 3igitur‚
1289 3534 1431 3600 etc.

425 3647 645 3730 Item,
703 3667 858 3742 qua
915 3644 1210 3721 ratione
1253 3668 1494 3719 unum
1536 3645 1882 3719 elemen-

332 3772 485 3836 tum
533 3771 912 3856 maneret,
957 3773 1030 3837 et
1069 3761 1307 3854 aliud,
1362 3770 1438 3835 et
1478 3770 1662 3836 tunc
1706 3786 1882 3836 cor-

331 3904 515 3978 pora
599 3880 858 3973 mixta,
927 3901 1103 3976 quae
1156 3887 1471 3953 manent
1541 3878 1620 3951 in
1671 3901 1874 3973 aere,

331 3998 582 4071 solum
621 3996 1106 4094 quiescerent
1153 3994 1605 4069 naturaliter
1643 4019 1882 4095 quan-

331 4123 487 4186 tum
553 4112 655 4186 ad
715 4136 958 4186 unum
1026 4113 1524 4206 elementum,
1587 4121 1661 4187 et
1716 4114 1881 4188 sola

332 4229 716 4303 elementa
796 4227 1174 4303 violenter
1247 4227 1736 4325 quiescerent
1800 4229 1878 4304 in

333 4344 823 4419 elementato.

423 4463 649 4556 Item,
693 4483 920 4535 omne
989 4460 1499 4559 compositum
1560 4483 1653 4536 ex
1691 4485 1880 4537 con-

330 4580 588 4654 trariis
641 4588 757 4653 est
820 4576 1314 4675 corruptibile
1381 4577 1796 4654 intrinsece
1854 4609 1873 4675 3

329 4698 458 4772 sed
492 4695 852 4796 quaedam
892 4695 1124 4770 mixta
1160 4718 1315 4769 non
1359 4705 1540 4770 sunt
1572 4720 1880 4796 corrup-

328 4816 572 4890 tibilia
605 4838 647 4888 a
677 4836 912 4889 causa
944 4812 1381 4898 intrinseca,
1418 4824 1498 4889 ut
1538 4823 1744 4913 patet
1784 4815 1875 4890 de

329 4955 550 5024 auro,
596 4930 779 5028 quia
811 4952 963 5003 non
1000 4928 1364 5023 nutritur,
1416 4954 1557 5006 nec
1592 4940 1876 5006 restau-

329 5058 591 5140 ratur3
662 5045 896 5142 igitur
972 5067 1126 5118 non
1182 5045 1630 5145 deperditur
1696 5071 1874 5146 pars

327 5163 524 5260 ejuS,
592 5185 767 5236 cum
830 5184 986 5234 non
1066 5171 1431 5260 appareat
1487 5163 1876 5242 sensibilis

328 5279 750 5379 deperditio
792 5300 929 5376 per
969 5300 1333 5375 magnum
1380 5288 1709 5379 tempus.

421 5395 908 5495 Oppositum,
943 5393 1189 5493 primo
1223 5395 1314 5471 de
1355 5397 1632 5472 Gener.
1690 5407 1868 5474 text.

328 5509 447 5583 90.
486 5510 775 5585 Miz-lio
805 5514 915 5583 esc
966 5506 1464 5586 miscibt'lium
1511 5511 1875 5589 alterato-

328 5649 502 5701 rum
528 5628 708 5702 unio
747 5654 764 5711 ;
802 5623 869 5700 si
903 5626 1418 5723 alteratorum,
1455 5629 1690 5729 igitur
1719 5656 1873 5707 non

2001 1421 2565 1511 corruptorum.
2661 1412 3048 1503 Similiter,
3164 1414 3346 1490 unio
3435 1427 3552 1492 est

2000 1528 2352 1624 entIum3
2426 1529 2662 1626 igitur
2717 1530 3096 1606 elementa
3153 1554 3306 1606 non
3366 1543 3547 1609 sunt

2000 1646 2207 1720 entia
2239 1645 2316 1719 in
2347 1645 2607 1721 mixto.

2098 1762 2317 1856 Item,
2388 1762 2716 1861 qualitas
2783 1765 3140 1841 elementi
3202 1789 3354 1841 non
3425 1778 3539 1843 est

2000 1877 2169 1952 sine
2209 1879 2616 1969 elementO,
2653 1887 2735 1954 ut
2766 1881 3060 1978 patet2.
3097 1880 3189 1956 de
3217 1882 3534 1957 Anima.

2001 1995 2175 2069 Non
2232 2005 2348 2070 est
2424 2007 2672 2071 tactus
2748 1996 2824 2070 in
2889 2021 3117 2096 aqua,
3166 1999 3314 2074 nisi
3343 2025 3544 2099 aqua

2004 2111 2455 2210 intercepta,
2526 2112 2710 2211 quia
2767 2123 3106 2191 extrema
3172 2127 3353 2192 sunt
3411 2120 3547 2192 hu-

1997 2238 2349 2305 mectata.
2397 2230 2644 2306 Etiam
2677 2255 2770 2307 ex
2822 2234 2966 2308 hoc
3025 2235 3276 2332 arguit
3336 2237 3546 2312 Aris-

1994 2348 2293 2441 toteleS,
2323 2348 2527 2446 quod
2561 2349 2665 2423 ibi
2697 2334 2813 2425 est
2834 2372 3035 2448 aqua
3064 2352 3487 2452 intercepta
3519 2382 3538 2448 3

1993 2465 2127 2540 sed
2169 2464 2246 2538 in
2306 2464 2541 2541 mixto
2603 2475 2719 2542 est
2775 2469 3118 2567 operatio
3167 2472 3544 2547 naturalis

1993 2584 2354 2660 elementi
2400 2612 2419 2678 3
2456 2584 2717 2681 igitur,
2753 2596 2898 2661 etc.

2099 2703 2321 2796 Item,
2352 2702 2599 2800 primo
2632 2703 2724 2780 de
2755 2704 2992 2798 Coelo,
3028 2714 3206 2780 text.
3245 2707 3313 2779 7.
3361 2715 3433 2782 et
3464 2708 3533 2781 8.
3598 2745 3855 2798 rou-unm.

1990 2818 2335 2894 Mioetum
2369 2826 2715 2895 movetur
2735 2820 2839 2895 ad
2863 2828 3151 2897 motum
3184 2821 3545 2900 elementi

1979 2935 2688 3034 praedominarzti3,·
2725 2937 2960 3034 igitur
3008 2938 3084 3013 in
3144 2939 3376 3014 mixto
3426 2950 3540 3017 est

1990 3058 2488 3131 elementum.

2088 3176 2307 3263 Item,
2371 3176 2795 3251 secundum
2853 3177 3338 3254 Aristotelem
3399 3179 3530 3255 lib.
3584 3202 3863 3263 Quartum.

1990 3293 2084 3368 de
2123 3294 2535 3393 juventute
2584 3300 2655 3369 et
2706 3300 3118 3390 senectute,
3163 3303 3237 3370 et
3287 3296 3539 3395 lonqi-

1990 3409 2256 3484 tudine
2329 3415 2403 3485 et
2476 3409 2849 3487 brevitate
2901 3412 3109 3506 vitae,
3175 3412 3538 3490 animalia

1991 3535 2598 3623 corrumpuntur
2628 3527 2724 3601 ab
2776 3527 3227 3622 intrinsecO,
3286 3537 3359 3603 et
3421 3529 3541 3603 di-

1990 3641 2190 3716 citur
2224 3643 2604 3736 marced0‚
2641 3653 2784 3719 etc.
2842 3643 3079 3741 igitur
3131 3643 3540 3722 intrinsece

1991 3760 2279 3834 habent
2321 3763 2707 3838 contraria
2735 3762 2809 3836 in
2854 3769 3056 3835 actu.

3627 1757 3829 1809 Secun-

3659 1822 3808 1876 dum.

2542 4005 2910 4064 SCHOLlUM
2954 4007 2998 4063 l.

2061 4159 2271 4231 Opinio
2300 4159 2611 4217 Avicennoe
2643 4176 2880 4218 manere
2909 4161 3197 4218 elementa
3245 4165 3305 4218 ln
3363 4162 3543 4221 mixto

1989 4251 2182 4324 quoad
2214 4249 2628 4319 substantiam,
2679 4250 2946 4308 remissis
2993 4267 3196 4308 eorum
3248 4251 3546 4326 qualitati-

1990 4341 2120 4399 bus.
2180 4342 2618 4398 Commentator-
2674 4342 2756 4398 aIt
2812 4357 3067 4410 manere,
3142 4342 3239 4398 sed
3298 4342 3546 4400 remissa

1989 4429 2457 4488 substantialiter
2485 4435 2542 4486 et
2571 4430 3025 4487 accidentaliter.
3080 4430 3289 4502 Rejicit
3333 4431 3543 4489 Doctor

1989 4519 2404 4593 responsiones
2428 4519 2576 4590 ejus.

2083 4695 2197 4770 Ad
2259 4693 2771 4793 quaestionem
2833 4695 3244 4794 respondet
3303 4697 3534 4771 Com-
3685 4714 3754 4783 3.

1991 4823 2371 4890 mentator
2409 4814 2480 4888 3.
2517 4814 2610 4889 de
2655 4813 2895 4908 Coelo,
2921 4820 3104 4890 text.
3160 4817 3277 4890 67.
3333 4820 3532 4896 reci-
3558 4829 3883 4894 OpinioAvi-

1993 4932 2223 5006 tando
2265 4930 2713 5030 opinionem
2796 4931 3243 5028 Avicennae,
3322 4939 3528 5034 quod
3609 4907 3814 4945 ⁰⁸⁰⁰&

1988 5053 2371 5128 elementa
2405 5059 2719 5126 manent
2748 5052 3176 5128 secundum
3211 5054 3529 5132 formam

1987 5169 2570 5245 substantialem
2641 5193 2793 5243 non
2873 5171 3303 5268 remissam,
3393 5178 3528 5252 sed

1988 5282 2485 5361 remittuntur
2515 5294 2889 5383 quantum
2930 5286 3024 5360 ad
3067 5289 3474 5385 qualitates
3508 5320 3527 5384 3

1989 5411 2063 5478 et
2088 5402 2344 5500 arguit
2381 5404 2952 5480 Commentator
2994 5416 3262 5482 contra
3322 5432 3530 5507 eum,

1990 5520 2174 5616 quia
2243 5519 2444 5595 idern
2509 5529 2622 5595 est
2664 5518 3044 5616 judicium
3103 5523 3195 5598 de
3273 5535 3427 5601 toto
3462 5539 3535 5604 et

1990 5646 2206 5739 parte
2244 5665 2263 5731 3
2303 5636 2537 5736 igitur
2568 5636 2631 5711 si
2662 5645 2912 5738 potest
2941 5661 3252 5717 manere
3294 5643 3537 5723 forma
