4295 6326
1894 305 2177 374 INDEX

1537 893 2076 971 DISTINCTIO
2126 896 2497 971 TERTIA.

1612 1159 1701 1223 De
1727 1173 2102 1226 sacramento
2147 1163 2454 1248 baptismi.

426 1560 781 1633 QUAEsTto
866 1562 915 1622 1.
941 1561 1111 1633 -Quae
1141 1562 1222 1623 sit
1261 1561 1542 1624 definitio
1573 1567 1635 1623 et
1655 1562 1923 1624 essentia
1951 1562 2256 1642 Baptismi
2268 1607 3347 1625 ...........

837 1661 923 1722 11.
969 1663 1195 1724 Utrum
1244 1662 1377 1723 haec
1429 1661 1508 1722 sit
1541 1663 1799 1741 praecise
1830 1663 2033 1725 forma
2065 1661 2257 1743 hujus
2285 1662 2664 1724 sacramenti
2698 1682 2711 1725 :
2751 1665 2881 1741 Ego
2913 1662 3167 1742 baptizo
3198 1668 3257 1724 te
3287 1664 3347 1723 in

1029 1761 1284 1822 nomine
1314 1760 1520 1822 Patris
1549 1766 1610 1822 et
1644 1761 1781 1822 Filii
1802 1768 1865 1823 et
1894 1761 2166 1841 Spiritus
2196 1763 2395 1824 sancti
2483 1805 3347 1823 .........

815 1860 933 1922 ΙΙΙ.-
970 1862 1192 1922 Utrum
1223 1859 1358 1920 sola
1388 1878 1555 1938 aqua
1587 1859 1985 1942 naturalisIet
2022 1879 2182 1940 pura
2213 1861 2292 1923 sit
2323 1862 2699 1923 conveniens
2732 1861 2995 1923 materia
3028 1860 3346 1940 baptismi.

808 1958 913 2021 IV.
960 1961 1184 2021 Utrum
1219 1959 1528 2020 institutio
1560 1957 1856 2038 baptismi
1906 1962 2309 2021 evacuaverit
2357 1959 2895 2022 circumcisionem
2907 2005 3345 2021 .....

1524 2485 2064 2560 DISTINCTIO
2120 2484 2534 2573 QUARTA.

1352 2728 1439 2790 De
1480 2728 1559 2816 iis
1578 2728 1790 2811 quibus
1816 2728 2089 2808 conferri
2111 2727 2315 2790 debeat
2345 2729 2708 2810 Baptismus·

437 3146 805 3222 QUAESTIO
888 3146 936 3208 l.
985 3147 1209 3210 Utrum
1250 3142 1501 3225 parvuli
1530 3142 1654 3206 sint
1694 3142 2057 3224 baptizandi
2068 3185 3362 3208 .............

846 3249 930 3310 ΙΙ.
978 3246 1199 3308 Utrum
1233 3243 1479 3326 parvuli
1511 3242 1812 3325 baptizati
1853 3242 2162 3324 recipiant
2182 3242 2473 3305 effectum
2506 3240 2803 3323 baptismi
2814 3285 3356 3304 ......

823 3347 930 3411 111.
979 3350 1201 3412 Utrum
1235 3346 1537 3428 parvulus
1567 3344 1630 3406 in
1663 3351 1842 3407 utero
1896 3345 2115 3408 matris
2146 3343 2344 3427 possit
2389 3343 2694 3426 baptizari
2703 3386 3355 3407 .......

828 3448 931 3511 IV.
967 3450 1189 3510 Utrum
1222 3446 1476 3509 adultus
1506 3464 1631 3509 non
1675 3444 2074 3509 consentiens
2124 3445 2322 3527 possit
2374 3445 2649 3526 recipere
2678 3450 3140 3507 sacramentum
3172 3442 3370 3525 bapti·

1044 3566 1160 3610 sun
1206 3587 3365 3611 .....................

845 3644 916 3710 V.
965 3650 1185 3712 Utrum
1221 3648 1475 3711 adultus
1506 3649 1690 3711 fictus
1737 3645 1998 3728 recipiat
2047 3646 2340 3710 effectum
2400 3647 2778 3708 sacramenti
2835 3643 3150 3725 baptismi.
3244 3689 3258 3704 .
3350 3688 3366 3703 .

828 3752 929 3812 vl.
976 3753 1200 3814 Utrum
1232 3748 1533 3829 baptizati
1563 3749 1886 3829 Baptismo
1923 3745 2194 3810 flaminis
2225 3753 2557 3810 teneantur
2587 3747 2666 3809 ad
2716 3745 3177 3826 susceptionem
3204 3745 3369 3823 Bap-

1046 3846 1215 3909 tismi
1224 3884 3372 3910 .....................

804 3946 933 4007 VII.
986 3947 1206 4006 Utrum
1238 3963 1457 4007 omnes
1489 3943 1791 4027 baptizati
1822 3945 2151 4025 aequaliter
2170 3944 2476 4025 recipiant
2505 3944 2794 4005 effectum
2826 3943 3155 4023 Baptismi.
3247 3985 3262 4001 .
3355 3986 3369 4001 .

1539 4476 2079 4551 DISTINCTIO
2136 4475 2538 4563 QUINTA.

1448 4760 1537 4819 De
1579 4756 1996 4840 impedimento
2036 4777 2112 4821 eae
2149 4767 2324 4838 parte
2360 4756 2647 4819 ministri.

433 5150 792 5223 QUAES'I’IO
876 5150 919 5211 1.
971 5151 1191 5213 Utrum
1256 5147 1497 5210 malitia
1552 5147 1817 5210 Ministri
1871 5147 2178 5229 impediat
2245 5146 2539 5208 effectum
2581 5145 2911 5227 Baptismi‚
2945 5151 3007 5207 et
3065 5164 3144 5208 an
3179 5147 3376 5227 possit

1040 5249 1320 5310 conferre
1377 5266 1596 5309 verum
1657 5247 2054 5327 Baptismum
2068 5291 3363 5308 .............

846 5347 918 5407 ΙΙ.
968 5347 1191 5408 Utrum
1226 5345 1537 5427 recipiens
1557 5346 1952 5425 Baptismum
1976 5364 2011 5407 a
2035 5345 2206 5407 malo
2230 5344 2507 5406 Ministro
2534 5349 2748 5424 peccet
2777 5343 3150 5406 mortaliter.
3244 5391 3256 5404 .
3352 5390 3366 5403 .

811 5446 915 5507 111.
965 5448 1188 5507 Utrum
1216 5452 1363 5508 tunc
1385 5444 1615 5524 aliquis
1638 5450 1786 5507 tunc
1819 5445 2044 5506 debeat
2076 5444 2431 5505 ministrare
2459 5444 2578 5504 hoc
2609 5449 3096 5522 sacramentum,
3124 5443 3378 5524 quando

1050 5546 1452 5627 praesumitur
1483 5559 1747 5621 vergere
1789 5543 1850 5604 in
1885 5544 2232 5625 periculum
2282 5541 2451 5603 itlius
2499 5542 2597 5603 cui
2632 5542 3047 5603 ministratur.
3142 5589 3157 5604 .
3250 5588 3264 5603 .
3357 5589 3371 5605 .

670 5681 805 5734 Tou.
851 5679 1049 5733 XXIII.
3297 5676 3364 5728 43

3508 309 3636 375 673

3513 1566 3634 1625 575

3513 1862 3633 1922 582

3515 1961 3634 2020 587

3530 3136 3647 3202 597

3484 3239 3637 3302 ibid.

3522 3342 3639 3404 598

3532 5245 3652 5306 615

3532 5345 3652 5403 616

3497 5541 3654 5603 ibid.
