4295 6326
1574 423 1800 492 DlST.
1855 423 1970 490 lv.
2025 422 2443 502 QUAESTlo
2492 423 2611 490 111.

468 626 616 676 non
702 599 994 694 indiget
1050 600 1474 698 BaptismO,
1540 621 1711 671 cuin
1786 605 2014 669 natus

469 718 718 793 fuerit.
1145 713 1149 718 ’

572 839 784 925 item,
832 837 920 910 ad
978 839 1195 909 Rom.
1247 835 1363 906 11.
1416 832 1512 906 Si
1578 831 1808 904 radia:
1844 855 2017 903 san-

473 961 617 1045 cta,
682 955 1010 1045 alrami,
1057 961 1130 1024 et
1170 952 1233 1026 si
1301 951 1529 1024 arbor
1587 955 1879 1039 sancta,
1943 955 2017 1020 et

474 1072 763 1144 fructus
794 1097 811 1161 3
849 1079 1126 1143 etcum
1162 1066 1367 1140 filius
1399 1065 1497 1139 sit
1529 1065 1821 1138 fructus
1864 1085 2018 1135 ma-

477 1188 633 1279 triS,
699 1210 881 1283 ergo
964 1194 1205 1259 mater
1270 1183 1331 1258 si
1412 1183 1507 1256 sit
1594 1189 1883 1268 sancta,
1944 1187 2017 1252 et

474 1305 707 1397 filius,
745 1314 817 1378 et
854 1327 986 1400 per
1027 1325 1514 1398 consequens
1581 1296 2018 1372 sanctifica-

474 1420 578 1493 tio
641 1419 905 1492 matris
967 1417 1250 1492 sufficit
1322 1416 1414 1490 ad
1487 1410 2020 1488 sanctificatio-

477 1561 653 1611 nem
687 1536 850 1611 filii.

577 1653 886 1743 Contra,
918 1651 1329 1748 Apostolus
1363 1648 1430 1719 1.
1477 1648 1646 1718 Cor.
1684 1645 1799 1717 15.
1833 1645 2016 1721 Non

465 1770 692 1866 prius
731 1767 938 1865 quod
960 1765 1393 1863 spirituale,
1441 1763 1579 1837 sed
1606 1761 1810 1860 quod
1845 1762 2020 1835 cmi-

476 1884 704 1978 male,
743 1884 1021 1958 deinde
1063 1882 1269 1980 quod
1318 1879 1723 1978 spirituale
1751 1907 1777 1962 ‚·
1834 1902 2017 1973 ergo

476 2002 692 2100 prius
791 2000 1132 2074 nascitur
1225 2001 1451 2071 homo
1522 1996 2019 2093 corporaliter

476 2141 704 2215 quam
746 2116 1275 2214 spiritualiter.

574 2235 788 2320 Item,
851 2232 1190 2306 Isidorus
1249 2230 1340 2303 de
1383 2252 1685 2302 summo
1753 2229 2009 2301 bono:

477 2348 631 2438 Qui
666 2355 892 2422 natus
944 2372 1096 2421 non
1132 2354 1264 2439 cst,
1328 2344 1631 2419 renasci
1673 2366 1823 2416 non
1867 2366 2017 2439 po·-

468 2471 630 2539 test.

148 872 401 922 Tertium.

153 1660 306 1710 Ratio
351 1659 417 1709 ad

168 1723 398 1786 opponit.

1024 2706 1387 2762 SCHOLIUM
1428 2706 1470 2760 Ι.

536 2857 815 2916 Parvulos
845 2872 975 2913 esse
1005 2855 1389 2928 baptizandos
1418 2859 1507 2909 est
1535 2854 1607 2908 de
1648 2853 1765 2908 fide
1812 2856 2013 2909 contra

466 2949 654 3020 Pelag.
686 2949 769 3003 ita
803 2952 1077 3003 Doctores
1110 2945 1265 3000 citati
1300 2961 1401 3015 pro
1450 2948 1650 3014 quaest.
1705 2959 1742 2997 ι.
1799 2945 1874 2996 Ad
1918 2958 2008 2997 se-

463 3041 715 3098 cundam
751 3037 1151 3109 quaestionem,
1184 3035 1253 3091 de
1285 3034 1397 3089 fide
1427 3039 1516 3088 est
1548 3031 1816 3104 parvulos
1864 3032 2008 3087 reci-

463 3145 597 3202 pere
650 3128 919 3184 effectum
971 3123 1279 3198 Baptismi‚
1336 3129 1391 3178 et
1438 3123 1706 3194 gratiam.
1760 3121 1845 3177 lta
1891 3120 2005 3177 DD.

462 3215 618 3270 citati
653 3219 708 3270 et
737 3211 1015 3269 Concilia.

237 3423 302 3489 4,
559 3396 671 3469 Ad
759 3395 1083 3493 primam
1191 3392 1728 3489 quaestionem,
1834 3391 2002 3462 dico

463 3515 664 3614 quod
701 3537 913 3587 error
947 3512 1238 3606 Pelagii
1274 3520 1458 3595 erat,
1485 3510 1689 3608 quod
1721 3510 1795 3581 in
1842 3533 2003 3605 par-

464 3634 661 3707 vulis
701 3656 854 3703 non
892 3640 1052 3704 erat
1121 3637 1513 3726 peccalum
1594 3627 1997 3721 originale,

460 3761 534 3827 et
591 3774 726 3848 per
797 3770 1283 3845 consequens
1341 3746 1545 3842 quod
1614 3769 1765 3819 non
1823 3753 2001 3817 sunt

458 3867 897 3942 necessario
968 3862 1432 3961 baptizandi,
1509 3861 1730 3957 cujus
1785 3885 1999 3934 erro-

458 4009 615 4058 rem
660 3982 1041 4080 improbat
1080 3978 1447 4074 Magister
1487 3977 1823 4051 distinct.
1873 3978 1989 4049 30.

456 4098 642 4174 libri
678 4098 747 4168 2.
796 4099 886 4168 Et
934 4095 1102 4168 ideo
1143 4094 1291 4167 hoc
1322 4093 1622 4188 lugiens
1656 4091 1823 4165 dico
1857 4116 1999 4189 op-

452 4214 816 4314 positum,
854 4211 1055 4310 quod
1093 4210 1275 4306 quia
1326 4210 1793 4282 contrahunt
1834 4231 1998 4305 pec-

451 4342 702 4409 catum
740 4328 1113 4424 originale
1152 4350 1195 4399 a
1228 4325 1675 4421 parentibus
1717 4348 1997 4398 secun-

451 4450 633 4522 dum
671 4444 1174 4542 Scripturam,
1203 4440 1397 4515 sicut
1440 4440 1512 4512 in
1563 4442 1725 4536 lege
1758 4441 1994 4514 veteri

452 4567 592 4640 fuit
657 4560 1154 4637 Circumcisio
1200 4542 1658 4632 'remedium
1730 4569 1992 4633 contra

452 4684 641 4758 illud
725 4689 1150 4779 peccatum,
1215 4677 1317 4751 ita
1395 4677 1620 4749 modo
1692 4677 1994 4774 Baptis-

456 4826 649 4876 muS.

96 4933 404 4996 Margum.
553 4917 665 4993 Ad
724 4913 1058 5012 primum
1127 4910 1203 4981 in
1276 4910 1740 5006 oppositum,
1823 4910 1991 4984 dico

112 5000 404 5108 1¹25,ssssssssss
459 5032 662 5132 quod
697 5036 1094 5128 peccatum
1149 5025 1520 5121 originale
1572 5034 1684 5098 est
1717 5027 1994 5098 volun-

93 5120 427 5233 ngiffliialss.
457 5150 762 5233 tarium,
815 5168 963 5217 non
1054 5141 1155 5214 in·
1197 5143 1694 5214 contrahente
1773 5142 1985 5229 illud,

92 5246 424 5372 ¹¹2¹1²²i²tfi¹ii¹iio
456 5272 588 5346 sed
658 5269 731 5340 in
768 5265 1013 5363 primo
1072 5272 1412 5359 Pffl'eme’
1486 5262 1613 5358 qui
1720 5286 1996 5359 Pecca-

93 5376 423 5484 eiii’ei‘c‘gffi‘
457 5388 914 5484 vit'peccato
956 5378 1263 5470 actuali,
1338 5377 1539 5475 quod
1593 5380 1810 5452 nobis
1878 5388 1992 5452 est

122 5496 389 5548 trahatur.
454 5500 828 5599 originale
888 5496 981 5568 ab
1024 5518 1113 5567 eo
1192 5502 1441 5566 ortum
1491 5521 1506 5584 3
1555 5493 1713 5590 ipse
1783 5494 1987 5567 enim

452 5624 528 5701 in
561 5613 935 5718 principio
972 5635 1120 5683 non
1158 5619 1450 5683 tantum
1498 5610 1788 5708 accepit
1828 5636 1991 5707 gra·

137 3539 389 3589 Parvulos

107 3615 228 3652 esee
256 3601 428 3666 bapti-

168 3665 386 3715 zandos.
438 3708 441 3711 .

3538 423 3667 492 599

2122 596 2299 668 tiam
2338 619 2474 693 pro
2508 621 2616 691 se,
2672 600 2799 676 sed
2857 601 3084 676 etiam
3137 625 3273 700 pro
3305 602 3666 677 omnibus

2123 712 2320 805 aliis,
2358 714 2490 810 qui
2526 716 2678 789 nati
2723 728 2981 792 essent
3017 743 3110 793 ex
3140 744 3229 794 eo
3260 744 3396 817 per
3437 728 3665 794 natu-

2127 830 2358 903 ralem
2398 836 3030 929 propagationem
3065 859 3157 910 ex
3224 837 3547 929 semine,
3594 845 3667 909 et

2124 946 2296 1020 ideo
2332 948 2496 1045 ipso
2531 964 2894 1048 peccante
2937 978 3206 1028 omnes
3268 955 3435 1029 lacti
3488 964 3667 1027 sunt

2123 1060 2260 1134 filii
2325 1064 2615 1157 mortis,
2725 1076 2799 1140 et
2880 1077 3437 1166 praeceptorum
3525 1067 3665 1141 Dei

2123 1186 2761 1275 transgressores,
2798 1193 2872 1257 et
2922 1184 3031 1258 sic
3079 1185 3151 1258 in
3200 1185 3363 1282 ipso
3397 1206 3668 1258 omnes

2124 1307 2666 1391 peccaverunt,
2704 1298 2900 1373 sicut
2931 1300 3209 1374 dicitur
3250 1301 3326 1373 in
3361 1301 3430 1371 2.
3471 1297 3663 1373 libro

2124 1409 2298 1483 dist.
2336 1410 2455 1483 30.

2222 1526 2553 1600 Adillud
2594 1529 2865 1603 Matth.
2903 1532 2972 1602 2.
3021 1533 3156 1629 qai
3210 1556 3363 1606 uon
3410 1532 3662 1605 credi-

2125 1638 2351 1732 derit,
2409 1650 2552 1714 etc.
2639 1643 3091 1740 intelligitur
3157 1647 3249 1720 de
3316 1645 3658 1731 adultis·;

2126 1765 2333 1852 patet
2371 1780 2508 1853 per
2566 1759 3040 1855 praecedenS,
3122 1784 3296 1834 cum
3357 1760 3660 1850 dicitur,

2125 1872 2262 1968 qui
2329 1895 2507 1945 vero
2573 1873 3010 1969 crediderit,
3093 1883 3164 1950 el
3238 1874 3668 1973 baptizalus

2121 1987 2389 2084 fecer-it,
2442 1989 2698 2063 salvus·
2757 1993 2925 2065 erit.
3026 1993 3403 2091 Baptizari
3499 2015 3669 2068 cre-

2125 2106 2375 2180 dendo
2413 2131 2562 2181 non
2599 2118 2714 2182 est
2745 2108 2888 2183 nisi
2939 2110 3204 2184 adulti.
3251 2109 3490 2185 Aliter
3530 2127 3669 2209 po-

2126 2229 2270 2296 test
2335 2222 2511 2309 dici,
2577 2224 2781 2320 quod
2816 2227 2947 2323 qui
3015 2250 3170 2300 non
3231 2227 3662 2321 crediderit,

2122 2361 2264 2412 nec
2294 2349 2496 2431 actu,
2555 2363 2695 2415 nec
2728 2342 3022 2434 habitu,
3061 2366 3201 2416 nec
3246 2343 3320 2416 in
3366 2366 3474 2436 se,
3527 2367 3665 2420 nec

2123 2455 2197 2526 in
2237 2455 2416 2548 alio,
2462 2457 3129 2552 condemnabitur,
3199 2470 3277 2532 ut
3339 2460 3471 2556 qui
3526 2483 3668 2535 nec

2122 2571 2686 2647 confessionem
2747 2573 2922 2649 fidei
2974 2599 3110 2673 per
3158 2587 3411 2650 actum
3468 2577 3669 2652 inte—

2121 2687 2432 2781 riorem,
2497 2713 2638 2763 nec
2694 2691 3176 2785 exteriorem,
3247 2716 3389 2767 nec
3461 2693 3669 2768 habi-

2119 2813 2281 2877 tum
2341 2805 2516 2880 fidei
2563 2806 2712 2901 sui,
2752 2810 2870 2881 vel
2914 2819 3321 2905 parentum
3369 2811 3667 2885 habue-

2122 2921 2246 3014 rit,
2308 2923 2489 3024 quz'a
2552 2924 2718 2996 alne
2783 2921 2967 3019 fide,
3038 2925 3147 2999 sic
3193 2928 3310 3000 vel
3356 2928 3491 3018 sic,
3530 2929 3664 3002 im·

2105 3039 2476 3136 possibile
2508 3048 2616 3114 est
2635 3041 2946 3138 placere
2985 3042 3181 3117 Deo,

2211 3155 2324 3230 Ad
2359 3157 2781 3232 secundam
2824 3158 3364 3256 quaestionem,
3409 3163 3660 3238 dicen-
3820 3196 3885 3263 5·

2115 3273 2298 3346 dum
2334 3274 2539 3369 quod
2602 3284 2893 3348 tantum
2945 3277 3318 3351 creditum
3375 3290 3514 3374 est,
3583 3293 3656 3357 et
3684 3309 3887 3360 solutio
3928 3313 3977 3361 2.

2114 3412 2265 3462 non
2303 3398 2553 3485 potest
2609 3391 2941 3464 naturali
2984 3393 3278 3468 ratione
3320 3399 3648 3493 ostendi,
3725 3374 3976 3437 q⁰ae⁸²i⁰'

3794 3450 3895 3486 ΠΙΒ.

2112 3507 2520 3600 parvulum
2569 3528 2707 3601 per
2772 3507 3247 3603 Baptismum
3313 3512 3650 3611 recipere
3683 3497 3798 3547 ‘⁸¹⁰⁰
3830 3503 4009 3561 potest

3707 1542 3785 1592 Ad
3807 1552 3992 1590 secun·

3786 1604 3934 1653 dum.

2111 3622 2463 3717 gratiam,
2538 3622 2736 3695 sicut
2796 3645 2935 3697 nec
3031 3624 3335 3721 probari
3406 3638 3653 3725 potest
3682 3561 4003 3737 ξέῗέῗὲνῑῖζ

2110 3738 2371 3834 aliqua
2412 3738 2706 3813 ratione
2748 3742 3079 3814 naturali
3112 3742 3443 3839 aliquem
3509 3702 4002 3823 h3.19mi'nssap.

2109 3853 2350 3926 bitum
2423 3857 3091 3953 supernaturalem
3153 3857 3407 3934 inesse
3478 3817 3834 3937 ani-‘¹332
3863 3826 4004 3939 222¹·-

2111 3997 2283 4066 mae,
2345 3998 2486 4049 nec
2545 3999 2679 4073 per
2763 3975 3117 4051 effectum
3177 3984 3645 4079 generalem,
3770 3943 3914 3988 ‘mm‘

2105 4113 2249 4164 nec
2283 4091 2721 4188 specialem,
2759 4113 2985 4187 quem
3031 4094 3205 4190 quis
3265 4100 3654 4195 experitur

2107 4212 2185 4283 in
2245 4232 2356 4300 se,
2389 4209 2507 4281 vel
2555 4206 2753 4281 alius
2786 4208 2862 4280 in
2899 4233 3016 4283 eo.
3102 4209 3319 4285 Unde
3352 4223 3649 4290 tanturn

2107 4327 2480 4402 creditum
2512 4336 2626 4400 est
2668 4350 2803 4422 per
2843 4327 3318 4424 Baptismum
3382 4357 3654 4429 pecca-

2108 4454 2265 4517 tum
2302 4442 2678 4537 originale
2721 4441 3021 4535 dimitti,
3060 4453 3133 4518 et
3173 4468 3308 4542 per
3351 4448 3654 4546 Baptis-

2106 4583 2315 4634 mum
2387 4558 2709 4654 gratiam
2770 4559 3125 4652 conlerri,
3195 4584 3335 4636 nec
3405 4574 3651 4661 potest

2107 4673 2440 4749 naturali
2474 4673 2769 4746 ratione
2803 4672 3202 4747 declarari.
3239 4677 3645 4754 Persuasio

2104 4804 2364 4867 tamen
2399 4791 2493 4864 ad
2528 4792 2671 4864 hoc
2704 4798 2818 4864 est
2862 4790 3035 4864 talis
3072 4815 3087 4866 :
3134 4793 3343 4868 Deus
3383 4798 3646 4874 statuit

2105 4910 2297 4985 nulli
2334 4907 2703 4982 offensam
2747 4908 3159 5002 remittere,
3206 4911 3351 4987 nisi
3417 4937 3644 5011 quem

2106 5033 2452 5123 acceptat
2478 5024 2570 5098 ad
2622 5024 2853 5096 vitam
2926 5032 3327 5122 aeternam,
3362 5041 3433 5105 et
3476 5032 3648 5108 ideo

2106 5145 2409 5217 nullum
2483 5140 2706 5213 modo
2794 5139 2939 5212 sibi
3010 5145 3478 5240 reconciliat,
3579 5152 3645 5224 ei

2106 5259 2558 5335 dimittendo
2647 5267 3075 5356 peccatum,
3139 5260 3285 5335 nisi
3356 5263 3647 5360 justifi-

2105 5378 2351 5453 cando
2385 5385 2458 5450 et
2509 5376 2972 5449 conferendo
3018 5377 3339 5471 gratiam
3379 5406 3394 5465 ;
3452 5386 3641 5459 nulli

2105 5507 2357 5571 autem
2405 5496 2695 5568 confert
2734 5494 3084 5590 gratiam,
3132 5496 3275 5571 nisi
3345 5500 3465 5573 cui
3522 5503 3645 5577 in-

2104 5612 2353 5686 fundit
2386 5610 2611 5683 liclem
2649 5620 2720 5684 et
2751 5611 3068 5706 gratiam
3118 5640 3136 5705 3
3173 5616 3431 5690 statuit
3500 5643 3643 5693 au-
3707 5612 3710 5615 ¹
