4295 6326
404 1358 601 1409 Secun-

433 1421 582 1472 dum.

385 3230 536 3283 Ratio
581 3229 645 3302 ad

419 3307 640 3356 opposi-

448 3362 581 3408 tum.

480 4676 545 4742 2.

345 4793 487 4855 Argu
498 4795 665 4841 ment.

405 4857 610 4917 negati-

427 4931 573 4966 vum.

381 4980 535 5029 Ratio
570 4979 636 5029 ad

403 5043 617 5106 opposi-

438 5112 570 5166 tum.

680 378 810 447 624

679 561 930 652 potest
988 551 1216 626 simul
1261 553 1522 649 plures
1555 550 1940 648 baptizare
1969 577 1987 642 3
2042 571 2227 644 ergo

682 668 1037 745 eumdem
1074 679 1395 767 possunt
1446 670 1708 766 plures
1768 666 1996 740 simul
2050 666 2232 762 bap-

687 787 938 861 tizare.
986 785 1464 860 Antecedens
1496 795 1725 883 patet,
1763 783 1961 857 sicut
1990 805 2235 857 sacer-

685 905 824 978 dos
866 912 1113 1003 potest
1153 903 1382 977 simul
1425 905 1687 1000 plures
1729 902 2016 975 hostias
2058 925 2235 975 con-

689 1044 1018 1112 secrare,
1082 1020 1185 1093 ita
1252 1021 1516 1117 plures
1581 1019 1937 1093 homines
2001 1018 2233 1091 simul

692 1138 1099 1236 baptizare.
1169 1137 1745 1235 Consequentia·
1838 1146 2040 1234 patet
2096 1160 2235 1235 por

694 1259 949 1332 locum
983 1280 1026 1330 a
1068 1256 1326 1330 simili.

792 1376 1010 1468 Item,
1057 1375 1365 1472 quando
1390 1375 1652 1471 aliqua
1671 1376 1892 1472 plura
1923 1396 2239 1447 concur-

694 1501 874 1568 runt
927 1492 1007 1564 in
1089 1491 1346 1588 aliquo
1421 1514 1575 1565 uno
1629 1489 1929 1583 effectu,
2011 1512 2233 1586 aeque

694 1616 942 1707 potest
996 1606 1161 1682 fieri
1229 1607 1324 1681 ab
1370 1632 1550 1695 un0‚
1625 1615 1698 1681 et
1774 1631 1816 1680 a
1886 1607 2237 1704 pluribus

692 1726 1127 1822 agentibuS,
1165 1733 1238 1798 et
1268 1747 1307 1798 e
1339 1747 1740 1816 conversO,
1792 1733 1870 1797 ut
1919 1723 2103 1820 quia
2158 1722 2234 1795 in

694 1843 921 1918 domo
978 1850 1447 1916 concurrunt
1495 1842 1740 1938 plura,
1808 1850 1886 1913 ut
1943 1839 2238 1937 lapides

696 1968 768 2033 et
801 1958 1034 2054 ligna,
1073 1980 1294 2053 teque
1352 1967 1600 2056 potest
1667 1957 1941 2030 domus
1987 1954 2151 2029 fieri
2195 1979 2238 2030 a

697 2075 1079 2173 pluribuS,
1135 2098 1463 2171 quorum
1526 2097 1731 2148 unus
1806 2073 2106 2148 ordinet
2145 2072 2237 2147 de

696 2191 955 2288 lignis,
1013 2191 1209 2264 alius
1288 2191 1379 2264 de
1435 2190 1845 2288 lapidibus,
1919 2189 2117 2264 sicut
2175 2189 2237 2262 si

697 2308 914 2383 fieret
954 2317 1248 2381 tantum
1293 2308 1387 2381 ab
1446 2332 1625 2380 uno.
1682 2307 2051 2381 Similiter
2100 2330 2240 2404 po-

696 2433 843 2499 test
876 2423 1093 2498 navis
1134 2423 1332 2497 trahi
1374 2447 1417 2498 a
1462 2423 1842 2520 pluribuS,
1906 2422 2104 2497 Sicut
2145 2422 2239 2495 ab

703 2566 881 2634 unc,
943 2541 1073 2639 qui
1136 2542 1361 2616 habet
1421 2541 1776 2616 virtutem
1837 2540 2235 2633 omnium3

697 2660 832 2735 sed
876 2660 950 2732 in
1004 2659 1396 2756 Baptismo
1450 2661 1671 2757 plura
1737 2667 2236 2751 concurrunt,

703 2786 782 2852 ut
810 2776 1047 2852 verba
1072 2786 1146 2850 et
1186 2799 1411 2873 aqua,
1450 2775 1523 2848 in
1561 2799 1715 2874 qua
1773 2775 1857 2849 fit
1900 2775 2237 2870 ablutio;

700 2918 883 2991 ergo
926 2901 1175 2992 potest
1204 2893 1531 2969 conferri
1569 2917 1722 2966 uno
1750 2895 2053 2968 lavante
2087 2918 2246 2967 cor-

702 3035 847 3108 pus
879 3033 1107 3108 aqua,
1155 3018 1228 3085 et
1260 3009 1409 3084 alio
1478 3010 1909 3107 proterente
1956 3010 2238 3105 verba3

703 3152 913 3226 ergo,
951 3136 1093 3204 etc.

803 3247 1110 3340 Contra,
1254 3245 1604 3319 minister
1749 3253 2249 3342 repraesentat

708 3363 1124 3457 Christum,
1205 3363 1339 3459 qui
1430 3371 1544 3436 est
1613 3385 1814 3436 unus
1876 3361 2248 3436 mediator

706 3478 875 3553 Dei.

1195 3789 1595 3869 QUAESTIO
1649 3792 1760 3857 111.

707 3965 949 4029 Utrum
979 3967 1289 4047 oporteat
1322 3959 1754 4045 baptizatum
1787 3976 1932 4024 esse
1962 3954 2251 4024 distinc-

1121 4080 1262 4133 tum
1294 4087 1336 4134 a
1381 4069 1779 4154 baptizante
1813 4063 1851 4130 ,9

701 4261 902 4317 Alcas,
949 4262 995 4317 4.
1024 4276 1076 4331 p.
1102 4277 1154 4332 q.
1192 4261 1276 4316 16.
1312 4276 1384 4315 m.
1417 4258 1470 4314 8.
1507 4259 1672 4314 Rich.
1707 4276 1762 4314 a.
1790 4259 1842 4315 4.
1874 4275 1926 4330 q.
1961 4259 2015 4313 3.
2051 4263 2113 4314 D.
2147 4259 2250 4315 Bo·

774 4349 901 4389 nav.
951 4333 1005 4387 d.
1054 4333 1108 4385 5.
1159 4337 1271 4387 art.
1328 4349 1365 4386 1.
1417 4348 1468 4401 q.
1510 4348 1547 4385 t.
1583 4331 1828 4386 Rubion.
1885 4331 1978 4386 laeic
2007 4346 2059 4401 q.
2092 4348 2136 4387 1.
2178 4331 2247 4389 D.

770 4404 978 4460 Thom.
1011 4405 1063 4460 3.
1093 4408 1239 4477 part.
1272 4420 1325 4474 q.
1373 4405 1462 4457 66.
1514 4408 1620 4458 art.
1676 4404 1731 4459 5.
1776 4404 1942 4474 Vasq.
1999 4403 2051 4459 3.
2098 4406 2246 4475 part.

770 4479 911 4548 disp.
946 4475 1069 4531 448.
1093 4492 1213 4548 cap.
1240 4476 1295 4531 7.

798 4653 1170 4750 Arguitur
1209 4653 1417 4750 quod
1451 4677 1635 4746 non,
1665 4651 1847 4750 quia
1888 4652 2249 4727 sacerdos

702 4770 848 4845 sibi
874 4771 1001 4844 dat
1042 4769 1668 4844 communionem
1705 4798 1726 4864 ;
1782 4793 1964 4867 ergo
1999 4779 2248 4869 potest

703 4888 1044 4985 seipsum
1079 4886 1489 4984 baptizare.

801 5006 1107 5096 Contra,
1157 5012 1367 5077 extra
1398 5002 1489 5076 de
1523 5004 1914 5101 Baptismo
1967 5011 2041 5077 ct
2079 5002 2247 5100 ejus

702 5121 1008 5225 ellectu,
1056 5143 1223 5216 cap.
1267 5119 1665 5196 Debitum.

2100 371 2341 441 LIBRI
2389 371 2510 440 IV.

2838 761 3238 839 QUAESTIO
3292 762 3406 828 IV.

2351 942 2595 1007 Utrum
2626 941 2939 1021 oporteat
2976 935 3196 1002 simul
3255 953 3400 1001 esse
3458 932 3892 1003 ablutionem

2595 1052 2661 1112 et
2695 1043 3160 1130 prolationem
3205 1044 3569 1111 verborum
3595 1041 3635 1109 P

2348 1245 2619 1301 Richard.
2654 1244 2751 1300 tib.
2787 1244 2839 1300 4.
2871 1244 2924 1300 d.
2957 1244 3011 1299 3.
3037 1261 3090 1300 a.
3126 1243 3174 1298 4.
3204 1260 3254 1315 q.
3287 1247 3340 1298 2.
3375 1243 3594 1299 Bassol.
3627 1261 3679 1316 q.
3713 1260 3750 1301 ι.
3783 1248 3900 1300 Ru-

2417 1318 2575 1373 bion.
2628 1316 2762 1372 ibid.
2814 1317 2986 1372 Gabr.
3038 1333 3088 1388 q.
3143 1332 3180 1372 1.
3231 1322 3336 1371 art.
3388 1317 3442 1371 2.
3470 1317 3648 1388 Cajct.
3681 1323 3816 1372 tom.
3851 1335 3892 1371 1.

2417 1405 2604 1460 opusc.
2637 1393 2799 1444 tract.
2827 1389 2917 1442 26.
2941 1389 3073 1443 Soto
3100 1388 3159 1442 in
3194 1388 3245 1442 4.
3272 1389 3323 1442 d.
3355 1389 3407 1442 3.
3441 1404 3492 1460 q.
3541 1405 3637 1443 un.
3691 1398 3799 1443 art.
3834 1391 3890 1442 8.

2417 1466 2584 1518 Suar.
2620 1470 2753 1516 tom.
2785 1461 2838 1515 3.
2866 1467 3015 1532 part.
3050 1460 3255 1533 disput.
3291 1463 3342 1513 3.
3377 1465 3506 1516 sect.
3537 1478 3573 1517 1.
3627 1460 3794 1532 Vasq.
3830 1463 3886 1516 3.

2415 1541 2558 1606 part.
2582 1532 2721 1606 disp.
2758 1533 2878 1587 148.
2910 1548 3029 1605 cap.
3054 1536 3108 1587 7.

2444 1720 2810 1817 Arguitur
2848 1720 3056 1817 quod
3100 1742 3283 1813 non,
3330 1719 3511 1817 quia
3577 1720 3653 1793 in
3726 1723 3884 1794 Eu-
4055 1713 4117 1779 3·

2347 1837 2709 1912 charistia
2741 1836 2827 1912 fit
2858 1861 3135 1934 magna
3185 1837 3662 1935 interpositio
3711 1864 3888 1915 ver·
3919 1833 4212 1956 ”ggii-³¹⁴
4253 1853 4254 1874 ³

2348 1957 2621 2031 horum
2691 1981 2843 2031 non
2919 1958 3617 2045 sacramentalium,
3687 1959 3886 2034 inter
4015 1971 4152 2006 ‘⁰¹¹¹-

2348 2073 3002 2149 consecrationem
3048 2074 3267 2172 panis
3299 2084 3373 2149 et
3423 2075 3611 2169 vini,
3656 2086 3735 2150 ut
3769 2086 3888 2150 to-

2353 2199 2509 2262 tum
2552 2189 2741 2262 illud
2822 2189 3070 2263 simili
3105 2189 3357 2283 moda,
3417 2200 3560 2265 etc.
3643 2215 3887 2289 usque

2350 2307 2482 2400 ibi,
2544 2306 2668 2381 hic
2736 2313 2870 2400 est,
2942 2318 3084 2382 etc.
3185 2332 3360 2407 quaa
3439 2318 3690 2383 tamen
3773 2320 3888 2384 est

2352 2447 2589 2497 unum
2657 2422 3235 2498 Sacramentum
3276 2451 3294 2516 3
3359 2447 3541 2521 ergo
3585 2448 3628 2498 a
3658 2425 3888 2498 simili

2351 2549 2465 2614 est
2496 2540 2572 2612 in
2608 2540 3023 2638 proposito.

2449 2658 2755 2752 Contra,
2792 2658 3272 2755 Augustinus
3312 2683 3546 2758 super
3590 2661 3890 2737 Joanne

2352 2775 2636 2850 Homil.
2706 2777 2775 2849 8.
2843 2777 3166 2852 Accedit
3220 2776 3532 2852 verbum
3591 2780 3694 2854 ad
3751 2780 3895 2854 ele-

2350 2901 2691 2970 mentum
2725 2901 2800 2972 ct
2823 2893 2915 2993 fit
2968 2895 3585 2971 Sacramentum.

3930 2636 4205 2686 Astii-mati-
4253 2631 4254 2696 ἶ

4011 2714 4156 2749 vum.

2902 3195 3262 3254 SCHOLIUM
3306 3198 3348 3253 1.

2424 3344 2625 3402 Plures
2659 3362 2829 3418 posse
2858 3348 3132 3403 eumdem
3162 3345 3355 3402 valide
3401 3348 3714 3420 baptizare,
3737 3354 3900 3406 utro·

2353 3453 2468 3508 que
2499 3444 2746 3508 ponente
2779 3436 3025 3493 sormam
3077 3441 3132 3492 et
3185 3438 3488 3494 materiam
3542 3456 3656 3495 non
3709 3438 3899 3496 aliter.

2352 3526 2628 3584 Doctores
2662 3543 2866 3582 omnes
2908 3526 3091 3584 citati.
3149 3527 3331 3583 Solvit
3391 3532 3506 3584 tres
3565 3530 3897 3585 instantias.

2355 3618 2440 3674 Ad
2473 3619 2713 3674 tet-tium
2775 3619 2941 3674 docet
2997 3624 3344 3687 monstrum,
3402 3620 3637 3691 quando
3668 3625 3905 3677 constat

2356 3709 2505 3765 duas
2536 3708 2748 3765 habere
2801 3708 3054 3779 animas,
3114 3710 3356 3769 seorsim
3413 3725 3537 3765 esse
3593 3710 3896 3783 baptizan-

2354 3800 2518 3869 dum,
2571 3800 2649 3855 ita
2706 3804 2771 3855 ut
2827 3800 3012 3870 primo
3065 3818 3200 3872 pars
3260 3805 3530 3873 spectans
3587 3802 3660 3860 ad
3719 3818 3895 3857 unam

2353 3891 2635 3957 animam,
2668 3894 2724 3945 ct
2754 3898 2973 3961 postea,
3009 3906 3141 3961 pars
3183 3894 3452 3963 spectans
3484 3893 3554 3947 ad
3588 3890 3784 3949 aliam.

2454 4068 2565 4143 Ad
2644 4068 3060 4142 secundam
3137 4069 3641 4166 qtloestionem
3723 4073 3892 4149 dico
4067 4071 4136 4135 4.

2355 4188 2560 4285 quod
2603 4187 2864 4284 plures
2892 4185 3274 4282 baptizare
3346 4212 3612 4277 unum,
3647 4199 3895 4287 potest
3928 4186 4235 4310 quffis'iissss

2355 4304 2680 4401 intelligi
2714 4303 3119 4401 dupliciter
3156 4329 3170 4376 :
3208 4304 3376 4379 Uno
3415 4307 3890 4405 mod0‚quod
3933 4315 4230 4441 Agufflssg‘

2355 4422 2675 4520 quilibet
2717 4420 2939 4496 saciat
2996 4430 3266 4514 totuin,
3313 4425 3514 4519 quod
3568 4426 3897 4521 pertinet
3993 4412 4228 4502 ros—<uui

2355 4540 2448 4614 ad
2491 4540 3072 4613 Sacramentum
3113 4566 3129 4631 ;
3177 4539 3327 4613 alio
3379 4542 3631 4631 mod0‚
3689 4545 3891 4639 quod
3932 4504 4228 4628 1‚¹.-'1¹1¹.¹1¹.'{¹2².{¹.

2360 4680 2561 4730 unus
2616 4654 2837 4730 saciat
2889 4678 3119 4728 unam
3177 4666 3500 4753 partem,
3564 4668 3638 4732 et
3698 4661 3897 4735 alius
3932 4635 3984 4681 οι
4024 4643 4250 4745 ‘'azimi'‘

2355 4774 2613 4867 aliam,
2662 4782 2744 4846 ut
2777 4772 2980 4869 quod
3019 4795 3220 4847 unus
3252 4774 3538 4867 abluat,
3578 4787 3651 4852 et
3699 4778 3899 4855 alius

2353 4891 2551 4967 dicat
2583 4892 2844 4967 verba.
2887 4891 2963 4964 Si
2999 4892 3340 4965 secundo
3378 4894 3601 4967 modo
3635 4898 3899 4993 plures

2353 5008 2827 5106 baptizarent
2863 5030 3130 5099 unum,
3188 5008 3380 5080 nihil
3423 5008 3663 5100 lieret,
3718 5016 3900 5110 quia

2353 5150 2444 5200 ex
2511 5123 2993 5210 institutione
3053 5122 3333 5197 Christi
3403 5136 3477 5199 et
3534 5128 3900 5205 Ecclesiae

2355 5242 2681 5316 habetur
2713 5241 2917 5338 quod
2977 5240 3071 5314 ab
3132 5241 3399 5315 eodem
3457 5243 3681 5319 dehet
3732 5247 3899 5323 fieri

2355 5369 2768 5457 utrumque
2856 5381 2992 5456 per
3066 5358 3377 5432 modum
3442 5375 3894 5440 consuetum

2353 5498 2506 5573 quo
2561 5475 3097 5573 exprimuntur
3161 5474 3400 5549 verba
3475 5477 3605 5553 illa
3654 5505 3900 5558 sacra-

2356 5594 2744 5686 mentalia,
2853 5590 3205 5685 dicendo,
3287 5615 3420 5690 eqo
3506 5601 3578 5669 te
3653 5596 3901 5697 bapti..
