4295 6326
1584 328 1809 397 DlST.
1863 328 1983 397 ΙΙΙ.
2037 326 2455 408 QUAESTIO
2503 326 2625 395 111.

582 511 801 602 Item,
839 530 1232 606 aqua,qua
1279 507 1567 580 utimur
1608 502 2031 577 communi-

484 636 626 720 ter,
664 650 816 698 non
854 635 968 699 est
1017 648 1238 722 pura,
1294 623 1477 721 quia
1525 621 1778 695 omnis
1828 643 2031 717 aqua

488 743 926 818 habetsuos
989 764 1344 839 vaporeS,
1383 751 1455 814 et
1516 748 1774 811 tamen
1828 759 2028 833 aqua

482 882 636 956 qua
678 859 992 953 utimur,
1027 867 1140 933 est
1196 855 1665 931 conveniens
1710 853 2029 927 materia

479 976 852 1076 Baptismi
881 1005 899 1071 ;
950 1000 1158 1073 erge.

143 563 423 623 Quintum.

156 1127 318 1177 Ratio
349 1127 416 1177 aa
577 1096 1060 1193 Oppositum,
1094 1094 1316 1168 Joan.
1358 1091 1636 1168 3.Ne·si
1676 1090 1845 1188 quis
1902 1111 2027 1162 re-

175 1192 396 1303 ⁰ffi⁶ss¹‘
480 1220 702 1288 natus
770 1213 1019 1311 fuerzt
1099 1236 1197 1286 ea:
1276 1235 1497 1310 aqua,
1573 1218 1715 1285 etc.
1801 1208 2017 1300 ltem,

474 1329 747 1406 Matth.
794 1329 864 1403 3.

1061 1569 1448 1627 SCHOLIUM.

546 1726 715 1781 Docet
765 1741 975 1797 aquam
1031 1739 1160 1780 esse
1220 1723 1524 1778 materiam
1583 1721 1868 1793 Baptismi
1928 1739 2021 1778 su·

470 1815 678 1871 mendo
734 1815 1038 1870 materiam
1099 1830 1202 1885 pro
1260 1819 1423 1886 parte
1484 1814 1679 1869 minus
1713 1812 2017 1885 principali

474 1904 837 1962 fundamenti
870 1905 1186 1970 relationis,
1218 1920 1336 1976 qua
1365 1902 1743 1959 constituitur
1784 1901 2017 1974 Baptis-

466 2017 621 2061 mus,
659 2005 719 2053 ut
752 1997 973 2052 dictum
1007 2000 1098 2051 est.
1130 1995 1200 2050 de
1262 1995 1445 2049 torma
1501 1996 1707 2064 quaest.
1770 1992 2015 2062 praeced.

467 2091 809 2163 Requiritur
837 2088 990 2159 quod
1026 2086 1094 2142 sit
1155 2103 1307 2157 aqua
1359 2082 1662 2150 naturalis,
1714 2083 1848 2154 quia
1896 2083 2019 2138 haec

466 2182 591 2237 sola
621 2184 709 2236 est
747 2177 1014 2235 absolute
1067 2177 1263 2248 aqua}
1283 2173 1549 2246 Explicat
1592 2174 1807 2246 optime
1866 2189 2019 2245 quae-

468 2288 600 2326 nam
642 2268 955 2341 impuritas
987 2267 1253 2339 impedit,
1285 2283 1356 2321 ne
1388 2267 1465 2322 sit
1505 2263 1762 2320 materie.
1820 2262 2016 2321 Proxi-

469 2377 564 2415 ma
595 2364 787 2414 autem
824 2357 1068 2413 materia
1097 2359 1185 2412 est
1216 2354 1442 2410 ablutio
1476 2370 1577 2426 per
1603 2369 1839 2425 aquam.
1871 2352 2017 2408 Vide

469 2449 725 2506 Florent.
762 2449 820 2503 iu
854 2449 1086 2504 decreto
1117 2446 1255 2516 Eug.
1287 2451 1345 2501 et.
1374 2444 1634 2501 Trident.
1672 2460 1749 2500 ss.
1781 2444 1837 2501 7.
1889 2459 2014 2514 cap.

464 2540 517 2592 2.
553 2545 653 2595 etc.
681 2538 938 2608 firmiter,
980 2536 1051 2592 de
1089 2551 1324 2591 summa
1355 2533 1657 2590 Trinitate.

243 2766 280 2810 9
566 2717 649 2789 ln
717 2716 860 2789 ista
927 2712 1355 2811 quaestione
1444 2710 1833 2808 distinguo
1922 2710 2015 2785 de

155 2808 380 2932 „225⁸
470 2831 815 2919 materia,
903 2830 1102 2905 sicut
1178 2827 1391 2926 prius
1487 2826 1797 2901 distinxi
1921 2827 2014 2902 de

119 2946 413 3066 “affigffiffi‘
470 2950 735 3022 torma.
773 2945 1096 3021 Materia
1141 2968 1293 3018 uno
1351 2943 1576 3048 modo
1642 2941 2016 3039 accipitur

159 3072 389 3186 Βὲἓξῶξῐ
465 3066 799 3165 proprie,
837 3071 1064 3161 prout
1103 3070 1215 3135 est
1256 3059 1653 3159 proprium
1695 3082 2015 3157 suscep-

354 3171 366 3185 ’
461 3182 704 3256 tivum
762 3181 1053 3271 formae,
1104 3187 1176 3251 et
1249 3177 1358 3249 sic
1417 3199 1620 3273 aqua
1674 3198 1826 3248 non
1899 3185 2013 3249 est

459 3298 764 3397 proprie
813 3295 1130 3370 materia
1162 3292 1563 3391 Baptismi,
1611 3292 1796 3389 quia
1855 3316 2007 3366 non

456 3415 728 3512 recipit
766 3414 842 3485 in
888 3435 968 3486 se
1030 3412 1351 3485 formam
1388 3409 1789 3506 Baptismi,
1827 3408 2012 3505 quia

453 3534 689 3609 verba
722 3556 874 3605 non
933 3540 1115 3604 sunt
1167 3529 1244 3602 in
1290 3551 1516 3626 aqua.
1560 3528 1727 3602 Alio
1785 3529 2006 3603 modo

454 3647 826 3744 accipitur
872 3642 1188 3719 materia
1232 3641 1751 3739 appropriate,
1810 3642 2009 3715 sicut

453 3766 697 3841 forma
737 3763 953 3862 prius
993 3761 1514 3859 accipiebatur
1550 3759 2008 3857 appropria-

454 3893 552 3977 te,
592 3880 1109 3979 comparando
1167 3900 1331 3953 eam
1397 3876 1487 3951 ad
1553 3878 1778 3951 aliam
1843 3901 2007 3976 par-

454 4009 607 4075 tem
651 3996 1080 4096 composi-ti,
1118 4004 1191 4070 et
1223 3995 1331 4069 sic
1382 3994 1620 4068 verba
1659 3993 1832 4088 ista,
1870 4019 2002 4092 eqo

452 4125 522 4192 te
563 4116 898 4213 baptizo,
936 4121 1261 4212 possunt
1287 4110 1433 4184 dici
1480 4111 1721 4186 forma
1748 4134 1999 4208 aquae,

454 4242 535 4308 ut
579 4232 944 4319 tnateriae,
994 4230 1176 4327 quia
1244 4228 1322 4302 in
1372 4228 1736 4302 omnibus
1815 4251 2004 4302 con-

453 4349 945 4424 currentibus
979 4346 1074 4421 ad
1106 4345 1415 4443 aliquod
1470 4345 1773 4419 tertium
1831 4369 2004 4419 con-

452 4466 1213 4557 stituendum,unum
1260 4461 1650 4536 concurrit
1688 4462 2003 4559 utprin-

451 4583 695 4681 cipa}e
783 4592 855 4657 et
943 4583 1209 4671 forma,
1300 4578 1509 4653 aliud
1594 4589 1675 4652 ut
1746 4579 2002 4654 minus

452 4699 875 4799 principale
954 4707 1029 4773 et
1123 4695 1464 4769 materia.
1551 4696 1739 4769 Cum
1817 4720 1998 4794 ergo

450 4839 653 4914 aqua
711 4825 785 4890 et
859 4814 1095 4887 verba
1174 4812 1281 4886 sic
1356 4824 1820 4886 concurrant
1903 4815 1997 4888 ad

450 4933 1074 5009 constitutionem
1109 4930 1509 5027 Baptismi,
1548 4940 1621 5005 et
1664 4931 1999 5006 ablutio-

452 5075 626 5125 nem
689 5047 1033 5146 corporis
1092 5046 1576 5141 exteriorem,
1632 5070 1806 5144 quae
1885 5058 2000 5122 est

3555 332 3684 400 58⁸

2138 510 2487 598 respectu
2545 501 2887 595 alterius,
2935 505 3116 601 quia
3173 504 3247 576 in
3321 505 3683 579 omnibus

2135 616 2579 713 compositis
2611 629 2684 691 et
2715 619 3151 693 constitutis
3192 644 3282 704 ex
3335 620 3680 719 partibus

2137 758 2377 807 unum
2434 734 2663 806 habet
2731 736 3102 809 rationem
3177 737 3538 825 materiae,
3609 747 3683 812 et

2134 850 2342 924 aliud
2433 850 2662 924 habet
2767 851 3139 926 rationem
3241 854 3531 946 fornice,
3606 864 3677 928 et

2134 966 2369 1040 verba
2450 991 2601 1041 non
2684 979 3007 1065 possunt
3101 993 3265 1044 esse
3359 969 3678 1044 materia

2132 1094 2482 1183 respectu
2548 1110 2771 1183 aquae
2824 1087 2898 1160 in
2954 1088 3344 1162 ablutione
3404 1089 3675 1163 Sacra-

2132 1201 2428 1295 menti3
2475 1202 2607 1276 sed
2686 1227 2885 1301 aqua
2963 1215 3075 1278 est
3136 1205 3457 1279 materia
3524 1223 4025 1280 res-Materiam-

3780 1288 3959 1350 ptismi

2127 1330 2353 1418 pectu
2415 1319 2852 1409 verborum,
2907 1331 2978 1397 et
3020 1323 3337 1398 materia
3383 1319 3672 1421 Baptis-
3733 1351 3991 1412 proxima,

2130 1435 2231 1508 mi
2267 1448 2584 1531 remota,
2631 1437 2812 1535 quia
2888 1464 3026 1537 per
3109 1440 3668 1539 appropriatio-

2129 1576 2306 1626 nem
2366 1562 2692 1648 tantum,
2738 1554 2871 1629 sed
2933 1556 3248 1630 materia
3296 1556 3666 1654 Baptismi

2126 1665 2564 1765 propinqua
2589 1677 2704 1741 est
2734 1668 3024 1742 ablutio
3086 1669 3164 1742 in
3225 1692 3426 1766 aqua
3474 1670 3668 1744 facta

2123 1806 2298 1856 cum
2343 1784 2625 1877 verbis,
2671 1795 2745 1859 et
2789 1786 3197 1884 applicatio
3253 1788 3662 1862 verborum

2124 1898 2217 1971 ad
2275 1900 2773 1993 elementum,
2848 1902 3053 1998 quod
3158 1903 3668 1977 essentialiter

2123 2025 2240 2087 est
2332 2015 2638 2112 signum
2749 2017 3159 2092 invisibilis
3243 2019 3509 2114 gratiae
3597 2029 3669 2094 et

2125 2129 2542 2206 ablutionis
2597 2133 2878 2208 animae
2938 2134 3352 2230 interioris,
3399 2146 3473 2211 et
3514 2161 3666 2211 non

2124 2273 2327 2348 aqua
2395 2260 2720 2344 tantum,
2758 2251 2955 2325 sicut
3003 2250 3190 2325 dixit
3230 2253 3671 2330 Bernartius

2122 2369 2543 2462 Glossator,
2607 2378 2919 2469 propter
3002 2372 3208 2467 quod
3279 2371 3673 2469 prohibuit

2124 2484 2344 2559 istam
2388 2507 2667 2581 aquam
2703 2485 3040 2583 permitti
3080 2485 3239 2560 bibi
3284 2487 3377 2561 ab
3422 2486 3668 2578 asine,

2124 2626 2218 2677 ne
2252 2600 2517 2676 asinus
2543 2601 2837 2678 biberet
2869 2603 3483 2679 Sacramentum.
3519 2605 3670 2680 Sed

2121 2719 2269 2790 hoc
2328 2717 2558 2791 nimis
2616 2727 2730 2792 est
2822 2719 3286 2794 Bernardice
3352 2719 3671 2814 dictum,

2121 2832 2304 2929 quia
2345 2832 2490 2906 ista
2530 2856 2731 2930 aqua
2782 2857 2937 2907 non
2999 2844 3112 2908 est
3173 2844 3464 2909 tantum
3538 2836 3677 2910 Sa-

2120 2956 2599 3022 cramentum
2670 2948 3072 3046 Baptismi,
3120 2973 3260 3024 nec
3349 2952 3674 3026 materia

2123 3062 2468 3159 proxima
2535 3070 2804 3160 gratiae
2872 3064 3284 3139 invisibilis
3326 3075 3399 3139 et
3463 3066 3678 3141 ablu·

2119 3179 2353 3254 tionis
2419 3180 2836 3273 interioris,
2904 3181 3086 3279 quia
3160 3190 3343 3256 tunc
3419 3184 3671 3258 omnis

2119 3320 2323 3394 aqua
2361 3308 2562 3373 esset
2630 3297 3244 3391 Sacramentum,
3292 3309 3365 3372 et
3429 3312 3674 3375 mate-

2118 3414 2231 3486 ria
2273 3414 2622 3510 proxima
2661 3414 3060 3511 Baptismi,
3094 3424 3166 3488 et
3199 3414 3406 3488 illius
3439 3415 3670 3491 effec-

2112 3540 2239 3604 tus
2281 3530 2721 3605 invisibilis.
2770 3531 2916 3606 Sed
2961 3531 3311 3629 proxima
3345 3534 3664 3609 materia

2116 3648 2549 3723 establutio
2618 3646 2947 3721 exterior
3015 3671 3186 3721 cum
3250 3648 3533 3743 verbis,
3582 3660 3663 3723 nt

2113 3762 2396 3837 dictum
2434 3771 2568 3837 est.

2209 3881 2355 3955 Sed
2393 3903 2629 3977 quare
2696 3880 2938 3975 magis
3006 3882 3293 3979 placuit
3360 3884 3661 3959 Christo

2113 3995 2512 4070 instituere
2593 3998 2736 4070 hoc
2814 3995 3397 4072 Sacramentum
3493 4000 3654 4075 fieri

2114 4113 2189 4187 in
2260 4137 2460 4211 aqua
2521 4135 2754 4209 quarn
2827 4113 2900 4185 in
2974 4113 3123 4186 alio
3205 4115 3527 4212 liquore,
3575 4130 3658 4192 ut

2112 4233 2186 4305 in
2259 4234 2427 4306 oleo
2522 4233 2642 4305 vel
2719 4231 2927 4305 vino.
2995 4232 3191 4307 Sunt
3255 4237 3516 4315 multae
3586 4248 3658 4313 et

2111 4358 2396 4445 apertae
2465 4348 3021 4443 congruentiae,
3068 4371 3268 4445 aqua
3332 4361 3445 4424 est
3523 4353 3657 4426 fri-

2109 4464 2315 4560 gida,
2366 4462 2629 4556 fluida,
2706 4463 2983 4556 lucida,
3057 4466 3518 4559 necessaria,
3585 4480 3657 4542 et

2109 4579 2542 4652 communis
2587 4607 2604 4671 3
2652 4580 2869 4652 ethae
2911 4602 3180 4653 omnes
3225 4583 3655 4679 proprieta-

2113 4703 2223 4768 tes
2256 4694 2732 4769 conveniunt
2789 4695 2896 4766 illi
2970 4696 3303 4785 humori,
3353 4698 3425 4770 in
3501 4724 3652 4797 quo

2108 4810 2331 4885 debet
2403 4809 2567 4883 fieri
2631 4810 3100 4906 Baptismus,
3165 4812 3294 4908 qui
3374 4825 3486 4886 est
3558 4816 3651 4888 ad

2109 4928 2680 5025 reprimendum
2743 4938 3013 5001 aestum
3092 4932 3653 5029 concupiscen-

2111 5044 2260 5138 tiae,
2300 5045 2390 5116 ad
2463 5042 2923 5118 flectendum
2989 5045 3316 5141 rigorem
3383 5048 3653 5124 inobe-

450 5168 1064 5257 Sacramentum,
1101 5162 1449 5259 sequitur
1490 5163 1689 5261 quod
1757 5189 1994 5238 unum
2104 5162 2440 5255 dientiae,
2487 5162 2578 5235 ad
2623 5161 3158 5237 illustrandum
3194 5188 3328 5261 per
3352 5168 3655 5243 clarita-

451 5284 768 5358 istorum
824 5289 939 5356 est
980 5279 1399 5378 principale
1449 5289 1795 5376 respectu
1846 5292 1997 5354 ter-
2105 5288 2251 5353 tem
2287 5278 2493 5371 fidei,
2527 5279 2620 5351 ad
2664 5279 3303 5354 introducendum
3342 5282 3416 5354 in
3450 5284 3652 5359 viam

450 5398 562 5492 tii,
608 5406 681 5471 et
704 5396 907 5470 aliud
945 5395 1199 5469 minus
1250 5394 1701 5492 principale,
1738 5405 1810 5470 et
1860 5420 1996 5493 per
2101 5397 2395 5470 salutis.
2440 5399 2524 5469 Et
2562 5398 2702 5469 hoc
2753 5406 2866 5469 est
2920 5421 3330 5471 commune
3400 5402 3652 5474 omni-
3764 5454 3773 5463 -

453 5536 939 5613 consequens
1020 5535 1258 5586 unum
1351 5534 1517 5587 esse
1600 5513 1993 5588 materiam
2062 5536 2067 5541 ·

2106 5514 2277 5610 buS,
2324 5515 2521 5589 sicut
2552 5515 2672 5591 lex
2711 5514 2882 5610 ista,
2929 5516 3148 5613 cujus
3183 5517 3326 5591 hoc
3390 5517 3652 5594 Sacra-

3702 1413 3923 1470 ablutio,
3948 1426 4022 1463 re-

3781 1481 3941 1533 mota,

3782 1553 3938 1603 aqua.
