4295 6326
1513 462 1737 531 Dlsr.
1789 463 1903 533 VI.
1946 463 2365 543 QUAESTIO
2413 467 2499 534 11.

451 645 682 719 habet
712 642 904 717 duas
936 640 1406 732 existentias,
1442 638 1677 735 igitur
1703 648 1811 713 est
1843 639 1993 713 duo

447 760 888 835 existentes.
981 758 1139 832 Nec
1207 758 1436 849 valet,
1528 756 1756 829 habet
1841 755 1992 829 duo

447 901 660 970 6336,
707 877 942 973 igitur
976 886 1089 951 est
1149 876 1301 948 (luo
1344 873 1575 948 entia.
1653 872 1870 948 Unde
1913 874 1993 946 li-

447 1004 566 1068 cet
606 1002 1001 1090 sequatur,
1060 990 1288 1065 habet
1345 1012 1530 1080 6336,
1590 986 1825 1084 igitur
1877 998 1995 1062 est

450 1134 615 1204 enS,
717 1134 871 1183 non
962 1119 1217 1182 tamen
1301 1106 1677 1203 sequitur,
1765 1105 1994 1180 habet

449 1227 657 1301 aliud
692 1250 877 1318 6336,
915 1225 1152 1322 igitur
1219 1233 1334 1298 est
1363 1222 1573 1297 aliud
1618 1245 1755 1297 ens
1791 1248 1810 1316 3
1856 1223 1988 1297 sed

449 1352 564 1417 est
656 1342 958 1416 fallacia
1033 1339 1596 1438 Consequentis
1680 1349 1992 1438 propter

450 1460 938 1558 negationem
1018 1460 1394 1533 inclusam
1474 1457 1550 1530 in
1642 1459 1813 1549 hoc,
1882 1480 1993 1531 ar-

446 1576 754 1673 guendo
809 1576 904 1649 ab
956 1574 1259 1648 alietate
1320 1573 1840 1647 antecedentis
1893 1573 1987 1646 ad

447 1694 830 1767 alietatem
859 1690 1431 1788 consequentis.
1471 1688 1838 1763 Similiter
1877 1712 1990 1763 ar-

444 1810 753 1908 guendo
785 1833 957 1884 curn
1004 1809 1334 1883 dictione
1377 1808 1785 1900 numerali,
1832 1808 1984 1882 duo

443 1950 628 2021 6336,
700 1927 934 2024 igitur
966 1925 1117 2000 duo
1159 1925 1389 2017 entia,
1423 1933 1496 1997 et
1526 1924 1590 1996 si
1620 1933 1801 1997 sunt
1831 1925 1983 1997 duo

444 2045 826 2137 hominos.
963 2042 1196 2139 igitur
1311 2042 1463 2114 duo
1590 2041 1980 2130 animalia,

440 2161 685 2258 gratia
725 2158 1062 2234 materiae
1104 2156 1480 2255 sequitur,
1553 2179 1706 2231 non
1739 2156 1984 2252 gratia

440 2280 732 2353 formae.

536 2396 645 2469 Ad
695 2393 903 2469 aliud
938 2416 1112 2466 cum
1167 2391 1470 2485 dicitur,
1516 2400 1630 2465 est
1696 2414 1832 2489 per
1898 2415 1977 2467 se

439 2538 710 2607 unum,
746 2513 916 2587 dico
940 2511 1143 2609 quod
1175 2511 1414 2607 major
1449 2510 1700 2584 unitas
1731 2520 1979 2607 potest

437 2655 632 2724 esse,
711 2632 828 2705 vel
899 2628 1082 2725 quia
1139 2627 1470 2702 nobilior
1545 2627 1618 2699 in
1686 2629 1976 2703 ratione

436 2771 604 2841 sua,
678 2748 794 2821 vel
865 2744 1047 2842 quia
1122 2743 1539 2818 excludens
1606 2744 1973 2839 majorem

77 2856 373 2983 pfigfftQ]
435 2862 1004 2937 distinctionem
1144 2859 1561 2934 unitorum.
1715 2859 1974 2935 Primo

98 2984 372 3095 Jgffiffffi
441 2980 661 3054 modo
694 2988 806 3053 est
839 2978 982 3052 ista
1025 2977 1355 3050 maxima
1398 2977 1648 3051 unitas
1677 2986 1973 3053 natura}

202 3122 309 3158 mu·
436 3096 528 3170 ad
582 3095 917 3170 Verbum
962 3093 1161 3167 inter
1226 3092 1489 3166 omnia
1550 3092 1730 3187 due,
1795 3116 1971 3191 quae

434 3211 796 3287 differunt
837 3211 1164 3303 realiter,
1207 3217 1363 3284 turn
1408 3218 1716 3307 propter
1750 3212 1972 3285 nobi-

435 3329 721 3402 litatem
806 3337 1351 3419 extremorum,
1420 3335 1573 3398 tum
1661 3338 1972 3426 propter

434 3446 906 3520 nobilitatem
981 3444 1185 3517 modi
1260 3443 1591 3516 unionis.
1649 3444 1970 3541 Propter

432 3561 905 3635 nobilitatem
942 3568 1480 3643 extremorum,
1511 3560 1691 3656 quia
1728 3562 1964 3634 un'um

432 3686 856 3752 extremum
898 3677 1131 3774 hujus
1173 3673 1483 3747 unionis
1516 3682 1630 3747 est
1668 3674 1970 3749 increa-

432 3804 588 3867 tum
640 3851 656 3881 ‚
772 3791 982 3866 aliud
1087 3790 1652 3864 nobilissimum
1771 3791 1968 3866 inter

427 3917 844 4000 creaturas,
904 3916 1275 4004 quantum
1347 3905 1438 3978 ad
1508 3905 1826 4001 gratiam
1894 3916 1965 3980 et

425 4024 778 4121 gloriam.
830 4025 936 4096 Ex
1000 4030 1212 4119 parte
1256 4021 1594 4114 unioniS,
1659 4031 1967 4119 propter

424 4140 1058 4238 assumptionem,
1119 4138 1503 4235 loquendo
1568 4149 1816 4213 tamen
1869 4139 1961 4214 de

428 4257 691 4354 maj0ri
808 4255 1093 4329 unitate
1225 4254 1567 4329 secundo
1705 4255 1958 4350 modo,

425 4395 601 4468 quae
679 4371 1015 4445 excludit
1090 4370 1455 4467 majorem
1533 4369 1964 4445 distinctio-

421 4512 623 4574 nem,
677 4512 831 4561 non
902 4497 1015 4562 est
1067 4487 1211 4560 ista
1291 4485 1542 4559 unitas
1603 4487 1957 4576 maxima,

422 4606 607 4702 quia
676 4605 890 4678 unita
948 4613 1128 4677 sunt
1195 4603 1548 4677 absoluta
1607 4604 1962 4679 distincta

258 4804 264 4810 ,
421 4722 754 4796 realiter.

130 4823 343 4936 ἡῗαξῖ·
517 4838 625 4912 Ad
671 4837 907 4929 aliud,
946 4835 1114 4909 dico
1175 4837 1376 4932 quod
1430 4847 1645 4910 actus
1712 4848 1959 4935 potest

72 4945 388 5062 {gssuffufff
419 4954 658 5052 accipi
705 4952 1139 5050 dupliciter,
1177 4953 1295 5025 vel
1341 4977 1475 5048 pro
1518 4963 1690 5027 actu
1734 4954 1951 5028 insor-

74 5085 383 5188 {200‘225222-
419 5082 704 5164 mante,
744 5071 860 5145 vel
893 5093 1029 5166 pro
1083 5076 1252 5142 actu
1296 5068 1709 5144 eminente.
1792 5071 1960 5144 Pri-

418 5213 540 5262 mo
578 5190 827 5280 modo,
875 5185 1212 5260 Verbum
1258 5209 1409 5259 non
1455 5188 1682 5261 habet
1724 5189 1959 5262 ratio-

411 5327 588 5378 nem
614 5314 828 5378 actus
854 5309 1200 5399 respectu
1231 5311 1526 5377 naturae
1562 5306 1951 5399 humanae,

410 5444 553 5494 nec
630 5445 669 5494 e
739 5429 1026 5494 contra.
1112 5418 1469 5492 Secundo
1547 5421 1773 5495 modo
1843 5424 1955 5496 lo-

413 5536 718 5632 quendo
750 5536 842 5610 de
897 5543 1064 5609 actu
1122 5534 1506 5609 eminente
1542 5535 1948 5631 efficiente,

412 5652 747 5728 Verbum
796 5653 1016 5726 habet
1080 5652 1453 5726 rationem
1496 5663 1712 5729 actus
1791 5680 1954 5730 res-

3523 469 3650 541 287

2107 652 2329 736 pectu
2368 652 2717 733 naturae3
2766 646 2897 721 sed
2931 670 3024 721 ex
3094 650 3237 721 hoc
3316 670 3469 721 non
3539 670 3648 723 se-

2106 761 2371 857 quitur
2402 764 2605 860 quod
2648 766 2775 840 dat
2807 790 2963 841 6336
3024 778 3321 842 naturae
3364 768 3648 842 forma-

2107 876 2303 971 liter,
2383 879 2564 975 quia
2647 904 2736 956 ex
2814 884 2958 956 hoc
3015 884 3218 980 quod
3304 881 3646 959 efficiens

2106 996 2334 1069 habet
2390 995 2739 1072 effectum
2812 1000 3266 1096 eminenter,
3343 1025 3497 1077 non
3556 1026 3647 1077 ex

2106 1113 2250 1187 hoc
2286 1123 2399 1188 est
2439 1124 2653 1189 actus
2707 1116 2875 1213 ejus
2909 1117 3357 1193 informans,

2602 1456 3011 1532 QUAESTIO
3065 1460 3147 1525 11.

2236 1620 2483 1687 Utrum
2534 1622 2851 1689 Christus
2888 1622 2978 1691 sil
3025 1624 3267 1711 aliqua
3299 1628 3436 1693 duo
3476 1627 3505 1691 ἲ

2093 1808 2290 1865 Alens.
2322 1812 2376 1865 2.
2409 1828 2463 1882 p.
2499 1828 2551 1882 q.
2582 1813 2636 1866 6.
2671 1829 2745 1866 m.
2778 1813 2832 1868 2.
2865 1822 2973 1869 art.
3009 1832 3048 1870 1.
3089 1819 3151 1870 D.
3182 1817 3380 1871 Thom.
3413 1818 3467 1871 3.
3495 1835 3550 1888 p.
3583 1838 3634 1891 q.

2169 1882 2252 1935 17.
2281 1888 2387 1938 art.
2423 1899 2463 1937 1.
2495 1888 2548 1937 et
2576 1883 2660 1939 hic
2679 1901 2730 1954 q.
2759 1885 2811 1940 3.
2846 1889 2957 1939 art.
2994 1903 3033 1941 1.
3066 1887 3133 1944 D.
3174 1892 3384 1944 Bonav.
3436 1896 3544 1945 art.
3596 1908 3633 1946 1.

2164 1971 2193 2022 q
2264 1970 2301 2007 ι.
2356 1954 2613 2009 Durand.
2665 1972 2714 2026 q.
2769 1958 2802 2011 3
2874 1957 3044 2013 Gabr.
3097 1975 3151 2029 q.
3186 1962 3237 2013 2.
3291 1961 3456 2015 Suar.
3490 1963 3546 2017 3.
3578 1979 3633 2032 p.

2165 2027 2502 2152 gabaad..
2556 2028 2640 2084 17.
2687 2034 2818 2083 sect.
2862 2029 2916 2084 2.
2966 2028 3129 2101 Vasq.
3161 2029 3215 2085 d.
3257 2031 3344 2085 70.
3389 2032 3540 2088 Scot.
3576 2036 3632 2089 in

2191 2271 2408 2358 Quod
2441 2272 2577 2367 sic,
2614 2274 2683 2345 3.
2721 2274 3235 2376 Metaplzysz'c.
3284 2285 3466 2353 text.
3508 2280 3621 2353 12.
3791 2298 3851 2365 1,

2087 2388 2196 2460 Ad
2271 2387 2837 2463 distinctionem
2924 2393 3207 2489 specie,
3280 2396 3629 2491 sequitur
3659 2412 3974 2487 Aci-argum.

2088 2503 2473 2578 distinctio
2508 2529 2829 2581 numero
2861 2518 3202 2601 3naturae
3227 2510 3298 2583 in
3327 2512 3626 2587 Christo
3689 2489 3941 2539 prunum.

2087 2619 2447 2697 differunt
2479 2624 2777 2721 specie3
2838 2624 3070 2721 igitur
3113 2651 3464 2704 numero.

2185 2739 2399 2834 Item,
2470 2742 3024 2836 Damascenus,
3095 2769 3261 2842 cap.
3351 2746 3468 2819 83.
3528 2757 3628 2821 to·
3719 2736 3913 2853 ἓξὲξ·

2088 2866 2247 2930 tum
2288 2855 2805 2955 siym'ficatum
2859 2866 2970 2933 est
3018 2866 3349 2949 naturae,
3421 2872 3625 2939 totus

2085 2982 2196 3049 est
2234 2976 2539 3073 sz'qmcm
2586 2999 2945 3073 personae
2990 3005 3008 3069 3
3060 2978 3295 3075 igitur
3356 2980 3623 3056 saltem

2083 3114 2257 3166 cum
2320 3091 2494 3167 duae
2563 3101 2860 3167 naturae
2920 3094 3074 3168 sint
3141 3095 3217 3168 in
3288 3095 3617 3193 ChristO,

2081 3207 2430 3282 Christus
2470 3208 2612 3282 erit
2641 3209 2793 3283 duo
2846 3211 3316 3286 neutraliter.

2177 3323 2718 3419 Confirmatur,
2839 3336 3149 3425 propter
3248 3330 3618 3405 unitatem
3649 3317 3944 3433 Qnfflfw

2080 3449 2378 3517 naturae
2400 3451 2548 3515 tres
2573 3464 2924 3539 personae
2955 3444 3317 3519 dicuntur
3346 3472 3614 3544 unum,

2077 3558 2219 3632 etsi
2254 3582 2405 3632 non
2439 3582 2637 3633 unus
2695 3586 2713 3652 ;
2771 3558 3004 3654 igitur
3053 3562 3318 3637 saltem
3372 3575 3619 3663 potest

2075 3674 2337 3773 aliquo
2374 3674 2597 3749 modo
2623 3674 2770 3748 dici
2801 3677 2978 3750 du0.

2174 3791 2665 3889 Oppositum,
2701 3793 3049 3868 Christus
3092 3819 3241 3870 non
3308 3807 3422 3872 est
3465 3797 3610 3871 nisi
3643 3777 3938 3905 nugax-p-

2073 3906 2309 3999 Deus,
2348 3915 2420 3979 et
2453 3908 2683 3980 homo
2716 3934 2733 4000 3
2772 3909 2904 3982 sed
2936 3908 3146 3984 Deus
3197 3922 3310 3986 cst
3348 3914 3605 4006 homO,

2074 4032 2147 4097 et
2182 4025 2409 4097 homo
2452 4035 2567 4098 est
2609 4025 2856 4119 Deus;
2917 4026 3152 4122 igitur
3184 4053 3335 4104 non
3386 4031 3613 4128 poni-

2077 4138 2312 4211 turin
2345 4162 2785 4214 numerum.

2653 4405 3033 4464 scflOmUM.

2142 4555 2376 4612 Resutat
2406 4558 2473 4613 D.
2507 4557 2814 4626 Thomam‚
2850 4565 3156 4631 negantem
3193 4578 3364 4632 posse
3408 4563 3616 4621 debere

2070 4647 2307 4701 concedi
2341 4645 2641 4702 Christum
2685 4648 2950 4704 absolute
2982 4666 3110 4704 esse
3140 4668 3313 4706 unum
3358 4653 3441 4708 vel
3474 4653 3612 4722 du0,

2069 4735 2339 4790 refellens
2371 4742 2425 4789 et
2456 4737 2751 4807 explicans
2779 4740 2928 4809 quod
2958 4738 3032 4792 sit
3060 4739 3323 4797 absolute
3357 4759 3530 4811 unus,
3556 4748 3614 4799 et

2068 4827 2346 4892 nondun,
2380 4842 2569 4896 neque
2622 4827 2960 4895 masculine,
3014 4845 3200 4900 neque
3252 4832 3613 4890 neutraliter.

2069 4916 2328 4971 nabetur
2359 4930 2427 4969 ex
2453 4914 2717 4987 Symbolo
2750 4916 3029 4973 Athamas.
3062 4920 3147 4972 11.
3181 4926 3234 4973 et
3276 4936 3344 4975 ex
3391 4921 3610 4978 Concil.

2067 5002 2335 5060 Chalced.
2370 5010 2482 5060 act.
2514 5007 2568 5060 5.
2614 5006 2821 5077 quinta
2870 5008 3082 5078 synod.
3125 5011 3237 5062 acl..
3282 5008 3336 5062 8.
3371 5017 3424 5065 et
3456 5022 3617 5066 sexta

2065 5092 2282 5162 Synod.
2315 5099 2427 5149 act.
2467 5095 2546 5149 11.
2586 5095 2670 5151 18.
2715 5095 2795 5149 Ad
2855 5095 3109 5166 primum
3165 5113 3269 5166 pro
3318 5098 3612 5170 opinione,

2065 5181 2239 5236 habet
2263 5183 2539 5254 optimum
2572 5184 2891 5240 doctrinam
2928 5201 3031 5256 pro
3066 5185 3520 5257 reduplicativis,
3554 5194 3611 5245 et

2062 5271 2131 5325 ad
2165 5274 2484 5327 secundum
2540 5291 2643 5343 pro
2693 5274 3044 5330 conclusivis
3089 5296 3104 5341 ς
3151 5274 3276 5331 vide
3325 5277 3517 5348 ipsum
3552 5279 3608 5334 in

2063 5362 2245 5417 Prior.
2278 5367 2486 5433 quaest.
2516 5365 2606 5419 55.

2158 5541 2456 5614 Dicitur
2550 5543 2640 5616 ad
2749 5544 3285 5640 quaestionem,
3396 5550 3596 5642 quod
3757 5562 3822 5626 2.

2059 5668 2417 5732 neutrum
2449 5669 2562 5734 est
2594 5660 3166 5734 concedendum
3213 5663 3304 5737 de
3337 5665 3598 5739 Chris-
