4295 6326
1346 454 1565 522 DIST.
1617 451 1874 522 XXIII.
1927 448 2345 529 QUAESTIO
2402 450 2634 517 UNIC.

389 632 672 706 trinum
733 643 806 707 et
843 656 1111 726 unum,
1149 632 1346 705 sicut
1388 628 1631 725 magis
1677 652 1931 702 assen-

392 750 730 824 tiendum
822 762 934 827 est
1013 750 1261 825 medio
1344 754 1665 846 propter
1747 745 1937 843 quid

391 892 622 966 quam
666 870 1173 945 conclusioni.

37 987 337 1101 0331&ssss
490 986 705 1078 Item,
786 986 849 1060 si
927 984 1262 1060 assentio
1329 982 1480 1075 isti,
1550 984 1692 1055 hoc
1761 1002 1927 1053 esse

35 1127 150 1162 esse
180 1127 327 1164 reve·
392 1103 807 1177 revelatum
855 1125 990 1200 per
1021 1101 1280 1194 fidem,
1342 1098 1680 1174 formalis
1738 1096 1927 1170 ratio

93 1175 289 1234 latum.
656 1220 668 1233 .
840 1221 852 1233 .
973 1220 986 1233 .
1103 1220 1116 1233 .
1497 1218 1509 1230 ·

31 1254 198 1304 quam
244 1255 356 1291 esee
388 1220 853 1295 aSSenilessdl
890 1222 1120 1294 flilcul
1179 1244 1269 1294 ΘΧ
1311 1216 1458 1292 fide
1493 1217 1744 1290 InfUSss
1785 1224 1924 1308 881,

81 1316 289 1354 'emm'
386 1336 568 1433 quia
625 1347 739 1411 est
802 1337 1279 1428 revelatum3
1353 1358 1534 1431 ergo
1594 1330 1927 1407 assentio

385 1454 593 1547 huic,
659 1456 800 1528 hoc
861 1464 977 1529 est
1040 1454 1491 1544 revelatum,
1571 1449 1755 1548 quia
1822 1473 1930 1523 re-

383 1572 719 1644 velatum
803 1581 917 1644 est
987 1572 1130 1644 hoc
1218 1592 1384 1644 esse
1474 1568 1922 1659 revelatum,

382 1698 454 1762 et
507 1690 648 1765 erit
679 1690 782 1764 ita
822 1712 1230 1787 processus
1267 1687 1345 1760 in
1381 1685 1796 1769 inlinitum,
1855 1694 1928 1757 et

380 1831 534 1881 non
608 1807 751 1880 erit
810 1806 990 1881 dare
1024 1806 1354 1903 primum
1401 1803 1523 1879 cui
1558 1801 1920 1877 assentio.

479 1916 839 1998 Si'dicas
908 1923 1112 2020 quod
1191 1944 1343 1996 non
1413 1919 1750 1995 creditur
1825 1918 1920 2011 ei,

380 2036 561 2136 quia
632 2041 777 2113 hoc
846 2048 960 2113 est
1026 2037 1479 2129 revelatum,
1566 2034 1747 2131 quia
1813 2043 1927 2107 est

378 2155 797 2229 revelatum
843 2156 987 2229 hoc
1043 2177 1210 2228 esse
1274 2152 1726 2244 revelatum,
1789 2149 1923 2224 sed

375 2272 711 2346 creditur
777 2272 848 2347 ei
918 2270 1066 2345 fide
1135 2268 1537 2368 acquisita,
1609 2278 1683 2342 et
1766 2291 1918 2342 non

372 2388 519 2464 fide
577 2389 857 2482 infusa,
911 2400 1086 2463 tunc
1132 2387 1320 2463 sides
1355 2387 1607 2460 infusa
1646 2386 1925 2484 depen-

374 2508 585 2583 deret
617 2531 660 2583 a
718 2506 866 2582 fide
929 2507 1333 2605 acquisita,
1379 2506 1578 2579 sicut
1618 2527 1663 2576 a
1701 2504 1920 2602 prin-

372 2623 613 2721 cipio;
653 2647 804 2697 non
848 2623 1051 2697 enim
1096 2622 1381 2720 poteris
1427 2619 1679 2694 dicere
1712 2620 1918 2716 quod

373 2748 683 2838 propter
780 2739 1243 2814 evidentiam
1350 2737 1418 2811 ei
1535 2736 1913 2830 adhaereS‚

374 2852 554 2951 quia
597 2877 749 2926 non
793 2862 908 2927 est
948 2852 1265 2927 evidens
1306 2874 1398 2924 ex
1444 2848 1818 2923 terminis.

141 2976 207 3041 9.
470 2970 879 3061 Praeterea,
965 2969 1156 3043 ratio
1234 2967 1574 3043 formalis
1639 2966 1913 3063 objecti

9 3063 341 3191 ᾆξῖῑζξξὲξὲ,
373 3087 625 3182 realis,
665 3109 817 3161 non
853 3085 1153 3161 videtur
1211 3108 1377 3160 esse
1422 3083 1715 3177 relatiO,
1780 3083 1913 3157 sed

49 3197 157 3241 ¹²⁵²
189 3205 308 3241 ‘³³⁸⁰
371 3227 536 3279 esse
591 3206 1012 3280 revelatum
1054 3203 1132 3275 in
1167 3204 1311 3276 hoc
1343 3201 1670 3298 objectO,
1707 3200 1913 3297 quod

33 3255 310 3304 ob'ectum

3 3270 230 3367 habim
256 3331 336 3368 ’θ’
368 3333 481 3398 est
537 3324 792 3398 Deum
851 3347 1009 3397 6336
1067 3322 1357 3397 trinum
1403 3327 1474 3394 6ί
1515 3344 1776 3403 unum,
1838 3329 1911 3394 ct

113 3381 236 3430 ΒΜ
365 3466 517 3515 non
586 3442 768 3516 dicit
825 3441 972 3514 nisi
1045 3439 1493 3514 relationem
1560 3437 1901 3524 rationis,

364 3582 535 3632 cum
606 3582 772 3634 esse
835 3559 1284 3644 revelatum,
1343 3555 1541 3629 sicut
1606 3564 1680 3629 et
1738 3577 1904 3628 esse

360 3674 781 3770 cognitum,
820 3657 971 3747 non
1007 3671 1189 3746 dicit
1214 3673 1413 3745 ultra
1446 3672 1617 3763 hoc,
1653 3669 1901 3744 Deum

358 3813 524 3866 esse
565 3791 876 3865 Trinum
942 3800 1016 3865 et
1057 3813 1329 3882 unum,
1403 3787 1548 3862 nisi
1593 3787 1903 3860 relatio-

355 3933 528 3984 nem
575 3910 942 3995 rationis3
1009 3932 1191 4005 ergo
1249 3931 1416 3983 esse
1478 3906 1898 3981 revelatum

354 4052 508 4101 non
565 4037 813 4126 potest
871 4050 1038 4101 esse
1102 4025 1292 4100 ratio
1364 4023 1702 4098 formalis
1759 4023 1899 4098 ob-

340 4143 650 4241 jectiva,
689 4168 842 4242 qua
883 4167 1020 4242 per
1060 4142 1287 4217 fidem
1351 4141 1597 4216 credis
1647 4140 1895 4214 Deum

350 4284 516 4337 esse
556 4262 868 4337 Trinum
911 4271 985 4336 et
1043 4285 1312 4335 unum.
1361 4260 1439 4333 Si
1482 4258 1685 4334 enim
1730 4269 1895 4334 ten-

348 4380 465 4456 dis
533 4379 914 4455 credendo
987 4380 1063 4452 in
1141 4379 1389 4453 Deum
1452 4377 1765 4451 Trinum
1823 4385 1897 4451 et

348 4521 619 4589 unum,
664 4506 739 4572 et
798 4497 989 4571 alios
1049 4495 1412 4569 articulos
1461 4493 1667 4588 fidei,
1714 4494 1895 4590 quia

348 4624 461 4689 est
521 4614 966 4706 revelatum,
1042 4621 1221 4686 tunc
1299 4613 1489 4686 ratio
1555 4612 1893 4685 formalis

347 4732 759 4829 cujuslibet
838 4731 1230 4806 credibilis
1325 4740 1527 4805 esset
1627 4730 1892 4805 relatio

345 4850 690 4942 rationis,
789 4849 996 4946 quod
1100 4857 1216 4923 est
1305 4848 1886 4935 inconvenienS,

346 4989 520 5040 cum
557 4965 863 5040 habitus
905 4964 1133 5039 realis
1174 4963 1556 5059 objectum
1616 4963 1892 5036 habeat

344 5082 763 5156 formaliter
803 5083 1037 5174 reale,
1084 5090 1157 5155 et
1189 5080 1559 5154 rationem
1608 5079 1887 5152 realem

341 5200 742 5274 formalem
785 5197 1245 5295 objectivam
1284 5222 1298 5286 3
1345 5220 1526 5293 ergo
1570 5219 1736 5271 esse
1783 5218 1891 5269 rc-

339 5320 707 5408 velatum,
761 5340 934 5391 cum
994 5316 1090 5390 sit
1147 5317 1308 5389 sola
1369 5339 1489 5390 res
1541 5312 1884 5406 rationiS,

339 5460 493 5509 non
556 5444 808 5533 potest
870 5457 1037 5509 esse
1083 5433 1419 5507 formalis
1479 5432 1668 5506 ratio
1720 5454 1889 5505 cre-

339 5551 571 5627 dendi
616 5553 788 5645 hoc,
835 5550 1038 5648 quod
1082 5559 1196 5624 est
1227 5549 1478 5623 Deum
1510 5573 1668 5624 6336
1730 5548 1890 5621 Tri-

337 5692 523 5743 num
591 5674 668 5742 et
729 5691 996 5742 unum.

3454 450 3582 519 437

2136 627 2549 716 Praeterea,
2646 625 2722 697 in
2820 625 3066 724 primo
3163 626 3578 725 recipiente

2038 740 2264 815 fidem
2328 739 2609 815 sufficit
2664 740 2852 816 [ides
2920 742 3321 840 acquisita,
3384 744 3581 817 sicut

2037 859 2113 932 in
2168 860 2464 952 Paulo;
2525 882 2706 955 ergo
2766 858 3119 933 similiter
3158 868 3230 934 et
3288 859 3362 932 in
3424 884 3581 934 om·

2036 976 2266 1050 nibus
2325 976 2495 1050 aliis
2572 976 3126 1074 posterioribus
3196 976 3577 1075 recipien-

2034 1094 2240 1169 tibus
2298 1093 2555 1190 fidem,
2602 1095 2882 1171 sufficit
2921 1095 3112 1171 fides
3170 1096 3573 1194 acquisita,

2036 1221 2119 1284 ut
2187 1212 2502 1286 credant
2582 1213 2842 1287 omnia
2910 1214 3316 1287 credenda.
3390 1214 3579 1288 Con-

2035 1328 2436 1425 sequentia
2477 1329 2871 1426 probatur‚
2935 1329 3120 1427 quia
3151 1329 3577 1404 secundum

2031 1443 2553 1540 Augustinum
2614 1470 2847 1543 super
2887 1445 3074 1520 illud
3112 1447 3394 1521 Psalm.
3455 1446 3573 1519 77.

2037 1558 2492 1657 Sascz'pz'ant
2578 1568 2871 1636 montes
2960 1586 3255 1659 pacem,
3360 1562 3583 1660 Infe-

2033 1678 2275 1752 riores
2339 1678 2885 1754 illuminantur
2919 1703 3069 1777 per
3123 1681 3579 1777 superiore&

2031 1805 2106 1869 et
2164 1795 2334 1870 ideo
2374 1796 2614 1892 magis
2666 1796 2836 1894 ipsi.
2876 1798 3358 1872 Antecedens
3413 1822 3580 1895 pro-

2032 1912 2258 1986 batur
2293 1936 2428 2010 per
2479 1914 2650 2006 hoc,
2713 1913 2896 2011 quia
2945 1937 3036 1987 ex
3095 1915 3578 1990 naturalibus

2029 2029 2273 2125 puris,
2337 2028 2804 2104 includendo
2851 2030 3192 2105 habitum
3257 2030 3583 2129 acquisi-

2031 2154 2220 2236 tum,
2283 2156 2532 2243 potest
2595 2147 2767 2245 quis
2830 2148 3202 2222 assentire
3259 2146 3579 2224 firmiter

2027 2261 2168 2355 illi,
2206 2285 2434 2360 quem
2479 2263 2621 2337 scit
2678 2287 2843 2338 esse
2885 2287 3239 2339 veracem
3301 2267 3571 2362 magiS,

2028 2402 2261 2477 quam
2305 2382 2640 2479 aliquem
2684 2382 3107 2477 hominem,
3153 2383 3352 2458 sicut
3382 2385 3575 2459 Pau-

2028 2498 2175 2587 luS‚
2214 2507 2283 2572 et
2333 2498 2559 2595 primi
2603 2499 2735 2595 qui
2780 2508 3235 2597 receperunt
3284 2498 3512 2574 fidem
3549 2528 3568 2595 3

2025 2637 2209 2710 ergo
2298 2615 2616 2708 l‘auluS,
2721 2624 2794 2690 et
2875 2615 3102 2713 primi
3202 2617 3572 2692 habentes

2025 2732 2256 2807 fidem
2290 2742 2710 2832 potuerunt
2740 2756 2831 2809 ex
2866 2733 3053 2832 ipsis
3088 2736 3569 2811 naturalibus

2025 2852 2397 2926 assentire
2462 2852 2822 2927 omnibus
2888 2876 2931 2926 a
2993 2852 3153 2928 Deo
3214 2854 3570 2929 revelatis

2021 2991 2161 3064 per
2200 2966 2426 3042 fidem
2470 2968 2920 3066 acquisitam
2961 2996 2979 3061 3
3027 2992 3209 3065 ergo
3259 2979 3571 3067 propter

2021 3085 2395 3160 assentire
2450 3109 2600 3159 non
2666 3085 3086 3185 requiritur
3151 3084 3341 3161 fides
3383 3087 3559 3182 alia,

2019 3203 2248 3278 etiam
2310 3203 2372 3277 si
2428 3227 2595 3279 esse
2654 3207 3076 3279 revelatum
3137 3205 3233 3280 sit
3282 3205 3565 3280 forma-

2018 3319 2112 3393 lis
2191 3321 2380 3394 ratio
2440 3321 2798 3395 credendi
2868 3321 3117 3396 Deum
3173 3344 3340 3396 esse
3398 3322 3565 3395 Tri-

2015 3461 2205 3510 num
2248 3446 2322 3511 et
2358 3462 2625 3531 unum,
2671 3437 2854 3534 quia
2906 3437 3204 3535 primus
3264 3438 3559 3513 hahens

2014 3553 2105 3628 de
2141 3557 2285 3629 hoc
2352 3553 2579 3628 fidem
2624 3578 2760 3652 per
2801 3555 3146 3629 habitum
3218 3555 3560 3654 acquisi-

2012 3682 2187 3764 tum*
2239 3685 2564 3768 tantum,
2636 3675 2873 3749 credit
2951 3676 3196 3750 Deum
3266 3675 3552 3749 trinum

2010 3803 2082 3867 et
2123 3817 2393 3867 unum.

2103 3910 2513 3999 Praeterea,
2581 3911 2753 3984 licet
2813 3912 3074 3984 nullus
3129 3913 3358 3985 homo
3422 3935 3549 4009 po-

2006 4025 2149 4099 tuit
2241 4027 2694 4102 naturaliter
2796 4027 3145 4103 invenire
3249 4052 3545 4103 sacram

2003 4141 2460 4238 doctrinam,
2498 4154 2749 4219 tamen
2786 4154 2954 4243 post
2997 4145 3241 4243 ipsam
3284 4145 3547 4223 inven-

2003 4268 2156 4334 tam
2198 4271 2271 4335 et
2313 4263 2725 4336 revelatam
2788 4261 3046 4356 alicui,
3093 4273 3165 4337 et
3196 4264 3541 4340 ordinate

2000 4377 2385 4473 traditam,
2470 4390 2719 4478 potest
2802 4382 3030 4455 homo
3098 4383 3551 4458 naturaliter

2002 4495 2400 4593 acquirere
2444 4520 2642 4590 eam,
2690 4507 2763 4570 ct
2813 4499 3169 4572 revelata}
3211 4498 3549 4574 adhaere-

2002 4637 2080 4688 re
2142 4616 2305 4689 sola
2345 4615 2494 4690 lide
2527 4615 2902 4713 acquisita
2946 4644 2964 4710 3
3022 4640 3202 4713 ergo
3244 4618 3375 4692 tali
3452 4618 3547 4692 ad

2001 4731 2470 4806 credendum
2537 4731 2819 4806 sufficit
2878 4731 3069 4807 fides
3136 4734 3539 4831 acquisita,

1998 4848 2184 4944 quia
2249 4849 2467 4923 aliter
2520 4848 2776 4923 infusa
2828 4859 3030 4924 esset
3097 4851 3399 4938 frustra,
3472 4861 3546 4925 et

1999 4963 2166 5062 ipsa
2224 4989 2375 5038 non
2443 4976 2556 5040 est
2613 4967 2889 5042 certior
2946 4966 3094 5042 fide
3138 4969 3539 5066 acquisita,

1999 5090 2081 5154 ut
2149 5085 2543 5179 probatur,
2612 5085 2793 5181 quia
2891 5110 3041 5159 non
3112 5096 3226 5160 est
3305 5086 3547 5183 major

1997 5199 2372 5274 certitudo
2442 5201 2964 5276 conclusionis
3024 5225 3255 5300 quam
3327 5203 3544 5301 prin-

1995 5313 2252 5412 cipii3
2335 5316 2467 5390 sed
2547 5318 2750 5414 quod
2830 5318 3215 5393 credimus
3291 5319 3539 5394 Deum

1996 5455 2163 5507 esse
2212 5433 2524 5508 Trinum
2570 5445 2642 5510 et
2705 5460 2972 5530 unum,
3032 5437 3412 5534 dependet
3449 5461 3541 5513 ex

1993 5550 2451 5626 certitudine
2494 5552 2688 5647 ejus,
2725 5552 2973 5627 Deum
3016 5577 3183 5629 esse
3223 5554 3539 5630 Trinum

1995 5675 2067 5741 et
2139 5691 2409 5762 unum,
2499 5691 2667 5744 esse
2756 5671 3173 5745 revelatum
3237 5693 3282 5744 a
3347 5671 3536 5766 Dec,

3696 3921 3805 3995 10.
