4295 6326
420 3088 485 3154 1.

293 3202 612 3331 Aggiffiffit
645 3261 989 3336 maxime
1070 3260 1393 3358 diliqere
1470 3284 1550 3334 se
1637 3283 1735 3334 ω’
1826 3259 2195 3335 clear-etate

654 415 783 486 492

2040 414 2281 483 LIBRI
2329 412 2450 480 llI.

1159 795 2510 1003 DISTINCTIO
2665 793 3328 996 XXIX.

1627 1134 1720 1182 DE
1770 1133 2194 1184 DILECTIONE

1045 1700 1443 1779 QUAESTIO
1497 1701 1789 1769 UNICA.

651 1935 762 2002 An
791 1936 998 2003 homo
1028 1939 1347 2000 teneatur
1380 1938 1540 2018 post
1581 1937 1831 2017 Deum,
1886 1933 2195 2000 maxime

1183 2041 1479 2127 dz'lz'yere
1524 2061 1595 2108 se
1625 2047 1662 2110 P

645 2257 842 2315 Alens.
876 2259 926 2313 3.
957 2260 1106 2328 part.
1138 2256 1327 2313 collat.
1354 2256 1444 2311 68.
1479 2265 1590 2312 are.
1621 2256 1674 2310 5.
1709 2256 1776 2312 D.
1809 2256 2011 2312 Thom.
2050 2257 2106 2313 2.
2136 2257 2192 2312 2.

717 2335 914 2400 quaest.
940 2330 1032 2386 26.
1059 2332 1169 2384 art.
1205 2328 1257 2384 4.
1289 2336 1341 2383 el
1388 2328 1481 2383 hic
1563 2332 1725 2386 uaest.
1774 2345 1811 2383 1.
1874 2332 1979 2384 art.
2027 2329 2082 2383 5.
2124 2324 2192 2384 D.

717 2401 940 2458 Bonav.
1007 2404 1117 2455 art.
1176 2417 1214 2455 1.
1312 2408 1469 2457 uae-51.
1568 2442 1581 2455 .
1653 2399 2191 2456 Richard.art.1.

719 2479 910 2544 quaest.
943 2474 998 2528 5.
1033 2471 1239 2527 Palud.
1314 2471 1414 2528 ..d
1472 2472 1557 2526 15.
1608 2480 1802 2544 quaesc.
1854 2473 1912 2528 3.
1971 2477 2089 2527 art.
2136 2472 2192 2525 2.

718 2544 954 2599 Valent.
1004 2545 1059 2597 2.
1109 2546 1162 2598 2.
1213 2543 1268 2599 d.
1318 2544 1373 2598 3.
1425 2559 1475 2614 q.
1519 2545 1573 2598 4.
1605 2549 1752 2611 part.
1787 2545 1840 2598 3.
1878 2544 2097 2600 Soto5.
2130 2542 2197 2599 de

719 2618 906 2674 Justtt.
940 2623 1134 2686 quaest.
1171 2631 1209 2669 1.
1232 2617 1339 2669 art.
1371 2615 1426 2670 6.
1451 2614 1602 2670 Petr.
1640 2615 1855 2671 Navar.
1891 2616 1988 2671 lib.
2041 2617 2094 2669 2.
2128 2614 2195 2671 de

717 2688 913 2745 Restit.
971 2702 1074 2755 cap
1146 2688 1198 2742 3.
1245 2703 1399 2742 num.
1446 2685 1537 2743 41.
1585 2687 1644 2743 d.
1691 2687 1746 2744 3.
1796 2686 1851 2742 cl.
1905 2688 1990 2742 17.
2032 2702 2085 2758 q.
2137 2687 2192 2743 6.

717 2761 987 2814 Bellarm.
1021 2760 1072 2813 3.
1112 2757 1176 2814 de
1222 2774 1287 2829 op
1293 2758 1480 2814 eribus
1526 2759 1699 2826 bonss,
1739 2775 1858 2830 cap.
1905 2760 1957 2814 8.
2006 2757 2192 2816 Tolet.

721 2831 815 2890 lib.
843 2832 927 2888 10.
960 2834 1115 2888 Sum.
1140 2846 1260 2902 cap.
1253 2776 1385 2887 p32.

746 3025 963 3100 Circa
1050 3025 1622 3100 distinctionem
1736 3024 2187 3121 vigesimam

644 3167 931 3219 nonam
965 3143 1398 3241 quaeritur:
1434 3142 1564 3217 Αη
1592 3143 1816 3218 homo
1848 3147 2196 3218 teneatur

635 3387 817 3479 post
843 3377 1336 3453 dilectionem
1366 3377 1577 3452 Dei.
1551 3377 1591 3433 9
1630 3377 1848 3465 Quod
1885 3401 2067 3466 non,
2116 3377 2189 3449 3.

644 3496 902 3570 Etlzz‘c.
951 3519 1116 3592 cap.
1155 3495 1225 3568 9.
1286 3504 1661 3569 amatores
1713 3494 1832 3569 sui
1888 3494 2196 3591 vitupe-

645 3623 938 3689 rantur.
989 3613 1205 3706 Item,
1262 3622 1335 3687 et
1391 3636 1529 3710 per
1577 3613 2057 3711 Apostolum,
2117 3613 2188 3685 2.

641 3732 832 3805 Tim.
893 3752 1060 3828 cap.
1124 3729 1194 3802 3.
1267 3729 1365 3803 In
1432 3729 1594 3804 illis
1649 3728 1917 3804 diebus
1974 3736 2201 3804 erunt

641 3847 991 3923 homines
1020 3870 1183 3921 sese
1209 3852 1577 3920 amantes.
1636 3846 1823 3920 Item
1888 3848 2197 3942 Augus-

644 3966 855 4039 tinus
887 3963 978 4038 de
1016 3963 1243 4037 Civit.
1272 3964 1465 4037 duas
1505 3961 1849 4036 civitates
1912 3962 2198 4036 faciunt

647 4082 799 4156 duo
855 4104 1157 4155 amores
1215 4079 1356 4154 Dei
1409 4088 1481 4154 et
1550 4077 1904 4177 proximi.
1971 4079 2190 4173 Item,

647 4199 1066 4295 Gregorius
1099 4198 1172 4270 in
1211 4199 1417 4270 hom.
1467 4220 1701 4293 super
1744 4196 1964 4290 illud,
2003 4197 2188 4270 Luc.

651 4317 765 4388 10.
810 4316 1038 4389 Misit
1070 4314 1242 4389 illos
1290 4312 1535 4406 binos,
1600 4322 1743 4388 etc.
1792 4314 2043 4390 Nemo
2096 4314 2201 4389 ad

643 4458 724 4508 se
747 4433 1192 4508 charitalem
1225 4429 1502 4504 habere
1535 4431 1843 4505 (licitur.

745 4552 961 4643 Item,
999 4549 1061 4623 si
1106 4549 1279 4646 quis
1314 4558 1708 4623 tcneretur
1748 4549 2067 4645 diligere
2110 4575 2191 4625 se

644 4669 904 4742 minus
942 4667 1131 4759 De0,
1170 4665 1488 4740 eliciens
1528 4675 1782 4739 actum
1817 4666 2193 4740 intensio-

643 4809 804 4858 rem
867 4782 1070 4856 circa
1152 4805 1231 4856 se
1301 4804 1534 4878 quam
1622 4782 1823 4856 circa
1910 4783 2186 4876 Deum,

644 4911 994 5001 peccaret
1066 4900 1484 4975 mortaliter
1541 4926 1556 4987 ;
1641 4902 1784 4974 hoc
1855 4925 2007 4974 non
2077 4911 2192 4976 est

642 5044 942 5113 verum,
1000 5019 1181 5116 quia
1239 5017 1706 5092 contrarium
1778 5019 2190 5116 experiun-

643 5147 768 5211 tur
838 5135 1124 5210 Sancti.
1200 5134 1568 5210 Similiter
1643 5137 1788 5210 hoc
1884 5135 2191 5211 videtur

642 5254 1070 5330 secundum
1108 5251 1684 5328 inclinationem
1722 5254 2180 5328 naturalem.

742 5374 959 5459 Item,
1008 5370 1213 5468 quod
1257 5395 1410 5445 non
1455 5379 1758 5445 tenetur
1798 5395 1889 5445 ex
1929 5370 2187 5444 chari-

642 5501 793 5566 tate
827 5489 1145 5586 diligere
1171 5513 1250 5564 se
1284 5491 1692 5587 plusquam
1718 5489 2181 5589 proximum,

645 5610 829 5708 quia
862 5632 955 5684 ex
986 5608 1355 5683 charitate
1395 5608 1740 5707 diligitur
1777 5612 2070 5685 bonum
2103 5609 2181 5683 in

2256 1132 2368 1183 SUI
2422 1130 2673 1181 IPSIUS.

2305 1393 2441 1462 se3
2504 1366 2738 1465 igitur
2795 1364 3042 1462 majus
3091 1363 3378 1437 bonum
3436 1369 3509 1435 et
3572 1356 3849 1432 melius

2306 1486 2551 1582 magis
2594 1513 2613 1580 ;
2647 1508 2829 1581 ergo
2863 1482 3298 1582 proximum
3343 1478 3737 1553 meliorem
3776 1486 3845 1551 te

2307 1605 2550 1701 magis
2592 1602 2877 1678 teneris
2908 1601 3253 1696 diligere.

2403 1723 2710 1815 Contra,
2747 1719 3052 1794 dilectio
3104 1718 3224 1792 sui
3272 1715 3586 1815 ponitur
3643 1738 3844 1790 men-

2305 1863 2486 1914 sura
2519 1846 2866 1937 respectu
2937 1835 3371 1911 dilectionis
3426 1833 3752 1932 proximi
3803 1857 3847 1908 a

2304 1958 2732 2050 Salvatore,
2762 1955 2984 2052 Juxta
3023 1953 3242 2045 illud,
3287 1952 3558 2026 Matth.
3601 1950 3717 2023 19.
3775 1959 3849 2026 et

2304 2076 2422 2147 22.
2479 2075 2592 2148 Et
2626 2071 3078 2170 proaeimum
3146 2076 3361 2144 lecum
3416 2069 3617 2143 sicut
3666 2070 3847 2167 leip-

2300 2215 2498 2266 sam.
2560 2189 2710 2265 Sed
2771 2212 3136 2263 mensura
3197 2187 3408 2285 prior
3454 2195 3528 2260 et
3568 2186 3849 2284 perfec-

2304 2308 2452 2382 tior
2490 2317 2605 2383 est
2647 2315 3088 2382 mensurato
3126 2333 3144 2400 3
3183 2328 3393 2402 ergo,
3430 2313 3573 2379 etc.

2875 2605 3244 2665 SCHOLIUM
3256 2647 3269 2662 .

2373 2766 2568 2832 Quoad
2602 2766 2755 2821 bona
2781 2762 3113 2836 spiritualia
3151 2766 3380 2818 tenetur
3429 2763 3562 2834 quis
3614 2761 3745 2835 plus
3788 2775 3849 2817 se

2303 2856 2543 2929 diligere
2573 2859 2701 2939 post
2734 2860 2935 2922 Deum,
2967 2871 3036 2910 ex
3078 2854 3303 2909 ratione
3355 2854 3428 2908 ad
3489 2852 3848 2925 oppositum,

2303 2953 2362 3006 et.
2406 2948 2546 3021 quia
2590 2946 2823 3004 dilectio
2869 2945 2960 3001 sui
3010 2950 3069 3002 et
3119 2944 3368 3016 proximi
3411 2947 3502 3001 est
3554 2947 3721 3000 actus
3769 2958 3854 2999 re·

2303 3043 2504 3108 flexus,
2538 3042 2594 3096 et
2618 3039 2770 3095 inter
2808 3037 3048 3094 reflexos
3094 3037 3317 3109 primus
3364 3040 3451 3091 est
3511 3034 3628 3103 ille,
3676 3035 3850 3107 cujus

2304 3127 2430 3203 ipse
2461 3144 2592 3185 sum
2627 3126 3004 3201 principium.
3037 3125 3306 3183 Secundo
3335 3123 3462 3182 loco
3492 3125 3648 3182 bona
3677 3124 3849 3198 spiri-

2306 3219 2454 3277 tulia
2484 3219 2732 3293 proximi
2783 3220 3054 3286 amanda,
3108 3233 3208 3274 seu
3267 3218 3421 3290 quod
3457 3217 3582 3282 '.ille
3623 3233 3852 3274 mecum

2305 3315 2460 3369 amet
2493 3315 2690 3368 Deum.
2723 3311 2938 3377 Tertia,
2988 3325 3201 3381 corpus
3241 3307 3559 3381 proprium.
3612 3310 3851 3380 Quarto,

2305 3415 2515 3473 eorpus
2547 3398 2956 3473 proximi3ita
3010 3397 3080 3454 D.
3131 3398 3347 3456 Bonav.
3402 3397 3682 3465 Valentia,
3737 3401 3854 3452 Du-

2307 3491 2472 3547 rand.
2531 3490 2732 3548 Palud.
2793 3489 3063 3548 Bellarm.
3123 3489 3306 3547 Tolet.
3365 3488 3523 3545 citati
3593 3489 3709 3545 hic.
3764 3490 3848 3545 Ad

2305 3583 2655 3650 secundum,
2689 3582 2858 3638 docet
2886 3581 3072 3637 teneri
3104 3596 3212 3637 nos
3245 3579 3489 3653 diligere
3521 3580 3704 3637 Deum
3746 3599 3850 3638 su-

2306 3689 2408 3747 per
2437 3670 2942 3730 omniaintensive
2985 3675 3042 3728 et
3080 3671 3394 3737 extensive,
3444 3688 3547 3726 seu
3604 3671 3852 3728 solidius

2304 3770 2363 3822 et
2395 3764 2712 3820 ferventius
2739 3780 2755 3830 ;
2787 3761 2942 3834 quod
2975 3761 3271 3834 quomodo
3302 3760 3690 3833 intelligatur,
3720 3762 3850 3818 vide

2305 3853 2365 3910 in
2394 3852 2574 3909 Oxou.
2609 3851 2746 3908 dist.
2778 3851 2868 3907 27.
2900 3849 2962 3906 in
2987 3850 3183 3906 Schol.
3217 3866 3377 3906 num.
3414 3851 3501 3906 16.
3535 3851 3850 3924 Loquendo

2306 3942 2376 3999 de
2408 3941 2716 3997 dilectione
2746 3939 3065 4007 charitatis,
3126 3939 3248 3995 haeo
3305 3940 3418 3996 duo
3473 3940 3629 3997 idem
3689 3945 3848 4012 sunt,

2306 4035 2446 4107 quia
2475 4034 2546 4089 ab
2576 4037 2703 4103 ipsa
2729 4033 2973 4088 entitate
3004 4031 3140 4088 talis
3180 4031 3528 4101 dilectionis,
3570 4037 3660 4089 est
3706 4033 3849 4089 soli-

2307 4125 2480 4190 ditas,
2521 4123 2790 4190 firmitas,
2823 4139 2927 4180 seu
2958 4123 3146 4193 major
3184 4124 3554 4196 appretiatio,
3606 4124 3850 4189 Quidam

2306 4217 2513 4286 putant
2543 4229 2656 4268 non
2689 4228 2818 4269 esse
2871 4210 3163 4284 possibile,
3224 4228 3294 4268 ex
3349 4212 3631 4269 charitate
3691 4213 3849 4271 aliud

2305 4319 2481 4376 super
2527 4309 2702 4360 Deum
2767 4303 3029 4375 diligere.
3081 4301 3191 4358 Alii
3244 4303 3409 4358 aiunt
3438 4305 3638 4360 eodem
3694 4310 3848 4373 netu,

2305 4412 2419 4468 quo
2478 4395 2743 4467 diligitur
2800 4397 3115 4468 proximus,
3172 4394 3354 4450 Deum
3407 4395 3620 4467 diligi;
3669 4396 3852 4451 sitiat

2303 4486 2661 4558 comparatio
2692 4487 2847 4541 inter
2871 4501 3130 4541 amorem
3157 4485 3463 4542 eharitatis
3506 4492 3563 4542 et
3613 4496 3845 4542 natura·

2301 4575 2441 4642 lem,
2474 4581 2779 4632 etcertum
2815 4582 2904 4632 est
2936 4593 3049 4632 non
3072 4592 3202 4631 esse
3226 4582 3528 4646 peccatum
3580 4583 3850 4650 parentes

2304 4682 2500 4722 amore
2529 4664 2773 4721 naturali
2805 4666 3094 4722 intensius
3152 4666 3391 4732 diligere
3441 4683 3612 4738 quarn
3661 4667 3845 4723 Deum

2303 4771 2499 4811 amore
2532 4758 2982 4828 supernaturali,
3019 4758 3150 4829 quia
3182 4756 3446 4815 absolute
3477 4765 3614 4814 tuno
3658 4758 3844 4814 Deum

2301 4846 2432 4919 plus
2465 4848 2694 4921 diliges.

2397 5026 2507 5100 Ad
2606 5027 3146 5123 quaestionem,
3262 5029 3593 5104 charitas
3726 5042 3840 5107 est

2298 5167 2515 5218 amor
2554 5143 2952 5218 ordinatus
2993 5144 3161 5239 Dei,
3207 5143 3377 5221 ideo
3423 5147 3631 5222 zelus
3679 5172 3834 5223 non

2297 5270 2410 5337 est
2443 5285 2660 5335 amor
2697 5262 3103 5360 perfectuS,
3164 5285 3317 5359 quo
3378 5264 3555 5338 nolo
3622 5265 3835 5363 diligi

2298 5402 2472 5453 eum
2504 5379 2597 5452 ab
2630 5378 2869 5473 omni,
2914 5380 3136 5476 cujus
3168 5379 3506 5455 amicitia
3531 5390 3645 5456 est
3673 5383 3835 5458 Deo

2297 5497 2759 5593 grata.Tunc
2790 5497 3141 5593 arguitur
3164 5524 3179 5570 ε
3202 5497 3470 5573 Omnis
3500 5500 3836 5576 amicitia

2297 5614 2647 5689 ordinata
2686 5615 3011 5714 alicujus
3045 5617 3321 5714 ohJecti
3381 5618 3625 5716 magis
3698 5622 3837 5705 ha<

3918 1754 4146 1804 Contra.

3998 5084 4063 5150 2.
