4295 6326
175 1337 393 1400 Cogno·

171 1411 324 1450 scara
361 1401 477 1452 sin-

201 1462 414 1525 gulare,

188 1528 338 1585 actu,
382 1531 436 1576 et

163 1587 288 1651 ejus
313 1587 449 1640 exis·

182 1649 434 1714 tentiam,

191 1710 408 1765 diversa

228 1781 376 1829 sunt.

1540 458 1767 530 DIST.
1815 460 2004 532 XIV.
2057 460 2477 541 QUAESTIO
2526 462 2647 531 111.

510 625 864 722 superior
921 629 1312 707 contineat
1358 642 1586 708 totam
1660 635 2054 711 entitatem

3588 467 3715 535 357

2170 634 2404 733 igitur
2451 638 2575 712 vel
2627 639 2919 713 nullam
2972 638 3321 714 notitiam
3364 638 3716 736 singula-

509 739 920 838 inferioris,
957 755 1031 820 et
1096 748 1413 823 inferior
1474 761 1763 848 partem
1821 774 2060 850 supe-
2168 752 2369 825 rium
2431 752 2701 828 habuit
2775 754 3136 849 infusam,
3209 757 3329 830 vel
3391 754 3557 852 pari
3603 777 3713 828 ra-

510 857 736 934 rioris
776 883 952 935 cum
1012 866 1447 962 negatione,
1486 869 1693 967 quod
1762 878 1877 943 est
1909 869 2055 942 im-

509 977 902 1073 possibile.
977 981 1267 1057 Habuit
1308 984 1542 1082 igitur
1599 986 1742 1061 ista
1796 986 2055 1061 anima

511 1118 647 1192 per
722 1097 1189 1177 infusionem
1244 1103 1590 1178 notitiam
1679 1104 2054 1202 quiddita-

510 1220 669 1286 tum
713 1238 851 1313 per
877 1217 1171 1316 species
1211 1219 1356 1295 sibi
1381 1232 1849 1297 concreatas.

608 1328 688 1404 Si
729 1330 1203 1432 intelligatur
1249 1339 1602 1435 quaestio,
1674 1363 1767 1413 an
1837 1339 2051 1415 novit

511 1447 770 1522 omnia
795 1449 1219 1547 singularia
1242 1455 1500 1550 simul,
1529 1465 1600 1531 et
1625 1458 1769 1530 hoc
1797 1469 2049 1531 actua-

510 1563 683 1639 liter
712 1574 786 1639 et
817 1567 1303 1666 abstractive,
1338 1573 1458 1647 vel
1501 1572 1902 1648 actualiter
1973 1582 2047 1648 et

505 1678 928 1758 intuitive‘?
976 1685 1143 1761 dico
1212 1689 1418 1785 quod
1482 1713 1666 1783 non,
1729 1712 1870 1765 nec
1930 1699 2043 1766 est

501 1795 699 1870 idem
753 1823 1218 1897 cognoscere
1267 1804 1678 1902 singulare
1733 1806 2042 1881 actuali-

496 1921 613 1986 ter
650 1924 725 1988 et
775 1916 1157 2014 intuitive,
1203 1931 1277 1996 et
1336 1946 1802 2018 cognoscere
1848 1925 2039 2000 exis-

494 2031 812 2106 tentiam
885 2035 1324 2131 singularis,
1403 2040 1585 2137 quia
1641 2040 2033 2138 singulare

487 2170 642 2220 non
706 2158 821 2223 est
860 2151 1061 2226 idem
1122 2156 1326 2250 quod
1388 2158 1817 2253 existentia,
1855 2183 2030 2235 curn

487 2262 880 2341 abstrahat
911 2269 1006 2342 ab
1039 2270 1485 2367 existentia3
1522 2275 1586 2350 si
1616 2286 1873 2353 tamen
1906 2302 2034 2375 po-

484 2393 801 2457 neretur
865 2387 1068 2482 quod
1143 2389 1577 2486 universale
1645 2394 2031 2471 sufficeret

486 2498 580 2571 ad
639 2505 1267 2598 cognoscendum
1323 2508 1716 2606 singulare
1776 2515 2029 2611 perfe-

357 2624 368 2633 ‘
483 2622 626 2708 cte,
690 2624 764 2690 et
829 2625 1014 2693 tunc
1056 2644 1194 2718 per
1249 2625 1395 2698 hoc
1473 2627 1678 2722 quod
1737 2651 2028 2725 cogno—

158 3095 407 3157 cognitio

114 3158 446 3210 universalis

141 3235 260 3272 non
298 3223 444 3273 suffl-

115 3284 191 3334 cit
236 3286 304 3336 ad
351 3299 444 3337 no-

189 3347 368 3398 titiam

128 3410 212 3461 sin
296 3411 441 3476 laris,

136 3474 185 3524 2.
240 3477 334 3586 ¹‚¹3.
357 3488 412 3540 q.

480 2740 727 2806 sceret
810 2734 1276 2831 quidditates
1345 2742 1673 2839 perfecte
1742 2746 2026 2821 abstra-

480 2846 707 2944 ctive,
761 2864 1261 2947 cognosceret
1327 2856 1780 2956 singularia,
1835 2885 2025 2936 con-

481 2988 816 3064 sequens
902 2980 1102 3046 esset
1180 2974 1432 3051 dicere
1500 2978 1704 3074 quod
1790 2982 2018 3055 simul

479 3084 692 3158 novit
723 3087 983 3163 omnia
1014 3090 1463 3189 singularia.
1502 3094 1649 3170 Sed
1684 3095 2017 3196 primurn

477 3211 592 3276 est
621 3204 924 3300 falsum,
957 3208 1140 3304 quia
1167 3208 1639 3309 impossibile
1672 3217 2015 3313 estquod

477 3344 614 3418 per
666 3322 1169 3420 quidditatem
1215 3331 1708 3426 cognoscitur
1760 3334 2018 3430 singu-

475 3436 631 3512 lare
698 3441 1058 3537 perfecte,
1096 3467 1238 3519 nec
1290 3445 1394 3520 ita
1434 3471 1569 3545 per
1609 3449 1754 3524 hoc
1807 3452 2011 3549 quod

471 3558 988 3653 cognoscitur,
1066 3560 1250 3659 quia
1333 3562 1725 3660 singulare
1805 3568 2012 3642 addit

470 3692 705 3768 supra
765 3684 1149 3770 naturam,
1194 3688 1269 3752 et
1325 3678 1857 3776 quidditatem,
1933 3693 2012 3758 ut

466 3786 869 3882 probatum
966 3801 1082 3865 est
1169 3793 1262 3868 de
1347 3794 2003 3893 individuatione3

464 3900 698 3997 igitur
739 3904 947 3978 addit
986 3906 1065 3979 in
1107 3910 1765 4005 cognoscibilitate
1799 3942 1816 4007 ;
1866 3914 2007 4011 igi-

462 4026 587 4093 tur
651 4020 987 4116 cognitio
1050 4024 1285 4099 unius
1348 4049 1502 4100 non
1570 4028 1853 4103 sufficit
1911 4032 2003 4106 ad

461 4133 981 4231 cognitionem
1049 4140 1392 4216 alterius.
1459 4141 1537 4217 Si
1594 4143 1830 4241 igitur
1888 4170 2006 4222 co-

460 4264 866 4351 gnosceret
928 4258 1189 4333 omnia
1250 4259 1676 4359 singularia
1737 4264 1996 4361 simul,

459 4382 916 4469 sequeretur
945 4376 1152 4473 quod
1201 4376 1334 4451 illa
1365 4380 1682 4456 haberet
1720 4384 2001 4460 multas

458 4486 797 4564 rationes
828 4490 1172 4587 ejusdem
1215 4494 1497 4591 speciei
1530 4498 1789 4592 simul,
1818 4500 2002 4598 quia

453 4604 793 4681 rationes
839 4608 1190 4706 proprias
1249 4610 1809 4712 cujuscumque
1874 4617 1998 4690 in-

454 4718 778 4816 dividui,
851 4734 925 4797 et
1020 4736 1475 4825 sequeretur
1540 4731 1744 4828 quod
1821 4742 1993 4808 actu

452 4846 710 4910 essent
739 4836 1043 4915 infinita
1073 4842 1498 4939 singularia
1523 4848 1829 4944 cognita
1860 4873 1997 4948 per

451 4954 862 5029 memorias
894 4955 969 5029 in
998 4969 1199 5052 actu,
1243 4962 1448 5057 quod
1482 4967 1996 5043 communiter

452 5079 823 5165 negatur3
870 5082 944 5146 et
1006 5077 1402 5175 supposito
1443 5080 1650 5175 quod
1692 5083 1786 5156 sit
1852 5108 1994 5159 ne-

451 5184 821 5280 gandum,
859 5187 1028 5262 dico
1071 5192 1275 5286 quod
1319 5217 1471 5267 non
1516 5197 1727 5270 novit
1759 5198 1988 5275 simul

450 5299 712 5373 omnia
752 5301 1202 5399 singularia,
1257 5329 1399 5383 nec
1440 5312 1744 5409 proprie
1798 5315 1990 5389 dici-

450 5424 577 5489 tur
626 5416 947 5494 scientia
996 5421 1538 5522 singularium,
1593 5431 1732 5504 etsi
1786 5433 1990 5506 noti-

447 5534 626 5609 tiam
658 5560 922 5612 eorum
957 5540 1296 5617 haberet.

547 5651 800 5749 DiceS,
844 5663 904 5729 si
949 5679 1103 5732 non
1162 5661 1372 5735 novit
1415 5665 1672 5740 omnia
1723 5665 1983 5766 simul,

2164 870 2373 945 tione
2425 893 2579 968 qua
2618 873 3159 969 quorumdam,
3192 884 3266 948 et
3323 872 3701 947 omnium.

2163 985 2352 1060 Dico
2422 987 2629 1084 quod
2673 989 3065 1086 probabile
3126 998 3241 1063 est
3279 988 3488 1086 quod
3527 990 3709 1061 nul-

2163 1099 2413 1176 lorum
2461 1102 2970 1198 singularium
3034 1104 3305 1177 habuit
3355 1101 3700 1175 notitiam

2161 1217 2523 1310 infusam,
2551 1220 2799 1318 potuit
2829 1220 3032 1295 enim
3070 1221 3499 1319 acquirere,
3527 1241 3701 1293 cum

2159 1347 2652 1412 occurrerent
2706 1336 3218 1423 sufficientem
3281 1339 3403 1412 vel
3471 1336 3533 1410 si
3577 1337 3705 1409 ha-

2157 1450 2348 1541 buit,
2397 1454 2666 1529 habuit
2732 1454 3198 1551 aliquorum,
3260 1463 3333 1527 et
3409 1451 3702 1549 aliquo-

2156 1592 2327 1642 rum
2383 1595 2565 1645 non.
2631 1571 2851 1646 Ratio
2920 1581 3169 1671 potest
3226 1593 3421 1664 esse,
3481 1592 3699 1667 quae-

2156 1683 2329 1758 dam
2373 1697 2592 1761 erant
2630 1686 3038 1781 nobiliora,
3083 1695 3157 1761 et
3195 1686 3502 1760 illorum
3552 1709 3693 1759 no-

2149 1801 2395 1877 titiam
2464 1804 2732 1879 habuit
2762 1802 3124 1899 infusam,
3183 1827 3339 1879 non
3401 1802 3693 1901 ignobi-

2146 1917 2364 1993 lium.

2243 2036 2497 2131 DiceS,
2536 2038 2961 2134 singularia
3004 2060 3161 2110 non
3203 2044 3383 2111 sunt
3422 2060 3560 2135 per
3608 2059 3689 2112 se

2117 2153 2683 2251 intelligibilia,
2717 2136 2952 2252 igitur
2982 2178 3140 2230 non
3183 2154 3452 2230 habuit
3483 2154 3689 2229 noti-

2140 2270 2325 2345 tiam
2405 2272 2917 2370 singularium
2971 2296 3110 2370 per
3184 2296 3292 2348 se.
3371 2275 3689 2347 Antece-

2140 2387 2332 2463 dens
2409 2398 2665 2487 patet3
2739 2399 2900 2463 tum
2970 2388 3153 2486 quia
3206 2411 3503 2462 sensus
3570 2397 3685 2462 est

2138 2504 2675 2602 singularium,
2766 2506 3203 2580 intellectus
3288 2504 3683 2579 universa-

2137 2620 2325 2695 lium
2388 2645 2526 2719 per
2594 2622 3201 2720 Philosophum3
3274 2631 3431 2695 tum
3497 2621 3682 2718 quia

2133 2761 2276 2812 nos
2310 2762 2464 2812 non
2508 2738 2858 2814 distincte
2892 2738 3396 2835 intelligimus
3422 2737 3680 2833 singu-

2132 2856 2351 2951 laria,
2396 2857 2632 2955 igitur
2670 2881 2810 2934 nec
2853 2856 3111 2932 anima
3150 2856 3458 2952 Christi,
3495 2882 3667 2933 cum

2131 2973 2229 3048 sit
2259 2973 2604 3071 ejusdem
2645 2973 2991 3049 rationis.

2228 3092 2417 3167 Dico
2495 3092 2703 3191 quod
2797 3090 3193 3192 quodlibet
3276 3091 3667 3191 singulare
3724 3098 4007 3229 {iffitgliagf

2126 3208 2687 3307 cujuscumque
2755 3208 3089 3307 generis,
3170 3217 3285 3283 est
3357 3233 3494 3312 per
3588 3236 3668 3289 se
3726 3228 4023 3298 telligibile.

2125 3326 2641 3423 intelligibile,
2691 3327 2865 3402 licet
2904 3351 3058 3400 non
3092 3349 3137 3400 a
3176 3349 3668 3427 quocumque

2125 3446 2522 3522 intellectu
2585 3446 3010 3544 aequaliter,
3096 3445 3279 3543 quia
3345 3470 3437 3522 ex
3513 3470 3666 3545 quo

2122 3563 2562 3637 intellectus
2648 3572 2762 3636 est
2832 3561 3065 3638 totius
3129 3562 3393 3673 entis23
3426 3574 3502 3640 et
3586 3563 3661 3637 in

2123 3679 2502 3777 singulari
2546 3680 2737 3753 nihil
2798 3688 2913 3753 est
2980 3677 3423 3768 intrinsece,
3473 3679 3663 3777 quin

2119 3787 2218 3872 sit
2250 3797 2687 3896 positivum,
2719 3795 3117 3894 quodlibet
3148 3795 3221 3867 in
3259 3819 3349 3871 eo
3382 3807 3496 3872 est
3524 3820 3664 3895 per

2120 3937 2202 3988 se
2246 3912 2760 4010 intelligibile,
2820 3921 2894 3986 et
2970 3911 3219 4009 ipsum
3286 3911 3364 3986 in
3406 3935 3487 3986 se
3548 3922 3663 3987 est

2116 4053 2254 4128 per
2298 4052 2380 4104 se
2414 4052 2706 4122 unum3
2752 4026 2989 4124 igitur
3018 4050 3156 4125 per
3184 4050 3269 4102 se
3302 4026 3661 4125 intelligi-

2111 4144 2296 4239 bile,
2342 4143 2525 4242 quia
2575 4143 2750 4218 licet
2810 4167 2989 4241 pars
3030 4142 3228 4220 entis
3268 4165 3406 4240 per
3453 4144 3657 4218 acci-

2111 4263 2305 4337 dens
2344 4261 2442 4337 sit
2481 4283 2617 4359 per
2644 4283 2727 4335 se
2788 4258 3301 4356 intelligibile,
3347 4283 3499 4334 non
3536 4269 3653 4336 ‘ta-

2110 4402 2289 4454 men
2350 4387 2620 4472 totum,
2692 4400 2867 4452 cum
2942 4399 3097 4450 non
3177 4375 3274 4450 sit
3346 4399 3484 4474 per
3567 4402 3647 4454 se

2111 4522 2382 4574 unum.

2206 4615 2422 4708 Item,
2461 4611 2853 4711 quodlibet
2892 4620 3007 4687 est
3044 4609 3523 4707 intelligibile
3548 4611 3642 4686 ab

2106 4732 2500 4807 intellectu
2564 4730 2733 4824 Dei,
2798 4729 2902 4803 ita
2986 4728 3378 4824 singulare
3447 4726 3644 4801 sicut

2107 4848 2589 4941 universale3
2663 4847 2895 4942 igitur
2934 4854 3007 4920 et
3047 4868 3091 4919 a
3148 4867 3640 4942 quocumque

2107 4965 2527 5052 intellectu,
2575 4964 2924 5038 absolute
2955 4961 3411 5058 {loquendQ
3467 4985 3637 5034 cum

2102 5090 2477 5177 quantum
2551 5089 2793 5153 estex
2847 5101 2957 5168 se,
2993 5076 3351 5150 sittotius
3410 5076 3637 5169 entis,

2102 5197 2279 5270 licet
2346 5195 2808 5293 impediatur
2884 5194 3310 5268 secundum
3411 5192 3637 5266 istum

2100 5323 2378 5388 statum
2461 5314 2789 5409 lapsum.
2863 5311 3042 5385 Ideo
3109 5309 3206 5384 de
3301 5309 3641 5406 potentia

2101 5431 2451 5505 ordinata
2508 5453 2664 5502 non
2717 5437 2965 5525 potest
3024 5426 3173 5500 dici
3242 5424 3633 5518 singulare

2097 5572 2234 5647 per
2308 5550 2387 5621 Se
2471 5546 2950 5643 intelligibile
3027 5568 3070 5618 a
3143 5563 3633 5641 quocumque

2096 5661 2519 5760 intellectu,
2583 5689 2737 5740 non
2781 5664 2965 5763 quia
3023 5663 3401 5761 obJectum
3474 5681 3631 5733 non
