4295 6326
652 351 781 420 328

654 522 1005 625 sequitur
1082 521 1546 621 oppositum,
1655 518 1842 617 quia
1934 517 1998 592 si
2077 516 2201 591 hic

653 648 857 716 esset
896 640 1035 734 sic,
1082 648 1284 714 esset
1324 639 1523 712 idem
1568 661 1725 711 6336
1787 635 2204 710 formaliter

654 757 1061 858 suppositi,
1125 767 1197 831 et
1276 767 1574 831 naturae
1657 758 2045 847 humanas,
2129 762 2201 827 et

653 887 839 950 tunc
917 874 1399 972 suppositum
1477 874 1600 945 hic
1657 896 1809 945 non
1890 870 2202 944 habebit

657 990 1056 1090 proprium
1100 1012 1286 1083 6336,
1315 988 1447 1062 sed
1495 996 1791 1062 tantum
1845 1008 2003 1059 6336
2063 1009 2204 1060 na-

656 1120 853 1183 turae
932 1109 1323 1200 humanae,
1422 1106 1621 1179 sicut
1714 1104 2200 1202 suppositum

660 1232 1002 1299 creatum
1031 1246 1184 1296 non
1245 1222 1474 1296 habet
1540 1220 1939 1319 proprium
1992 1218 2201 1293 aliud

655 1341 750 1415 ab
782 1364 940 1415 6336
975 1348 1303 1432 naturae,
1345 1338 1477 1413 sed
1512 1338 1713 1412 idem
1748 1337 2194 1411 formaliter.

652 1456 790 1532 Vel
826 1456 1061 1552 igitur
1100 1464 1399 1553 oportet
1475 1456 1598 1528 hic
1665 1454 1921 1529 dicere
1992 1453 2199 1551 quod

653 1572 990 1689 Verbum
1031 1574 1332 1645 nullum
1375 1595 1532 1646 6336
1565 1571 1820 1661 habet,
1859 1570 2007 1644 nisi
2041 1592 2202 1643 6336

654 1699 953 1764 naturae
996 1690 1387 1783 humanae,
1423 1691 1543 1763 vel
1587 1689 1792 1786 quod
1826 1688 2198 1762 dissimile

654 1817 770 1884 est
820 1808 898 1881 in
945 1807 1334 1906 proposito
1387 1807 1481 1882 de
1540 1816 1841 1902 natura,
1887 1808 1949 1881 si
2011 1833 2201 1905 sup-

317 1950 598 2010 Quomodo
655 1926 970 2024 ponitur
1062 1926 1139 1998 in
1237 1926 1548 2023 proprio
1617 1925 2042 2024 supposito.
2107 1927 2199 1999 Et

301 2027 604 2127 25333332'1
654 2066 829 2117 curn
878 2043 1184 2137 dicitur,
1234 2042 1719 2141 suppositum
1766 2043 2191 2118 increatum

301 2137 623 2265 ξὲὧρέξζζζῖ
651 2162 962 2259 supplet
1002 2160 1251 2235 vicem
1295 2160 1670 2258 suppositi
1733 2161 1995 2254 creati,
2057 2184 2196 2235 ve-

298 2265 383 2313 ’ω
415 2265 618 2315 “⁶⁸⁶²
648 2304 819 2354 rum
856 2288 972 2355 est
1003 2279 1081 2353 in
1117 2281 1291 2372 hoc,
1324 2279 1527 2376 quod
1562 2279 1886 2376 perimat
1916 2278 2196 2377 depen-

648 2398 987 2473 dentiam
1033 2399 1109 2471 in
1139 2407 1313 2474 actu
1348 2407 1645 2471 naturae
1686 2398 1780 2471 ad
1831 2399 2193 2496 supposi-

644 2525 839 2609 tum,
885 2516 1072 2612 quia
1140 2539 1295 2588 non
1353 2514 1732 2611 dependet
1798 2514 1906 2590 sic
1982 2526 2185 2610 actu,

646 2634 844 2708 sicut
907 2633 971 2707 si
1031 2656 1187 2707 non
1234 2642 1434 2707 esset
1509 2633 1913 2707 terminata
1981 2643 2184 2729 actu,

644 2774 822 2824 cum
855 2750 1240 2847 dependet
1265 2749 1359 2824 ad
1397 2749 1876 2847 suppositum
1913 2751 2190 2824 extrin-

555 2876 566 2885 '
644 2890 906 2942 secum
954 2896 970 2957 ;
1016 2876 1274 2941 tamen
1316 2890 1470 2940 non
1527 2874 1792 2940 causat
1827 2866 2189 2942 identita-

641 2994 794 3058 tem
859 2984 1281 3071 formalem,
1339 2982 1537 3057 sicut
1587 2983 1649 3059 si
1696 2993 1971 3058 natura
2002 3009 2188 3084 sup-

640 3100 1108 3202 positaretur
1164 3100 1239 3174 in
1291 3123 1401 3195 se,
1468 3101 1649 3199 quia
1698 3102 2183 3201 suppositum

640 3218 1158 3294 extrinsecum
1194 3242 1366 3292 cum
1404 3227 1680 3293 natura
1742 3243 1896 3294 non
1952 3222 2184 3295 habet

640 3358 798 3408 6336
841 3333 944 3408 ita
967 3333 1388 3408 formaliter
1448 3334 1676 3428 idem,
1738 3335 1936 3410 sicut
1993 3361 2183 3435 sup-

638 3452 975 3550 positum
1039 3451 1569 3545 intrinsecum,
1637 3453 1781 3526 nisi
1838 3453 2176 3528 Verbum

634 3571 938 3643 nullum
985 3593 1142 3643 6336
1176 3570 1493 3643 haberet
1524 3569 1733 3643 aliud
1800 3593 1846 3644 a
1903 3580 2181 3646 natura

634 3687 1003 3779 humana,
1060 3684 1241 3782 quia
1314 3685 1797 3783 suppositum
1850 3710 2001 3759 nou
2049 3688 2179 3760 dat

633 3825 791 3874 6336
866 3812 1193 3892 naturae,
1283 3823 1536 3897 neque
1596 3824 1850 3897 agere,
1933 3803 2064 3876 sed
2133 3827 2174 3878 e

634 3926 901 3991 contra
934 3917 1474 3992 universaliter
1513 3918 1587 3990 in
1624 3920 2018 3994 creaturis.

731 4033 840 4107 Ad
890 4033 1127 4127 aliud,
1164 4057 1334 4106 cum
1382 4033 1659 4107 dicitur
1699 4036 1899 4132 quod
1934 4059 2174 4130 genc-

629 4149 826 4223 ratio
862 4158 1110 4247 potest
1151 4148 1545 4223 terminari
1586 4150 1678 4223 ad
1709 4175 1866 4224 6336
1906 4151 2167 4248 Verbi,

630 4274 713 4338 ut
755 4265 987 4361 hujus
1029 4273 1357 4358 naturae,
1393 4288 1685 4362 quaero,
1722 4279 1854 4340 aut
1899 4267 2172 4342 intelli-

623 4380 833 4476 gitur
899 4382 1102 4480 quod
1177 4382 1367 4455 nihil
1431 4382 1527 4456 sit
1610 4407 1923 4480 novum,
2021 4387 2167 4461 nisi

622 4500 827 4599 quod
862 4523 1019 4574 6336
1062 4498 1159 4572 sit
1190 4498 1492 4595 hujus?
1544 4509 1618 4574 et
1665 4508 1848 4575 tunc
1908 4505 2168 4601 sequi-

623 4627 748 4689 tur
788 4615 995 4713 quod
1035 4614 1374 4688 formalis
1416 4615 1792 4691 terminus
1838 4642 2167 4714 gonera-

623 4733 854 4807 tionis
897 4742 1012 4808 cst
1044 4731 1312 4806 relatio
1346 4733 1691 4808 rationis.
1765 4735 1899 4810 Vel
1952 4736 2168 4813 intel-

619 4848 886 4943 ligitur
932 4849 1142 4946 quod
1205 4850 1580 4923 terminus
1642 4853 2164 4946 generationis

619 4966 717 5038 sit
747 4989 906 5039 6336
937 4964 1146 5039 illius
1177 4974 1502 5058 naturae,
1539 4968 1741 5062 quod
1803 4969 1899 5042 sit
1953 4971 2160 5045 aliud

618 5082 713 5155 ab
766 5105 924 5154 6336
971 5081 1231 5175 Verbi,
1287 5093 1360 5156 et
1418 5087 1964 5182 tunc-habetur
1995 5112 2162 5185 pro-

619 5199 980 5299 positum.

416 5339 478 5404 6,
713 5316 826 5390 Ad
884 5317 1222 5410 tertium,
1274 5315 1442 5391 dico
1503 5320 1705 5414 quod
1760 5320 1946 5395 illud
2002 5347 2155 5396 non

321 5454 403 5504 Aa
440 5458 542 5504 ter·
614 5443 728 5507 est
770 5457 1255 5531 consequens
1287 5434 1374 5506 ad
1423 5433 1630 5508 illam
1679 5438 2152 5535 opinionem,

261 5517 556 5632 ῘᾷῗῗὼΝὲῖ
611 5550 741 5623 sed
782 5550 1022 5645 magis
1053 5560 1168 5625 est
1213 5559 1477 5624 contra
1521 5579 1539 5645 3
1590 5553 1774 5649 quia
1824 5556 2151 5653 quaestio

286 4056 371 4106 Ad
402 4059 597 4124 object.

2072 338 2314 410 LIBRI
2361 339 2481 412 ΙΙΙ.

2310 513 2455 588 ista
2521 522 2636 588 ost
2707 515 3099 610 ventilata,
3168 539 3265 590 an
3335 540 3426 591 ox
3459 517 3605 590 hoc
3650 515 3858 614 quod
3908 524 4183 633 *tfffiggn

2310 639 2729 715 assumitur
2760 652 3038 715 natura
3079 643 3450 735 humana,
3506 642 3857 739 sequitur
3902 647 4183 758 pgssgffiffl

2309 757 2514 854 quod
2551 781 2703 831 non
2747 758 2843 831 sit
2907 759 3115 833 aliud
3167 782 3325 832 6336
3392 759 3559 855 ejus
3622 782 3853 855 quam
3889 772 4112 821 tinctum
4143 773 4208 845 ab

2309 898 2467 948 6336
2508 874 2766 961 Verbi,
2804 884 2878 949 et
2916 876 3065 948 nisi
3107 899 3281 951 cum
3325 876 3853 973 assumptione
3888 834 4209 946 ῧῗῗιὲὲπέἶῖἶ

2308 999 2541 1064 staret
2590 1013 2749 1064 6336
2816 993 3110 1065 actuale
3153 1002 3453 1065 naturae
3489 993 3851 1084 humanae
3887 959 4209 1024 ¹³¹⁸d'6'q'¹'

2308 1106 2728 1180 formaliter
2771 1106 2977 1180 aliud
3031 1108 3125 1181 ab
3185 1131 3344 1181 esse
3402 1107 3662 1199 Verbi,
3726 1131 3851 1181 se-

2307 1224 2569 1320 quitur
2601 1224 2802 1321 quod
2840 1224 3278 1321 imperfecte
3327 1234 3851 1298 assumeretur

2309 1350 2583 1413 natura
2641 1341 3008 1433 humana,
3076 1348 3149 1413 et
3224 1341 3428 1437 quod
3485 1339 3546 1412 si
3635 1340 3873 1437 prius·

2308 1456 2572 1531 fuisset
2603 1457 3085 1554 suppositata
3126 1456 3205 1528 in
3239 1480 3349 1549 se,
3384 1480 3474 1531 ex
3508 1480 3855 1555 assump-

2305 1573 2511 1645 tione
2600 1573 3125 1647 destrueretur
3211 1596 3369 1646 6336
3451 1571 3849 1671 proprium

2306 1697 2632 1783 naturae,
2670 1698 2741 1764 et
2773 1689 2836 1763 si
2869 1689 3146 1763 iterum
3183 1688 3850 1787 derelinqueretur

2304 1803 2477 1897 sibi,
2514 1806 2634 1879 vel
2676 1803 3267 1892 annihilaretur,
3308 1804 3427 1878 vel
3462 1812 3661 1878 esset
3711 1826 3852 1900 ge—

2303 1920 2598 1995 neratio
2641 1920 2818 1994 novi
2874 1944 3032 1995 6336
3082 1919 3370 2019 proprii
3432 1919 3675 2018 ipsius
3719 1943 3853 1994 na·

2307 2047 2522 2112 turoe.
2614 2037 2802 2112 Dico
2888 2037 3122 2134 igitur
3242 2036 3446 2134 quod
3574 2046 3849 2111 natura

2300 2163 2695 2252 assumpta
2744 2148 3022 2228 dicitur
3082 2177 3243 2239 ens,
3307 2177 3463 2227 non
3520 2152 3849 2228 formali-

2297 2278 2413 2342 ter
2452 2291 2610 2342 6336
2651 2268 2941 2363 divinO,
2986 2292 3128 2343 nec
3162 2267 3271 2342 sic
3316 2267 3847 2342 communica-

2299 2392 2422 2457 tur
2453 2385 2815 2482 potentiae
2846 2385 3189 2483 operatio
3223 2385 3490 2458 eadem
3554 2384 3841 2458 forma-

2297 2501 2493 2595 liter,
2531 2503 2663 2577 sed
2694 2512 2989 2576 tantum
3021 2526 3156 2600 per
3196 2501 3840 2577 communicatio—

2295 2641 2472 2693 nem
2516 2620 2997 2694 idiomatum.

2388 2743 2502 2817 Ad
2534 2745 2949 2818 secundam
2990 2743 3361 2818 rationem
3417 2745 3635 2842 prius
3682 2745 3840 2819 fac-
4003 2773 4068 2840 7,

2292 2867 2473 2947 tam,
2519 2881 2694 2956 quae
2721 2869 2835 2935 est
2865 2860 3225 2958 specialis
3256 2859 3348 2933 de
3391 2860 3836 2958 operatione
3887 2885 3968 2935 Aa
4001 2860 4163 2938 ηυδ-

2289 2973 2552 3070 Verbi,
2598 2999 2771 3049 cum
2842 2976 3146 3071 dicitur,
3220 2999 3493 3050 omnes
3557 2999 3836 3074 opera-
3867 2951 4164 3074 ορῗξῖῃῃῗῇ.

2288 3098 2537 3174 tiones
2569 3108 2929 3199 operatur
2968 3098 3339 3194 Verbum,
3400 3122 3593 3197 quas
3648 3124 3836 3199 ope-
3952 3075 4123 3138 ΨΜ·

2289 3228 2500 3292 ratur
2567 3227 2842 3292 natura
2912 3219 3282 3311 humana,
3377 3216 3547 3291 dico
3625 3218 3829 3315 quod

2286 3337 2580 3410 nullam
2623 3335 2994 3409 rationem
3045 3358 3301 3408 causae
3361 3334 3593 3408 habet
3649 3333 3832 3409 Ver-

2284 3453 2465 3525 bum
2539 3462 2891 3550 respectu
2974 3450 3444 3549 operationis
3511 3450 3823 3545 Christi,

2284 3592 2514 3666 quam
2586 3592 2739 3642 non
2791 3568 3024 3643 habet
3087 3569 3315 3642 Pater
3372 3578 3446 3641 et
3494 3566 3829 3666 Spiritus

2282 3697 2659 3779 sanctus;
2741 3709 2883 3760 nec
2942 3695 3058 3760 est
3113 3684 3456 3783 operatio
3524 3695 3823 3759 naturae

2282 3805 2644 3877 humanae
2686 3826 2731 3876 a
2772 3802 3051 3894 Verb0,
3089 3824 3265 3899 quae
3297 3824 3451 3874 non
3511 3810 3713 3876 esset
3780 3826 3821 3876 a

2279 3929 2433 3993 tota
2485 3919 2874 4011 Trinitate,
2939 3919 3137 3992 sicut
3186 3918 3247 3990 si
3300 3927 3501 3991 esset
3548 3926 3823 3991 natura

2281 4039 2621 4111 humana
2661 4037 2803 4110 sihi
2846 4036 3187 4125 dimissa,
3243 4035 3375 4109 sed
3430 4043 3612 4108 tunc
3662 4059 3817 4109 non

2277 4163 2479 4228 esset
2509 4152 3102 4227 communicatio
3139 4151 3612 4224 idiomatum.
3644 4151 3810 4224 Non
3875 4166 3930 4215 Si
3952 4172 4145 4218 nutura

2275 4279 2528 4344 tamen
2584 4270 2864 4344 dicitur
2930 4268 3266 4344 Verbum
3330 4268 3809 4340 denominari
3866 4237 4147 4357 ῗέἒοῗιῗειξ

2275 4388 2369 4462 ab
2435 4387 2877 4485 operatione
2955 4385 3377 4461 secundum
3460 4392 3812 4458 naturam
3865 4357 4143 4469 ffiss‘r'eiss'r’

2275 4506 2722 4591 humanam,
2761 4513 2836 4577 et
2873 4501 2937 4576 si
2978 4501 3146 4601 ipsa
3176 4500 3485 4598 oblique
3521 4510 3808 4597 ageret,
3909 4480 4107 4532 vem·

2273 4646 2428 4695 non
2505 4621 2726 4695 aliter
2778 4620 3411 4695 denominaretur
3469 4616 3810 4693 Verbum

2271 4738 2365 4812 ab
2430 4737 2874 4835 operatione
2952 4736 3237 4834 aliqua,
3303 4757 3534 4832 quam
3607 4759 3813 4808 nunc

2271 4865 2425 4929 tota
2456 4855 2791 4928 Trinitas
2831 4863 3142 4952 propter
3181 4855 3355 4947 hoc,
3393 4851 3599 4948 quod
3658 4852 3814 4948 agit

2269 4981 2643 5069 quantum
2686 4972 2782 5045 ad
2815 4970 3318 5044 substantiam
3363 4977 3606 5060 actus,
3635 4992 3807 5042 cum

2268 5088 2443 5186 quis
2475 5097 2644 5162 actu
2689 5096 2978 5185 peccat,
3014 5096 3269 5160 tamen
3321 5086 3519 5159 male
3580 5107 3813 5158 sona-

2266 5214 2381 5277 ret
2429 5203 2520 5277 de
2580 5203 2768 5295 De0,
2840 5200 3043 5298 quod
3103 5199 3442 5273 Verbum
3496 5197 3808 5296 oblique

2267 5329 2739 5418 operaretur,
2764 5327 2838 5393 et
2869 5317 3425 5393 inconveniens
3453 5326 3565 5390 est
3597 5316 3803 5413 quod

2265 5448 2541 5512 natura
2568 5446 2962 5534 assumpta
3002 5435 3314 5531 oblique
3348 5443 3551 5530 agat,
3622 5431 3808 5529 quia

2266 5557 2357 5631 de
2401 5578 2745 5650 congruo
2780 5554 3011 5626 habet
3041 5551 3598 5649 plenitudinem
3642 5573 3809 5649 gra-
