4295 6326
639 463 763 529 134

2072 464 2303 535 mssffl
2354 469 2438 536 ll.

1288 1010 2433 1162 DISTINCTIO
2545 1011 3184 1161 XXVII.

1048 1647 1100 1724 Q
1114 1646 1448 1713 [JAESTtO
1501 1647 1620 1713 UN
1636 1644 1803 1712 IGA.

946 1813 1191 1881 Utrum
1218 1813 1456 1898 qratia
1487 1812 1579 1877 sit
1610 1811 1827 1879 virtus
1864 1813 1899 1876 Ρ

643 2006 836 2062 Alens.
874 2005 928 2061 3.
979 2009 1128 2076 part.
1170 2008 1367 2075 quaest.
1400 2004 1490 2058 69.
1533 2004 1772 2059 membro
1801 2004 1853 2056 2·
1892 2007 1999 2058 art.
2031 2003 2086 2056 ὃ.
2121 2002 2187 2058 D.

714 2077 968 2132 Thomas
992 2094 1028 2131 1.
1060 2078 1113 2130 2.
1148 2080 1336 2148 quaest.
1371 2075 1492 2130 ΗΟ.
1516 2084 1621 2129 art.
1654 2075 1704 2129 3.
1765 2076 1823 2130 D.
1874 2075 2187 2130 Bonavent.

717 2147 804 2204 hic
826 2152 931 2203 art.
967 2164 1005 2202 1.
1038 2153 1232 2218 quaest.
1267 2151 1320 2204 2.
1349 2152 1402 2202 et
1434 2149 1485 2201 3.
1517 2155 1655 2201 sene.
1682 2146 1806 2201 disc.
1850 2147 1942 2200 27.
1993 2151 2103 2200 art.
2132 2149 2189 2203 2.

716 2225 907 2292 quoest.
943 2237 982 2274 1.
1009 2220 1331 2276 Richardus
1361 2229 1465 2273 are.
1497 2221 1551 2271 2.
1585 2228 1780 2288 quaese.
1834 2236 1871 2273 1.
1921 2220 2189 2274 Bellarm.

715 2310 756 2347 ι.
799 2291 864 2345 de
896 2291 1056 2346 liber.
1093 2291 1262 2346 arbit.
1295 2307 1414 2359 cap.
1447 2292 1499 2344 6.
1533 2294 1590 2345 et
1617 2291 1671 2344 7.
1705 2289 1879 2360 Vega.
1915 2289 2009 2344 tib.
2040 2290 2094 2342 7.
2129 2292 2191 2344 in

719 2362 957 2418 Trident.
991 2379 1108 2434 cap.
1134 2362 1222 2417 25.
1255 2362 1519 2434 vasquez
1547 2378 1584 2417 1.
1616 2362 1668 2415 2.
1702 2363 1851 2433 disp.
1887 2361 2008 2418 198.
2052 2361 2189 2417 Sco-

716 2439 814 2491 tus
844 2436 901 2490 in
936 2433 1108 2490 Oxou.
1141 2434 1248 2489 hic.

436 2636 497 2702 1,
747 2613 966 2687 Circa
1022 2613 1220 2686 hanc
1285 2611 1856 2685 distinctionem
1923 2611 2194 2707 vigesi-

300 2756 595 2817 Argumen-
654 2752 854 2802 mam
935 2727 1340 2826 septimam
1418 2726 1829 2824 quaeritur:
1919 2727 2192 2801 Utrum

325 2822 586 2943 ὲὲἷῗγὲζ,
646 2845 900 2943 qratia
935 2845 1038 2918 sit
1083 2844 1380 2918 virtus?
1419 2844 1636 2931 Quod
1681 2867 1863 2916 non.
1925 2843 2193 2917 Omnis

649 2963 896 3036 virtus
954 2961 1329 3036 naturalis
1395 2960 1697 3058 perficit
1757 2959 1832 3034 in
1922 2961 2190 3035 ordine

653 3080 747 3154 ad
816 3081 1079 3153 lumen
1157 3080 1549 3163 naturale;
1638 3076 1872 3174 igitur
1938 3076 2189 3150 omnis

651 3195 898 3269 virtus
948 3195 1565 3293 supernaturalis
1611 3193 1905 3292 perficit
1944 3194 2018 3266 in
2062 3218 2192 3268 or-

649 3313 829 3387 dine
865 3313 955 3386 ad
993 3314 1249 3387 lumen
1290 3313 1920 3409 supernaturale3
1959 3312 2191 3407 igitur

650 3429 898 3526 gratia
937 3428 1337 3526 perficeret
1372 3430 1448 3501 in
1490 3429 1756 3503 ordine
1797 3429 1889 3502 ad
1927 3430 2185 3503 lumen

649 3546 1282 3642 supernaturale3
1347 3566 1833 3642 consequens
1882 3553 1995 3617 est
2050 3544 2190 3616 lal-

649 3685 849 3736 sum.

749 3777 1230 3875 Oppositum,
1304 3777 1677 3873 Magister
1763 3777 1839 3849 in
1911 3778 2185 3871 littera,

650 3891 896 3988 gratia
926 3901 1039 3965 est
1082 3892 1285 3965 bona
1321 3892 1652 3989 qualitas
1687 3892 1989 3966 mentis.

355 3802 568 3852 Contra.

1197 4169 1559 4226 SCHDLIUM
1596 4170 1639 4225 1.

715 4316 921 4387 Opinio
974 4315 1224 4381 Raurici,
1284 4319 1338 4370 et
1399 4315 1460 4368 D.
1526 4314 1762 4368 Thomae
1800 4314 2045 4384 gratiam
2076 4329 2190 4367 non

640 4421 764 4462 esse
791 4405 1089 4472 virtutem,
1117 4404 1215 4459 sed
1251 4404 1447 4459 lumen
1499 4403 1792 4474 quoddam
1843 4409 2191 4472 supernatu-

641 4495 780 4564 rale,
815 4511 876 4551 se
915 4494 1140 4549 habens
1191 4495 1260 4548 ad
1308 4494 1555 4547 virtutes
1599 4492 1998 4561 Theologicas,
2041 4493 2194 4547 sicut

641 4584 838 4638 lumen
875 4582 1137 4637 naturale
1188 4581 1260 4637 ad
1310 4582 1652 4652 acquisitas,
1700 4581 2001 4645 refutatur,
2054 4580 2192 4651 quia

643 4674 729 4729 sic
765 4690 879 4730 non
912 4674 1152 4728 daretur
1185 4673 1327 4727 fides
1361 4671 1629 4727 informis
1666 4688 1679 4738 ;
1717 4678 1772 4726 et
1797 4671 2052 4742 rejicitur
2083 4671 2191 4724 du·

646 4764 774 4835 plex
809 4763 1110 4834 responsio
1144 4765 1211 4817 ad
1249 4763 1376 4830 hoc,
1413 4778 1536 4833 qum
1572 4779 1682 4817 uon
1710 4771 1797 4817 est
1829 4761 1893 4818 D.
1938 4761 2190 4827 Thornoe,

646 4855 786 4923 quia
811 4852 1230 4909 absurdissima
1261 4857 1370 4907 est.

425 5097 489 5162 2·
750 5057 959 5131 Solet.
1017 5057 1162 5130 ‹lici
1234 5057 1322 5130 ad
1398 5058 1902 5152 quaestionem
1985 5055 2189 5151 quod

366 5204 529 5251 fleur.
652 5175 896 5270 gratia
954 5176 1049 5247 sit
1089 5175 1476 5270 quoddam
1521 5176 1778 5248 lumen
1817 5197 2193 5270 superna-

299 5266 617 5378 qu‘i‘if'ssjq'
657 5294 926 5385 turale,
959 5303 1028 5364 et
1053 5292 1270 5387 juxta
1300 5293 1484 5364 illud
1521 5292 1951 5388 ponebatur
1982 5291 2188 5363 aliud

299 5391 618 5517 {ffifindfgffi
655 5412 943 5499 lumen,
999 5408 1288 5482 scilicet
1336 5409 1628 5504 glorias,
1666 5408 1836 5481 ideo
1872 5431 2025 5479 non
2078 5416 2192 5479 est

453 5520 494 5567 ¹·
649 5510 918 5598 virtus.
966 5521 1058 5596 Et
1098 5524 1160 5596 si
1230 5532 1581 5620 arguitur
1653 5534 1917 5597 contra
1982 5523 2189 5606 istos,

652 5643 855 5740 quod
887 5651 1070 5715 tunc
1104 5664 1258 5714 non
1294 5641 1534 5740 possit
1592 5664 1758 5716 esse
1826 5639 2013 5714 {ides
2069 5640 2193 5712 in-

2307 1435 2597 1521 formis,
2634 1435 2817 1532 quia
2847 1458 3152 1533 semper
3191 1446 3393 1511 esset
3448 1434 3638 1509 fides
3670 1457 3843 1508 con·

2306 1552 2626 1625 formata
2709 1553 2996 1649 regulae
3061 1576 3254 1647 suae,
3319 1562 3395 1628 et
3453 1552 3628 1626 talis
3688 1574 3845 1624 non

2302 1676 2548 1766 potest
2616 1691 2785 1742 esse
2835 1668 3213 1763 informiS,
3259 1668 3657 1742 dicebatur
3714 1667 3847 1741 du-

2301 1782 2642 1880 pliciter:
2684 1782 2973 1876 Prim0,
3011 1784 3217 1880 quod
3252 1781 3444 1857 fides
3475 1806 3630 1855 non
3697 1804 3847 1856 rna-

2303 1908 2432 1973 net
2515 1900 2780 1974 eadem
2860 1901 3113 1997 specie
3193 1910 3363 1998 post
3443 1909 3837 1998 peccatum

2303 2019 2651 2111 mortale,
2697 2029 2772 2092 et
2811 2029 3020 2093 ante.
3070 2019 3426 2093 Secundo
3460 2018 3598 2111 sic,
3639 2016 3843 2115 quod

2302 2134 2479 2209 licet
2519 2145 2826 2209 maneat
2870 2135 3204 2208 charitas
3255 2134 3520 2209 eadem
3564 2133 3842 2231 specie,

2302 2259 2559 2325 tamen
2629 2252 3051 2325 secundum
3108 2252 3434 2346 gradum
3492 2249 3846 2348 superio-

2306 2392 2465 2442 rem
2561 2368 2840 2443 dicitur
2933 2371 3311 2456 charitas;
3412 2368 3840 2443 secundum

2303 2510 2484 2561 vero
2528 2488 2812 2583 gradus
2844 2486 3244 2562 inferiores
3298 2485 3489 2561 fides
3529 2496 3604 2561 et
3633 2509 3836 2583 speS.

2305 2606 2395 2677 Et
2422 2603 2530 2677 sic
2563 2628 2700 2701 per
2732 2614 3127 2701 peccatum
3175 2606 3491 2678 mortale
3525 2604 3846 2677 destrui-

2308 2732 2429 2796 tur
2458 2724 2881 2797 secundum
2925 2725 3146 2798 talem
3182 2724 3535 2820 gradum,
3569 2733 3841 2799 ettunc

2306 2863 2458 2912 non
2502 2839 2780 2913 dicitur
2819 2840 3152 2915 charitas
3183 2863 3522 2914 manere.

2403 2947 2552 3031 Sed
2595 2958 2927 3056 primum
2971 2981 3124 3031 non
3160 2967 3274 3031 est
3312 2982 3610 3049 verum,
3660 2961 3842 3057 quia
3874 2982 4040 3034 Fides
4085 2997 4210 3033 ma-

2303 3097 2439 3173 per
2478 3085 2904 3173 peccatum,
2943 3075 3147 3173 quod
3212 3098 3363 3148 non
3426 3086 3539 3149 est
3580 3099 3842 3175 pecca·
3918 3051 4169 3174 ξὲζέαῗὲἶ

2300 3200 2460 3265 tum
2521 3190 3019 3285 infidelitatis,
3089 3216 3243 3265 non
3322 3193 3843 3291 corrumpitur

2301 3307 2493 3382 tides
2527 3310 2996 3406 praecedenS,
3038 3309 3238 3384 sicut
3270 3318 3475 3408 patet
3528 3310 3602 3383 in
3654 3314 3843 3385 mul-

2299 3423 2395 3497 tis
2474 3424 3030 3521 peccatoribus,
3104 3426 3236 3524 qui
3298 3426 3605 3500 eosdem
3674 3426 3846 3500 arti-

2301 3541 2516 3614 culos
2549 3540 2727 3615 fidei
2758 3542 3080 3616 credunt
3126 3553 3297 3640 post
3328 3553 3731 3640 peccatum
3772 3552 3846 3618 et

2302 3665 2504 3730 ante.
2556 3657 2773 3731 Unde
2807 3681 2979 3731 cum
3029 3660 3204 3756 quis
3244 3669 3534 3756 peccat,
3567 3659 3632 3734 si
3688 3683 3848 3734 cor-

2304 3782 2793 3869 rumperetur
2851 3772 3041 3848 fides
3083 3775 3558 3872 praecedenS,
3613 3799 3844 3872 opor-

2304 3898 2409 3963 tet
2474 3889 2678 3986 quod
2749 3882 3028 3964 habeat
3093 3914 3373 3964 novam
3453 3889 3678 3964 Iidem
3752 3891 3840 3965 de

2303 4006 2651 4082 articulis
2683 4005 2891 4100 fidei,
2926 4018 2997 4082 et
3039 4008 3245 4105 quod
3286 4009 3497 4083 Deus
3540 4009 3613 4081 in
3674 4032 3844 4106 pec-

2304 4122 2547 4195 cando
2573 4122 2927 4196 infundat
2958 4123 3102 4196 sibi
3147 4147 3433 4197 novum
3470 4123 3841 4208 habitum,

2304 4250 2377 4314 et
2451 4265 2624 4313 cum
2698 4242 2869 4339 quis
2913 4241 3383 4336 justificatur
3432 4243 3537 4340 {de
3608 4266 3836 4335 nom,

2305 4357 2508 4453 quod
2552 4381 2856 4455 semper
2889 4357 3244 4432 infundat
3275 4358 3419 4432 sibi
3466 4359 3676 4435 Deus
3699 4383 3845 4432 no-

2302 4497 2476 4546 vam
2547 4472 2775 4547 fidem
2847 4484 2921 4549 et
2963 4497 3226 4571 spem,
3273 4475 3476 4573 quod
3538 4476 3843 4550 videtur

2303 4590 2619 4664 omnino
2654 4590 2957 4665 falsum.

2402 4706 2769 4782 Similiter
2854 4706 3277 4782 secundum
3360 4718 3473 4782 est
3531 4709 3837 4803 falsum,

2304 4824 2485 4920 quia
2526 4849 2662 4922 per
2694 4836 3090 4924 peccatum
3142 4827 3460 4900 mortale
3513 4826 3840 4900 destrui-
3951 4903 3961 4920 ‚

2303 4949 2427 5013 tur
2465 4943 2824 5036 charitas,
2862 4943 2966 5016 ita
2993 4944 3197 5040 quod
3241 4943 3429 5016 nihil
3467 4943 3675 5018 illius
3706 4945 3842 5019 lor-

2305 5086 2450 5135 nue
2511 5072 2927 5158 remaneat,
2978 5075 3050 5138 et
3118 5075 3371 5138 tamen
3444 5075 3845 5139 remanent

2308 5179 2494 5253 {ides
2528 5190 2598 5253 et
2659 5205 2883 5277 spes3
2923 5183 3176 5278 igitur,
3221 5193 3361 5257 etc.
3432 5183 3609 5257 Ideo
3688 5205 3839 5254 non

2309 5304 2665 5367 tenentur
2725 5296 2876 5370 111ae
2936 5297 3342 5395 opiniones
3401 5297 3649 5383 mode,
3706 5321 3843 5370 ne-

2305 5433 2452 5507 que
2487 5412 2686 5506 quod
2714 5413 3047 5486 charitas
3078 5413 3563 5505 diminuitur,
3586 5435 3847 5510 quam-

2305 5547 2533 5619 quain
2585 5536 2839 5622 posset
2905 5527 2996 5600 de
3058 5528 3402 5625 potentia
3460 5529 3839 5620 absoluta,

2305 5651 2388 5714 ut
2445 5641 2729 5716 dictum
2802 5644 3017 5741 prius
3084 5654 3199 5719 est
3238 5646 3284 5740 ',
3344 5645 3476 5719 sed
3546 5653 3839 5718 tantum
3906 5617 4144 5744 1:1‚¹<'1,‘¹·}‚
