4295 6326
510 3305 578 3374 2.

692 429 777 495 98

695 625 853 676 non
877 598 1231 694 venisset,
1255 597 1665 697 posteritas
1689 596 2054 671 damnata
2081 614 2239 666 non

696 720 996 818 fuisset,
1023 725 1097 793 et
1111 717 1263 793 soli
1289 716 1415 791 illi
1441 715 1664 791 electi
1691 714 1858 789 nali
1881 713 2237 811 fuissent,

701 837 834 933 qui
856 860 1000 933 per
1044 835 1633 931 Redemptorem
1669 836 1890 906 erant
1943 826 2245 903 salvan-

699 954 806 1027 di.
850 954 1009 1029 Nec
1053 962 1298 1052 potest
1328 950 1679 1048 glossari,
1716 947 1920 1047 quod
1974 944 2246 1020 intelli-

701 1081 912 1167 gant,
968 1071 1170 1168 quod
1227 1079 1335 1143 tot
1407 1091 1758 1157 numero,
1828 1089 1981 1139 non
2059 1085 2245 1137 vero

702 1189 995 1263 eaedem
1066 1209 1447 1285 personae,
1502 1194 1586 1258 ut
1677 1182 1915 1282 aliqui
2011 1178 2248 1254 susti-

703 1314 916 1400 nent,
976 1306 1159 1402 quia
1224 1303 1406 1376 dicit
1497 1300 1702 1399 quod
1789 1300 2038 1374 solum
2136 1293 2245 1369 illi

704 1422 936 1497 iidem
970 1421 1102 1520 qui
1136 1443 1345 1494 nunc
1403 1427 1584 1494 sunt
1641 1413 2017 1507 salvandi,
2060 1411 2250 1486 suis-

705 1547 879 1614 sent
907 1547 1092 1612 tunc
1134 1536 1316 1611 nati.

1294 1805 1673 1864 SCHOLIUM.

779 1979 894 2035 Soli
930 1994 1082 2033 nunc
1111 1975 1276 2033 electi
1308 1974 1558 2031 fuissent
1586 1972 1730 2042 nati,
1764 1969 1813 2028 si
1848 1974 2037 2027 status
2077 1967 2252 2023 iuno·

710 2071 909 2126 centiae
943 2075 1385 2140 perseverasset.
1448 2067 1530 2121 Ita
1590 2078 1793 2120 omnes
1847 2061 2005 2118 citati
2048 2063 2254 2132 praeter

711 2158 776 2214 D.
809 2158 1014 2213 Thom.
1044 2162 1101 2213 et
1129 2154 1387 2229 Capreol.
1411 2160 1496 2210 est
1520 2151 1780 2225 Gregorii
1802 2165 2070 2223 expresse
2127 2148 2254 2204 loco

712 2247 811 2306 cit.
845 2246 1011 2302 Ratio
1040 2250 1149 2313 est,
1215 2245 1349 2316 quia
1392 2243 1550 2315 prius
1596 2242 1769 2297 volita
1820 2245 1910 2296 est
1958 2237 2255 2294 beatitudo

713 2336 932 2403 electis,
964 2351 1135 2407 quam
1166 2336 1323 2390 ullus
1356 2334 1552 2406 lapsus
1606 2332 1903 2403 praevisus.
1960 2330 2165 2402 ltaque
2207 2326 2257 2383 ei

714 2428 1069 2486 decrevisset.
1098 2426 1251 2482 Deus
1283 2430 1496 2481 etatum
1518 2423 1681 2479 illum
1712 2436 2072 2488 conservare,
2123 2434 2259 2474 oon-

715 2525 1027 2592 sequenter
1055 2514 1409 2572 decrevisset
1443 2512 1668 2569 nullum
1700 2528 1912 2579 creare,
1946 2509 2061 2565 αἰεί
2111 2508 2263 2563 ssua-

716 2609 852 2665 liter
899 2610 1425 2681 perseveraturum,
1473 2609 1531 2659 et
1575 2602 1633 2658 bi
1686 2608 1826 2658 sunt
1870 2601 1969 2673 qui
2010 2600 2080 2655 de
2112 2598 2263 2655 facto

719 2705 856 2758 sunt
880 2698 1064 2756 electi.
1098 2698 1182 2752 Ad
1215 2697 1270 2751 id
1303 2696 1374 2750 de
1413 2710 1655 2751 numero
1684 2693 1941 2748 virorum
1968 2696 2026 2747 et
2055 2689 2265 2745 mulie·

720 2807 850 2848 rum
912 2790 971 2844 in
1023 2787 1123 2843 illo
1181 2794 1355 2855 statu,
1407 2785 1535 2841 vide
1582 2783 1774 2840 Schol.
1826 2781 1920 2838 hio
1970 2781 2027 2836 in
2078 2780 2265 2836 Oxou.

723 2896 888 2939 num.
923 2880 975 2934 4.
1010 2877 1205 2936 Aleos.
1239 2880 1397 2932 tenet
1425 2875 1577 2946 quod
1609 2879 1745 2931 tuno
1778 2875 2023 2929 fuissent
2071 2871 2268 2943 plures

725 2969 854 3027 filii.
889 2974 951 3024 D.
983 2968 1300 3024 Bonavcnt.
1334 2971 1392 3021 et
1421 2965 1518 3022 alii
1552 2965 1701 3037 quod
1744 2979 1808 3020 ex
1853 2966 2095 3034 utroque
2127 2976 2269 3017 sexu

727 3066 884 3121 esset
914 3077 1188 3118 numerus
1218 3059 1477 3133 oequaliS.

832 3279 1021 3354 Dico
1079 3278 1171 3354 ad
1256 3275 1762 3375 quaestionem
1842 3273 2043 3373 quod
2133 3271 2270 3366 sic,

383 3421 525 3474 ordo
563 3417 704 3470 vou-
738 3404 1046 3494 propter
1092 3396 1289 3469 hanc
1330 3392 1885 3467 auctoritatem.
1935 3391 2025 3463 Et
2083 3387 2273 3462 ratio

383 3486 591 3536 tionum
648 3482 703 3532 in

386 3546 671 3620 praedesti-

431 3617 671 3660 nunone-

739 3515 833 3588 ad
892 3515 1036 3587 hoc
1099 3523 1238 3606 est,
1302 3510 1483 3609 quia
1585 3508 1834 3582 omnis
1927 3504 2275 3579 ordinate

737 3633 1031 3719 volens,
1059 3629 1273 3727 prius
1306 3629 1470 3700 vult
1500 3624 1704 3724 quod
1733 3636 1846 3699 est
1886 3620 2275 3695 immedia-

742 3761 895 3822 tum
928 3746 1063 3819 fini
1107 3772 1124 3834 3
1172 3746 1302 3820 sed
1337 3743 1545 3818 Deus
1614 3751 1727 3816 est
1792 3737 2276 3814 ordinatissi-

743 3866 1190 3957 111evolenS,
1262 3871 1337 3937 et
1414 3859 1851 3933 immediate
1919 3867 2090 3956 post
2158 3856 2280 3930 di-

737 3982 1145 4056 lectionem
1222 3978 1296 4052 ui
1340 3979 1504 4051 vult
1544 3974 2092 4050 beatitudinem
2125 3974 2277 4048 illis

736 4097 868 4198 qui
946 4121 1114 4172 eam
1177 4095 1534 4187 habeant,
1580 4093 1683 4167 ita
1763 4092 1964 4190 quod
2029 4091 2277 4190 primo

736 4218 903 4290 vult
1003 4212 1552 4289 beatitudinem
1639 4233 1858 4284 suam
1963 4209 2137 4302 sibi,
2205 4217 2280 4282 et

741 4333 1049 4433 quasiin
1071 4329 1409 4406 secundo
1441 4327 1750 4402 instanti
1787 4323 2280 4400 vultcuilihet

737 4449 1313 4531 beatitudinem,
1355 4445 1486 4543 qui
1543 4467 1707 4519 eam
1772 4441 2082 4517 habebit
2143 4469 2162 4535 3
2208 4450 2280 4516 et

736 4568 1117 4667 posterius
1177 4565 1339 4636 vult
1433 4561 2003 4660 quodcumque,
2073 4558 2278 4655 quod

736 4696 849 4760 est
890 4684 983 4758 ad
1054 4684 1197 4754 hoc
1239 4679 1704 4771 ordinatum,
1752 4675 2040 4750 scilicet
2105 4697 2281 4772 gra-

735 4803 949 4895 tiam,
1013 4809 1086 4875 et
1141 4799 1369 4873 talem
1463 4795 1775 4868 modum
1854 4790 2280 4889 accipiendi

739 4945 921 5007 esse,
998 4928 1071 4993 et
1150 4912 1608 4990 consimilia.
1675 4910 1916 5006 Igitur
2010 4909 2282 4985 electio

738 5034 1243 5111 determinata
1284 5029 1504 5105 estin
1547 5026 1886 5101 secundo
1937 5026 2278 5114 instanti,

739 5162 1451 5251 quantumcumque
1482 5147 1770 5220 electus
1837 5145 2111 5219 debeat
2152 5144 2282 5218 illo

740 5271 967 5344 modo
1035 5265 1415 5364 generari,
1483 5274 1562 5338 ut
1620 5264 1713 5337 ab
1776 5265 1902 5336 illo
1990 5264 2110 5337 vel
2189 5263 2285 5338 ab

742 5388 931 5477 ist03
995 5385 1163 5458 ideo
1225 5405 1376 5455 non
1446 5391 1744 5478 oportet
1801 5381 2135 5476 gaudere
2194 5381 2285 5454 de

745 5507 961 5602 lapsu
998 5502 1494 5597 Angelorum,
1532 5499 1716 5595 quia
1754 5522 1907 5572 non
1978 5510 2290 5598 propter

745 5622 1045 5719 lapsum
1081 5615 1350 5714 Angeli
1411 5624 1590 5690 sunt
1648 5614 1997 5690 homines
2065 5615 2289 5690 resti-

2106 415 2347 485 LIBRI
2397 415 2483 484 ll.

2354 590 2648 685 tuendi,
2684 590 2868 688 quia
2950 589 3089 666 etsi
3148 590 3424 686 Angeli
3510 588 3899 664 stetissent

2355 717 2490 802 tot,
2536 718 2611 784 et
2640 707 2872 783 iidem
2905 708 3103 782 sicut
3132 732 3369 801 nunc,
3397 716 3473 780 et
3522 706 3632 780 illi
3665 706 3895 779 iidem

2356 827 2486 926 qui
2559 850 2794 922 nunc,
2868 827 3190 901 fuissent
3244 849 3514 900 omnes
3593 823 3894 916 salvati,

2356 936 2539 1041 quia
2581 954 2851 1038 totum,
2902 943 3108 1041 quod
3176 941 3260 1016 fit
3322 943 3525 1016 circa
3581 942 3896 1033 electos,

2356 1070 2471 1136 est
2504 1060 2715 1158 prius
2776 1070 3049 1136 natura
3116 1062 3614 1158 completum,
3666 1081 3900 1156 quam

2356 1177 2646 1276 aliquid
2684 1176 3039 1265 flatcirca
3079 1178 3479 1276 reprobos.

2455 1295 2709 1389 DiceS,
2754 1294 2816 1369 si
2852 1295 3195 1371 medicus
3226 1294 3474 1393 primo
3516 1304 3720 1368 amat
3759 1291 3904 1367 ali-

2357 1413 2986 1512 quem,secundo
3046 1421 3250 1487 amat
3316 1411 3425 1485 illi
3467 1410 3901 1503 sanitatem,

2360 1528 2580 1603 tertio
2610 1529 2776 1602 vult
2807 1527 2954 1603 sibi
2990 1527 3443 1603 medicinam
3482 1555 3500 1621 3
3536 1527 3599 1601 si
3651 1527 3906 1600 deter-

2362 1642 2645 1718 minate
2680 1643 2862 1718 velit
2925 1642 3071 1718 sibi
3139 1642 3571 1736 sanitatem,
3617 1651 3691 1717 et
3747 1664 3901 1714 non

2358 1769 2609 1859 potest
2664 1784 2801 1859 per
2859 1759 3068 1835 aliud
3125 1759 3494 1854 medium,
3541 1758 3688 1834 nisi
3766 1781 3908 1856 per

2361 1876 2582 1951 istam
2628 1877 3086 1951 medicinam
3150 1875 3653 1952 determinate
3702 1877 3909 1949 volet

2362 1993 2561 2067 hanc
2640 1991 3098 2066 medicinam
3208 1991 3737 2067 determinate.
3795 1990 4275 2080 Si-ldthomo

2365 2107 2672 2202 militer,
2709 2108 2771 2182 si
2846 2110 3011 2183 vult
3074 2108 3573 2184 determinate
3672 2108 3902 2183 istum
3936 2082 4059 2181 {¹13¹-
4083 2067 4260 2182 ῗιξῑῗιὶ

2365 2223 2674 2311 salvari,
2711 2233 2785 2298 et
2839 2247 2990 2298 non
3061 2234 3310 2322 potest
3375 2248 3542 2299 esse
3598 2225 3748 2299 nisi
3810 2224 3906 2297 ab
3938 2199 4276 2308 ἓὲζῆἶέξῑξζ

2368 2338 2513 2412 hoc
2545 2349 2888 2435 parente,
2935 2338 3169 2434 igitur
3208 2339 3713 2414 determinate
3746 2341 3911 2413 vult

2368 2455 2599 2530 istum
2640 2466 3033 2555 parentem
3100 2481 3268 2532 esse
3304 2486 3323 2552 3
3359 2458 3527 2532 dico
3588 2458 3790 2557 quod
3851 2458 3917 2533 si

2371 2574 2563 2648 nihil
2596 2574 3047 2649 substantiae
3089 2573 3227 2648 filii
3260 2574 3359 2649 sit
3420 2576 3513 2651 de
3555 2576 3918 2650 substan-

2373 2692 2479 2767 tia
2509 2691 2772 2789 patris,
2809 2692 2940 2766 sed
2983 2700 3280 2766 tantum
3341 2692 3434 2767 de
3492 2704 3913 2781 menstruO,

2379 2818 2460 2883 ut
2498 2810 2662 2883 vult
2695 2808 3214 2908 Philosophus
3245 2809 3315 2882 2.
3353 2809 3446 2885 de
3512 2810 3700 2885 Gen.
3746 2811 3921 2886 ani-

2375 2926 2728 3021 malium,
2774 2936 2958 3001 tunc
3025 2926 3227 3002 idem
3313 2926 3522 3002 filius
3599 2952 3921 3004 numero

2377 3044 2750 3143 potuisset
2783 3043 3017 3119 fuisse
3077 3043 3310 3140 hujus
3396 3044 3633 3143 patris
3690 3054 3764 3120 et
3831 3045 3927 3118 il-

2381 3162 2559 3257 lius,
2623 3172 2698 3237 et
2755 3171 2964 3256 tunc,
3010 3161 3141 3260 qui
3212 3186 3419 3237 nunc
3510 3172 3623 3238 est
3716 3160 3926 3237 filius

2382 3277 2702 3376 Pagani,
2740 3277 2942 3352 idem
2986 3301 3308 3352 numero
3388 3278 3656 3353 fuisset
3717 3278 3925 3352 filius

2382 3395 2712 3491 alicujus
2799 3394 3348 3492 praedestinati.
3447 3396 3605 3470 Nec
3697 3396 3925 3470 etiam

2383 3510 2912 3609 oportetquod
2949 3510 3146 3584 idem
3200 3508 3407 3585 filius
3466 3535 3789 3586 numero
3832 3512 3933 3586 sit

2385 3653 2477 3702 ex
2523 3628 2666 3702 ista
2721 3636 2987 3721 matre,
3035 3650 3504 3726 quamquam
3574 3629 3934 3704 admitta-

2385 3755 2511 3820 tur
2577 3745 2780 3843 quod
2842 3744 3118 3818 habeat
3174 3768 3454 3842 corpus
3496 3769 3587 3820 ex
3654 3757 3926 3840 matre,

2385 3863 2874 3937 sicutsemen
2911 3883 3003 3935 ex
3045 3863 3414 3955 masculO,
3480 3862 3664 3960 quia
3725 3863 3929 3938 idem

2385 3979 2943 4056 nutrimentum
3006 4002 3357 4067 numero,
3432 4003 3525 4055 ex
3608 4005 3761 4079 quo
3849 3981 3936 4057 fit

2387 4104 2867 4170 menstruum
2924 4093 3002 4167 in
3055 4097 3199 4170 hac
3235 4104 3499 4190 matre,
3545 4105 3619 4172 et
3667 4121 3934 4174 semen

2386 4214 2463 4286 in
2518 4213 2662 4287 hoc
2739 4221 2976 4309 patre,
3045 4213 3420 4310 potuisset
3485 4215 3720 4292 fuisse
3788 4219 3936 4293 sub

2386 4329 2535 4404 alia
2617 4331 2859 4403 forma
2975 4330 3452 4426 nutrimenti,
3525 4333 3630 4408 ita
3726 4336 3934 4431 quod

2389 4445 2706 4521 materia
2765 4445 3216 4519 nutrimenti
3276 4470 3485 4522 nunc
3545 4450 3811 4526 fuisset
3852 4451 3932 4524 in

2387 4564 2741 4664 paradiso
2802 4563 2945 4637 sub
3007 4565 3247 4639 forma
3279 4565 3514 4663 pomi,
3552 4576 3625 4642 et
3666 4567 3936 4643 fuisset

2388 4681 2587 4755 idem
2645 4679 2851 4754 filius
2893 4703 3243 4755 numero.

2486 4801 2792 4890 Contra,
2856 4797 3214 4872 ellectum
3283 4809 3584 4895 oportet
3648 4802 3934 4876 variari
4140 4823 4223 4889 3,

2391 4938 2743 5007 numero,
2788 4913 2853 4987 si
2920 4937 3075 4987 non
3137 4913 3234 4987 sit
3292 4914 3493 4988 idem
3560 4916 3933 5014 efficienS,

2390 5033 2584 5108 sicut
2618 5033 2680 5106 si
2716 5055 2869 5105 non
2904 5032 3000 5106 sit
3040 5032 3306 5106 eadem
3343 5035 3686 5110 materia.

2488 5149 2676 5223 Dico
2722 5148 2925 5245 quod
2988 5149 3131 5222 hoc
3199 5171 3353 5222 non
3416 5158 3530 5224 est
3596 5175 3939 5239 necesse,

2393 5290 2544 5340 non
2616 5265 2821 5340 enim
2900 5263 3320 5362 requiritur
3396 5265 3595 5341 idem
3646 5271 3942 5368 'agens

2394 5406 2745 5469 nomem,
2790 5390 2951 5456 esto
2995 5380 3197 5478 quod
3232 5404 3545 5478 passum
3613 5385 3710 5459 sit
3785 5412 3943 5461 om-

2394 5501 2579 5574 nino
2611 5499 2877 5575 eodem
2933 5498 3158 5572 modo
3236 5498 3720 5598 dispositum,
3756 5505 3945 5603 quia

2394 5617 2525 5691 ille
2569 5617 2767 5691 idem
2798 5615 2998 5712 ignis
3030 5637 3383 5711 numero,
3430 5617 3563 5718 qui
3611 5643 3947 5718 genera—
