<?xml version="1.0" encoding="UTF-8"?>
<!DOCTYPE html PUBLIC "-//W3C//DTD XHTML 1.0 Transitional//EN"
    "http://www.w3.org/TR/xhtml1/DTD/xhtml1-transitional.dtd">
<html xmlns="http://www.w3.org/1999/xhtml" xml:lang="en" lang="en">
 <head>
  <title>
</title>
<meta http-equiv="Content-Type" content="text/html;charset=utf-8" />
  <meta name='ocr-system' content='tesseract 3.04.00' />
  <meta name='ocr-capabilities' content='ocr_page ocr_carea ocr_par ocr_line ocrx_word'/>
</head>
<body>
  <div class='ocr_page' id='page_1' title='image "./joannisdunsscot00waddgoog_0063.png"; bbox 0 0 4295 6326; ppageno 0'>
   <div class='ocr_carea' id='block_1_1' title="bbox 1496 464 3577 548">
    <p class='ocr_par' dir='ltr' id='par_1_1' title="bbox 1496 464 3577 548">
     <span class='ocr_line' id='line_1_1' title="bbox 1496 464 3577 548; baseline 0.008 -17"><span class='ocrx_word' id='word_1_1' title='bbox 1496 464 1724 535; x_wconf 87' lang='lat' dir='ltr'><strong>DIST.</strong></span> <span class='ocrx_word' id='word_1_2' title='bbox 1773 468 1962 536; x_wconf 83' lang='lat' dir='ltr'>xlv.</span> <span class='ocrx_word' id='word_1_3' title='bbox 2017 469 2434 548; x_wconf 88' lang='lat' dir='ltr'>QUAESTIO</span> <span class='ocrx_word' id='word_1_4' title='bbox 2484 473 2536 540; x_wconf 93' lang='grc' dir='ltr'>Ι.</span> <span class='ocrx_word' id='word_1_5' title='bbox 3494 480 3577 547; x_wconf 66' lang='lat'>49</span> 
     </span>
    </p>
   </div>
   <div class='ocr_carea' id='block_1_2' title="bbox 138 628 1926 3193">
    <p class='ocr_par' dir='ltr' id='par_1_2' title="bbox 138 628 1926 3193">
     <span class='ocr_line' id='line_1_2' title="bbox 409 628 1921 733; baseline 0.009 -34"><span class='ocrx_word' id='word_1_6' title='bbox 409 638 595 700; x_wconf 87' lang='lat' dir='ltr'>motu</span> <span class='ocrx_word' id='word_1_7' title='bbox 631 628 1017 727; x_wconf 86' lang='lat' dir='ltr'>circulari,</span> <span class='ocrx_word' id='word_1_8' title='bbox 1045 637 1301 731; x_wconf 75' lang='lat' dir='ltr'>primo</span> <span class='ocrx_word' id='word_1_9' title='bbox 1370 639 1921 733; x_wconf 77' lang='lat' dir='ltr'>Meteororum‚</span> 
     </span>
     <span class='ocr_line' id='line_1_3' title="bbox 403 744 1685 852; baseline 0.007 -33"><span class='ocrx_word' id='word_1_10' title='bbox 403 753 465 819; x_wconf 87' lang='lat' dir='ltr'>et</span> <span class='ocrx_word' id='word_1_11' title='bbox 492 744 834 822; x_wconf 87' lang='lat' dir='ltr'>similiter</span> <span class='ocrx_word' id='word_1_12' title='bbox 864 775 1226 849; x_wconf 89' lang='lat' dir='ltr'>suprema</span> <span class='ocrx_word' id='word_1_13' title='bbox 1253 779 1430 852; x_wconf 89' lang='lat' dir='ltr'>pars</span> <span class='ocrx_word' id='word_1_14' title='bbox 1461 756 1685 830; x_wconf 86' lang='lat' dir='ltr'>aeris.</span> 
     </span>
     <span class='ocr_line' id='line_1_4' title="bbox 138 860 1926 980; baseline 0.01 -50"><span class='ocrx_word' id='word_1_15' title='bbox 138 869 357 980; x_wconf 43' lang='lat' dir='ltr'>&#39;&#39;3335ss</span> <span class='ocrx_word' id='word_1_16' title='bbox 484 860 659 935; x_wconf 89' lang='lat' dir='ltr'>Dico</span> <span class='ocrx_word' id='word_1_17' title='bbox 686 867 890 960; x_wconf 86' lang='lat' dir='ltr'>quod</span> <span class='ocrx_word' id='word_1_18' title='bbox 925 869 1309 945; x_wconf 85' lang='lat' dir='ltr'>evidentia</span> <span class='ocrx_word' id='word_1_19' title='bbox 1332 873 1648 947; x_wconf 84' lang='lat' dir='ltr'>rationis</span> <span class='ocrx_word' id='word_1_20' title='bbox 1675 874 1926 947; x_wconf 87' lang='lat' dir='ltr'>Philo-</span> 
     </span>
     <span class='ocr_line' id='line_1_5' title="bbox 138 979 1925 1088; baseline 0.009 -41"><span class='ocrx_word' id='word_1_21' title='bbox 138 998 372 1067; x_wconf 53' lang='lat' dir='ltr'>ignisetae·</span> <span class='ocrx_word' id='word_1_22' title='bbox 398 979 596 1075; x_wconf 85' lang='lat' dir='ltr'>sophi</span> <span class='ocrx_word' id='word_1_23' title='bbox 641 982 853 1055; x_wconf 86' lang='lat' dir='ltr'>estin</span> <span class='ocrx_word' id='word_1_24' title='bbox 892 985 1061 1079; x_wconf 88' lang='lat' dir='ltr'>hoc,</span> <span class='ocrx_word' id='word_1_25' title='bbox 1101 989 1305 1084; x_wconf 90' lang='lat' dir='ltr'>quod</span> <span class='ocrx_word' id='word_1_26' title='bbox 1334 1000 1609 1083; x_wconf 86' lang='lat' dir='ltr'>motus,</span> <span class='ocrx_word' id='word_1_27' title='bbox 1656 991 1925 1088; x_wconf 87' lang='lat' dir='ltr'>quiest</span> 
     </span>
     <span class='ocr_line' id='line_1_6' title="bbox 139 1062 1925 1197; baseline 0.008 -29"><span class='ocrx_word' id='word_1_28' title='bbox 139 1062 673 1192; x_wconf 43' lang='lat' dir='ltr'>”ibss‘iiif‘primus</span> <span class='ocrx_word' id='word_1_29' title='bbox 704 1099 1033 1197; x_wconf 88' lang='lat' dir='ltr'>alicujus</span> <span class='ocrx_word' id='word_1_30' title='bbox 1083 1105 1215 1197; x_wconf 85' lang='lat' dir='ltr'>rei,</span> <span class='ocrx_word' id='word_1_31' title='bbox 1264 1129 1415 1180; x_wconf 90' lang='lat' dir='ltr'>non</span> <span class='ocrx_word' id='word_1_32' title='bbox 1482 1118 1593 1181; x_wconf 86' lang='lat' dir='ltr'>est</span> <span class='ocrx_word' id='word_1_33' title='bbox 1661 1118 1925 1182; x_wconf 86' lang='lat' dir='ltr'>contra</span> 
     </span>
     <span class='ocr_line' id='line_1_7' title="bbox 395 1212 1922 1317; baseline 0.009 -34"><span class='ocrx_word' id='word_1_34' title='bbox 395 1212 957 1291; x_wconf 72' lang='lat' dir='ltr'>inclinationem</span> <span class='ocrx_word' id='word_1_35' title='bbox 1049 1220 1257 1295; x_wconf 88' lang='lat' dir='ltr'>illius</span> <span class='ocrx_word' id='word_1_36' title='bbox 1325 1224 1459 1317; x_wconf 89' lang='lat' dir='ltr'>rei,</span> <span class='ocrx_word' id='word_1_37' title='bbox 1533 1225 1707 1301; x_wconf 86' lang='lat' dir='ltr'>licet</span> <span class='ocrx_word' id='word_1_38' title='bbox 1783 1225 1922 1299; x_wconf 88' lang='lat' dir='ltr'>ali-</span> 
     </span>
     <span class='ocr_line' id='line_1_8' title="bbox 395 1330 1922 1438; baseline 0.009 -37"><span class='ocrx_word' id='word_1_39' title='bbox 395 1330 549 1425; x_wconf 88' lang='lat' dir='ltr'>quis</span> <span class='ocrx_word' id='word_1_40' title='bbox 582 1344 836 1407; x_wconf 88' lang='lat' dir='ltr'>motus</span> <span class='ocrx_word' id='word_1_41' title='bbox 894 1338 1398 1413; x_wconf 88' lang='lat' dir='ltr'>secundarius</span> <span class='ocrx_word' id='word_1_42' title='bbox 1475 1341 1714 1438; x_wconf 90' lang='lat' dir='ltr'>possit</span> <span class='ocrx_word' id='word_1_43' title='bbox 1754 1365 1922 1415; x_wconf 87' lang='lat' dir='ltr'>esse</span> 
     </span>
     <span class='ocr_line' id='line_1_9' title="bbox 392 1454 1923 1543; baseline 0.007 -24"><span class='ocrx_word' id='word_1_44' title='bbox 392 1459 825 1543; x_wconf 60' lang='lat' dir='ltr'>perpetum,</span> <span class='ocrx_word' id='word_1_45' title='bbox 891 1461 963 1525; x_wconf 86' lang='lat' dir='ltr'>et</span> <span class='ocrx_word' id='word_1_46' title='bbox 1029 1463 1295 1528; x_wconf 89' lang='lat' dir='ltr'>contra</span> <span class='ocrx_word' id='word_1_47' title='bbox 1344 1454 1923 1531; x_wconf 76' lang='lat' dir='ltr'>inclinationem</span> 
     </span>
     <span class='ocr_line' id='line_1_10' title="bbox 393 1563 1923 1672; baseline 0.009 -37"><span class='ocrx_word' id='word_1_48' title='bbox 393 1563 487 1636; x_wconf 89' lang='lat' dir='ltr'>rei</span> <span class='ocrx_word' id='word_1_49' title='bbox 520 1569 947 1641; x_wconf 89' lang='lat' dir='ltr'>secundum</span> <span class='ocrx_word' id='word_1_50' title='bbox 983 1593 1089 1659; x_wconf 85' lang='lat' dir='ltr'>se,</span> <span class='ocrx_word' id='word_1_51' title='bbox 1120 1573 1303 1668; x_wconf 89' lang='lat' dir='ltr'>quia</span> <span class='ocrx_word' id='word_1_52' title='bbox 1344 1583 1595 1647; x_wconf 89' lang='lat' dir='ltr'>motus</span> <span class='ocrx_word' id='word_1_53' title='bbox 1628 1575 1923 1672; x_wconf 89' lang='lat' dir='ltr'>primus</span> 
     </span>
     <span class='ocr_line' id='line_1_11' title="bbox 393 1682 1921 1788; baseline 0.009 -36"><span class='ocrx_word' id='word_1_54' title='bbox 393 1682 512 1774; x_wconf 87' lang='lat' dir='ltr'>rei,</span> <span class='ocrx_word' id='word_1_55' title='bbox 547 1686 670 1757; x_wconf 81' lang='lat' dir='ltr'>vel</span> <span class='ocrx_word' id='word_1_56' title='bbox 733 1696 847 1760; x_wconf 86' lang='lat' dir='ltr'>est</span> <span class='ocrx_word' id='word_1_57' title='bbox 910 1711 955 1760; x_wconf 89' lang='lat' dir='ltr'>a</span> <span class='ocrx_word' id='word_1_58' title='bbox 1020 1690 1398 1788; x_wconf 87' lang='lat' dir='ltr'>principio</span> <span class='ocrx_word' id='word_1_59' title='bbox 1505 1693 1921 1768; x_wconf 86' lang='lat' dir='ltr'>intrinseco</span> 
     </span>
     <span class='ocr_line' id='line_1_12' title="bbox 387 1796 1922 1908; baseline 0.007 -36"><span class='ocrx_word' id='word_1_60' title='bbox 387 1800 649 1892; x_wconf 79' lang='lat' dir='ltr'>activo,</span> <span class='ocrx_word' id='word_1_61' title='bbox 698 1805 817 1877; x_wconf 82' lang='lat' dir='ltr'>vel</span> <span class='ocrx_word' id='word_1_62' title='bbox 873 1805 1209 1902; x_wconf 84' lang='lat' dir='ltr'>passivo,</span> <span class='ocrx_word' id='word_1_63' title='bbox 1257 1808 1360 1883; x_wconf 88' lang='lat' dir='ltr'>ita</span> <span class='ocrx_word' id='word_1_64' title='bbox 1416 1796 1623 1908; x_wconf 77' lang='lat' dir='ltr'>quod</span> <span class='ocrx_word' id='word_1_65' title='bbox 1683 1811 1922 1907; x_wconf 87' lang='lat' dir='ltr'>passi-</span> 
     </span>
     <span class='ocr_line' id='line_1_13' title="bbox 386 1921 1918 1999; baseline 0.007 -12"><span class='ocrx_word' id='word_1_66' title='bbox 386 1941 552 1989; x_wconf 77' lang='lat' dir='ltr'>vum</span> <span class='ocrx_word' id='word_1_67' title='bbox 620 1941 777 1991; x_wconf 89' lang='lat' dir='ltr'>non</span> <span class='ocrx_word' id='word_1_68' title='bbox 870 1921 1099 1995; x_wconf 89' lang='lat' dir='ltr'>habet</span> <span class='ocrx_word' id='word_1_69' title='bbox 1167 1923 1745 1999; x_wconf 75' lang='lat' dir='ltr'>inclinationem</span> <span class='ocrx_word' id='word_1_70' title='bbox 1841 1926 1918 1998; x_wconf 88' lang='lat' dir='ltr'>in</span> 
     </span>
     <span class='ocr_line' id='line_1_14' title="bbox 384 2036 1920 2117; baseline 0.007 -11"><span class='ocrx_word' id='word_1_71' title='bbox 384 2036 873 2109; x_wconf 88' lang='lat' dir='ltr'>contrarium.</span> <span class='ocrx_word' id='word_1_72' title='bbox 913 2038 1139 2113; x_wconf 81' lang='lat' dir='ltr'>Nunc</span> <span class='ocrx_word' id='word_1_73' title='bbox 1181 2050 1434 2114; x_wconf 88' lang='lat' dir='ltr'>autem</span> <span class='ocrx_word' id='word_1_74' title='bbox 1492 2042 1617 2117; x_wconf 90' lang='lat' dir='ltr'>ille</span> <span class='ocrx_word' id='word_1_75' title='bbox 1673 2054 1920 2117; x_wconf 87' lang='lat' dir='ltr'>motus</span> 
     </span>
     <span class='ocr_line' id='line_1_15' title="bbox 381 2149 1919 2250; baseline 0.008 -30"><span class='ocrx_word' id='word_1_76' title='bbox 381 2149 770 2225; x_wconf 87' lang='lat' dir='ltr'>circularis</span> <span class='ocrx_word' id='word_1_77' title='bbox 817 2161 891 2226; x_wconf 90' lang='lat' dir='ltr'>et</span> <span class='ocrx_word' id='word_1_78' title='bbox 939 2152 1142 2250; x_wconf 85' lang='lat' dir='ltr'>ignis</span> <span class='ocrx_word' id='word_1_79' title='bbox 1200 2166 1272 2229; x_wconf 88' lang='lat' dir='ltr'>et</span> <span class='ocrx_word' id='word_1_80' title='bbox 1331 2157 1556 2248; x_wconf 78' lang='lat' dir='ltr'>aeriS,</span> <span class='ocrx_word' id='word_1_81' title='bbox 1604 2182 1754 2231; x_wconf 91' lang='lat' dir='ltr'>non</span> <span class='ocrx_word' id='word_1_82' title='bbox 1806 2170 1919 2233; x_wconf 89' lang='lat' dir='ltr'>est</span> 
     </span>
     <span class='ocr_line' id='line_1_16' title="bbox 382 2266 1915 2363; baseline 0.008 -29"><span class='ocrx_word' id='word_1_83' title='bbox 382 2274 625 2339; x_wconf 85' lang='lat' dir='ltr'>motus</span> <span class='ocrx_word' id='word_1_84' title='bbox 667 2266 966 2362; x_wconf 88' lang='lat' dir='ltr'>primus</span> <span class='ocrx_word' id='word_1_85' title='bbox 998 2293 1294 2363; x_wconf 85' lang='lat' dir='ltr'>eorum,</span> <span class='ocrx_word' id='word_1_86' title='bbox 1324 2273 1456 2345; x_wconf 89' lang='lat' dir='ltr'>sed</span> <span class='ocrx_word' id='word_1_87' title='bbox 1512 2273 1795 2346; x_wconf 80' lang='lat' dir='ltr'>liabent</span> <span class='ocrx_word' id='word_1_88' title='bbox 1834 2274 1915 2348; x_wconf 93' lang='lat' dir='ltr'>il-</span> 
     </span>
     <span class='ocr_line' id='line_1_17' title="bbox 380 2380 1917 2470; baseline 0.007 -18"><span class='ocrx_word' id='word_1_89' title='bbox 380 2380 525 2454; x_wconf 88' lang='lat' dir='ltr'>lum</span> <span class='ocrx_word' id='word_1_90' title='bbox 561 2381 844 2457; x_wconf 82' lang='lat' dir='ltr'>virtute</span> <span class='ocrx_word' id='word_1_91' title='bbox 876 2386 1067 2470; x_wconf 80' lang='lat' dir='ltr'>coeli,</span> <span class='ocrx_word' id='word_1_92' title='bbox 1110 2396 1182 2460; x_wconf 88' lang='lat' dir='ltr'>et</span> <span class='ocrx_word' id='word_1_93' title='bbox 1218 2411 1365 2460; x_wconf 90' lang='lat' dir='ltr'>non</span> <span class='ocrx_word' id='word_1_94' title='bbox 1422 2388 1699 2463; x_wconf 91' lang='lat' dir='ltr'>dicitur</span> <span class='ocrx_word' id='word_1_95' title='bbox 1729 2392 1917 2464; x_wconf 90' lang='lat' dir='ltr'>sim-</span> 
     </span>
     <span class='ocr_line' id='line_1_18' title="bbox 380 2500 1915 2602; baseline 0.008 -31"><span class='ocrx_word' id='word_1_96' title='bbox 380 2500 670 2596; x_wconf 87' lang='lat' dir='ltr'>pliciter</span> <span class='ocrx_word' id='word_1_97' title='bbox 728 2501 1141 2596; x_wconf 78' lang='lat' dir='ltr'>violentus,</span> <span class='ocrx_word' id='word_1_98' title='bbox 1206 2507 1388 2602; x_wconf 86' lang='lat' dir='ltr'>quia</span> <span class='ocrx_word' id='word_1_99' title='bbox 1465 2508 1592 2581; x_wconf 92' lang='lat' dir='ltr'>ubi</span> <span class='ocrx_word' id='word_1_100' title='bbox 1673 2510 1915 2583; x_wconf 83' lang='lat' dir='ltr'>virtus</span> 
     </span>
     <span class='ocr_line' id='line_1_19' title="bbox 379 2619 1917 2719; baseline 0.007 -29"><span class='ocrx_word' id='word_1_101' title='bbox 379 2619 724 2715; x_wconf 83' lang='lat' dir='ltr'>superior</span> <span class='ocrx_word' id='word_1_102' title='bbox 781 2620 1021 2694; x_wconf 82' lang='lat' dir='ltr'>vincit</span> <span class='ocrx_word' id='word_1_103' title='bbox 1075 2622 1392 2698; x_wconf 82' lang='lat' dir='ltr'>inferius</span> <span class='ocrx_word' id='word_1_104' title='bbox 1442 2627 1586 2699; x_wconf 89' lang='lat' dir='ltr'>sub</span> <span class='ocrx_word' id='word_1_105' title='bbox 1656 2651 1774 2719; x_wconf 81' lang='lat' dir='ltr'>ec,</span> <span class='ocrx_word' id='word_1_106' title='bbox 1822 2628 1917 2700; x_wconf 91' lang='lat' dir='ltr'>li-</span> 
     </span>
     <span class='ocr_line' id='line_1_20' title="bbox 377 2735 1916 2818; baseline 0.008 -13"><span class='ocrx_word' id='word_1_107' title='bbox 377 2745 484 2808; x_wconf 83' lang='lat' dir='ltr'>cet</span> <span class='ocrx_word' id='word_1_108' title='bbox 518 2735 597 2808; x_wconf 89' lang='lat' dir='ltr'>in</span> <span class='ocrx_word' id='word_1_109' title='bbox 634 2735 766 2808; x_wconf 85' lang='lat' dir='ltr'>tali</span> <span class='ocrx_word' id='word_1_110' title='bbox 819 2748 1024 2811; x_wconf 90' lang='lat' dir='ltr'>motu</span> <span class='ocrx_word' id='word_1_111' title='bbox 1068 2749 1269 2813; x_wconf 87' lang='lat' dir='ltr'>esset</span> <span class='ocrx_word' id='word_1_112' title='bbox 1337 2741 1700 2816; x_wconf 86' lang='lat' dir='ltr'>violentia</span> <span class='ocrx_word' id='word_1_113' title='bbox 1768 2768 1916 2818; x_wconf 89' lang='lat' dir='ltr'>res-</span> 
     </span>
     <span class='ocr_line' id='line_1_21' title="bbox 373 2855 1916 2949; baseline 0.008 -25"><span class='ocrx_word' id='word_1_114' title='bbox 373 2862 587 2949; x_wconf 89' lang='lat' dir='ltr'>pectu</span> <span class='ocrx_word' id='word_1_115' title='bbox 646 2855 1031 2929; x_wconf 79' lang='lat' dir='ltr'>inferioris</span> <span class='ocrx_word' id='word_1_116' title='bbox 1091 2859 1549 2933; x_wconf 82' lang='lat' dir='ltr'>considerati</span> <span class='ocrx_word' id='word_1_117' title='bbox 1647 2886 1916 2937; x_wconf 90' lang='lat' dir='ltr'>secun-</span> 
     </span>
     <span class='ocr_line' id='line_1_22' title="bbox 373 2971 1915 3077; baseline 0.008 -35"><span class='ocrx_word' id='word_1_118' title='bbox 373 2971 545 3045; x_wconf 88' lang='lat' dir='ltr'>dum</span> <span class='ocrx_word' id='word_1_119' title='bbox 580 2996 695 3063; x_wconf 88' lang='lat' dir='ltr'>se,</span> <span class='ocrx_word' id='word_1_120' title='bbox 733 2997 882 3045; x_wconf 90' lang='lat' dir='ltr'>non</span> <span class='ocrx_word' id='word_1_121' title='bbox 928 2983 1181 3048; x_wconf 87' lang='lat' dir='ltr'>tamen</span> <span class='ocrx_word' id='word_1_122' title='bbox 1220 2977 1695 3074; x_wconf 79' lang='lat' dir='ltr'>simpliciter,</span> <span class='ocrx_word' id='word_1_123' title='bbox 1733 2982 1915 3077; x_wconf 85' lang='lat' dir='ltr'>quia</span> 
     </span>
     <span class='ocr_line' id='line_1_23' title="bbox 372 3089 1915 3193; baseline 0.009 -35"><span class='ocrx_word' id='word_1_124' title='bbox 372 3089 715 3163; x_wconf 86' lang='lat' dir='ltr'>naturale</span> <span class='ocrx_word' id='word_1_125' title='bbox 758 3100 870 3163; x_wconf 81' lang='lat' dir='ltr'>est</span> <span class='ocrx_word' id='word_1_126' title='bbox 936 3090 1301 3179; x_wconf 85' lang='lat' dir='ltr'>inferiori,</span> <span class='ocrx_word' id='word_1_127' title='bbox 1336 3096 1537 3193; x_wconf 87' lang='lat' dir='ltr'>quod</span> <span class='ocrx_word' id='word_1_128' title='bbox 1609 3098 1915 3173; x_wconf 84' lang='lat' dir='ltr'>obediat</span> 
     </span>
    </p>
   </div>
   <div class='ocr_carea' id='block_1_3' title="bbox 373 3206 1906 3311">
    <p class='ocr_par' dir='ltr' id='par_1_3' title="bbox 373 3206 1906 3311">
     <span class='ocr_line' id='line_1_24' title="bbox 373 3206 1906 3311; baseline 0.007 -35"><span class='ocrx_word' id='word_1_129' title='bbox 373 3206 777 3301; x_wconf 79' lang='lat' dir='ltr'>superiori,</span> <span class='ocrx_word' id='word_1_130' title='bbox 822 3218 897 3280; x_wconf 88' lang='lat' dir='ltr'>et</span> <span class='ocrx_word' id='word_1_131' title='bbox 930 3210 1132 3305; x_wconf 91' lang='lat' dir='ltr'>quod</span> <span class='ocrx_word' id='word_1_132' title='bbox 1174 3211 1268 3284; x_wconf 90' lang='lat' dir='ltr'>ab</span> <span class='ocrx_word' id='word_1_133' title='bbox 1328 3236 1416 3286; x_wconf 91' lang='lat' dir='ltr'>eo</span> <span class='ocrx_word' id='word_1_134' title='bbox 1473 3226 1906 3311; x_wconf 90' lang='lat' dir='ltr'>superetur.</span> 
     </span>
    </p>
   </div>
   <div class='ocr_carea' id='block_1_4' title="bbox 370 3324 1917 3432">
    <p class='ocr_par' dir='ltr' id='par_1_4' title="bbox 370 3324 1917 3432">
     <span class='ocr_line' id='line_1_25' title="bbox 370 3324 1917 3432; baseline 0.008 -37"><span class='ocrx_word' id='word_1_135' title='bbox 370 3324 533 3396; x_wconf 84' lang='lat' dir='ltr'>Non</span> <span class='ocrx_word' id='word_1_136' title='bbox 570 3326 684 3398; x_wconf 88' lang='lat' dir='ltr'>sic</span> <span class='ocrx_word' id='word_1_137' title='bbox 719 3335 968 3423; x_wconf 88' lang='lat' dir='ltr'>potest</span> <span class='ocrx_word' id='word_1_138' title='bbox 1000 3328 1146 3402; x_wconf 90' lang='lat' dir='ltr'>dici</span> <span class='ocrx_word' id='word_1_139' title='bbox 1181 3330 1273 3403; x_wconf 93' lang='lat' dir='ltr'>de</span> <span class='ocrx_word' id='word_1_140' title='bbox 1318 3333 1538 3424; x_wconf 85' lang='lat' dir='ltr'>coelo,</span> <span class='ocrx_word' id='word_1_141' title='bbox 1577 3334 1757 3429; x_wconf 86' lang='lat' dir='ltr'>quia</span> <span class='ocrx_word' id='word_1_142' title='bbox 1811 3336 1917 3432; x_wconf 88' lang='lat' dir='ltr'>ip-</span> 
     </span>
    </p>
   </div>
   <div class='ocr_carea' id='block_1_5' title="bbox 96 3443 1915 5863">
    <p class='ocr_par' dir='ltr' id='par_1_5' title="bbox 367 3443 1915 4359">
     <span class='ocr_line' id='line_1_26' title="bbox 370 3443 1915 3547; baseline 0.006 -34"><span class='ocrx_word' id='word_1_143' title='bbox 370 3463 530 3514; x_wconf 91' lang='lat' dir='ltr'>sum</span> <span class='ocrx_word' id='word_1_144' title='bbox 576 3452 694 3516; x_wconf 84' lang='lat' dir='ltr'>est</span> <span class='ocrx_word' id='word_1_145' title='bbox 736 3443 1069 3540; x_wconf 85' lang='lat' dir='ltr'>primurn</span> <span class='ocrx_word' id='word_1_146' title='bbox 1101 3446 1381 3521; x_wconf 84' lang='lat' dir='ltr'>mobile</span> <span class='ocrx_word' id='word_1_147' title='bbox 1427 3475 1444 3540; x_wconf 98' lang='lat'><em>3</em></span> <span class='ocrx_word' id='word_1_148' title='bbox 1493 3449 1663 3523; x_wconf 88' lang='lat' dir='ltr'>ideo</span> <span class='ocrx_word' id='word_1_149' title='bbox 1701 3451 1915 3547; x_wconf 89' lang='lat' dir='ltr'>prio-</span> 
     </span>
     <span class='ocr_line' id='line_1_27' title="bbox 369 3559 1914 3665; baseline 0.009 -36"><span class='ocrx_word' id='word_1_150' title='bbox 369 3559 583 3634; x_wconf 80' lang='lat' dir='ltr'>ritate</span> <span class='ocrx_word' id='word_1_151' title='bbox 642 3560 932 3634; x_wconf 89' lang='lat' dir='ltr'>nullius</span> <span class='ocrx_word' id='word_1_152' title='bbox 1005 3562 1277 3658; x_wconf 80' lang='lat' dir='ltr'>prioris</span> <span class='ocrx_word' id='word_1_153' title='bbox 1340 3577 1589 3640; x_wconf 86' lang='lat' dir='ltr'>motus</span> <span class='ocrx_word' id='word_1_154' title='bbox 1658 3579 1914 3665; x_wconf 80' lang='lat' dir='ltr'>posset</span> 
     </span>
     <span class='ocr_line' id='line_1_28' title="bbox 368 3676 1914 3781; baseline 0.008 -34"><span class='ocrx_word' id='word_1_155' title='bbox 368 3676 648 3774; x_wconf 84' lang='lat' dir='ltr'>aliquis</span> <span class='ocrx_word' id='word_1_156' title='bbox 689 3701 857 3751; x_wconf 90' lang='lat' dir='ltr'>esse</span> <span class='ocrx_word' id='word_1_157' title='bbox 892 3687 1140 3753; x_wconf 89' lang='lat' dir='ltr'>motus</span> <span class='ocrx_word' id='word_1_158' title='bbox 1183 3683 1554 3757; x_wconf 83' lang='lat' dir='ltr'>naturalis</span> <span class='ocrx_word' id='word_1_159' title='bbox 1596 3686 1790 3781; x_wconf 75' lang='lat' dir='ltr'>ejuS‚</span> <span class='ocrx_word' id='word_1_160' title='bbox 1841 3698 1914 3760; x_wconf 91' lang='lat' dir='ltr'>et</span> 
     </span>
     <span class='ocr_line' id='line_1_29' title="bbox 370 3794 1914 3904; baseline 0.008 -41"><span class='ocrx_word' id='word_1_161' title='bbox 370 3801 623 3867; x_wconf 88' lang='lat' dir='ltr'>tamen</span> <span class='ocrx_word' id='word_1_162' title='bbox 663 3794 1049 3869; x_wconf 83' lang='lat' dir='ltr'>violentus</span> <span class='ocrx_word' id='word_1_163' title='bbox 1102 3807 1449 3894; x_wconf 88' lang='lat' dir='ltr'>respectu</span> <span class='ocrx_word' id='word_1_164' title='bbox 1511 3801 1687 3904; x_wconf 37' lang='lat' dir='ltr'>&#39;coeli</span> <span class='ocrx_word' id='word_1_165' title='bbox 1740 3826 1914 3876; x_wconf 89' lang='lat' dir='ltr'>con-</span> 
     </span>
     <span class='ocr_line' id='line_1_30' title="bbox 370 3911 1910 4012; baseline 0.006 -28"><span class='ocrx_word' id='word_1_166' title='bbox 370 3911 676 3986; x_wconf 86' lang='lat' dir='ltr'>siderati</span> <span class='ocrx_word' id='word_1_167' title='bbox 721 3915 1148 3987; x_wconf 90' lang='lat' dir='ltr'>secundum</span> <span class='ocrx_word' id='word_1_168' title='bbox 1193 3939 1272 3989; x_wconf 86' lang='lat' dir='ltr'>se</span> <span class='ocrx_word' id='word_1_169' title='bbox 1302 3944 1320 4009; x_wconf 94' lang='lat'><em>3</em></span> <span class='ocrx_word' id='word_1_170' title='bbox 1352 3916 1455 3991; x_wconf 90' lang='lat' dir='ltr'>ibi</span> <span class='ocrx_word' id='word_1_171' title='bbox 1493 3918 1725 4012; x_wconf 81' lang='lat' dir='ltr'>igitur</span> <span class='ocrx_word' id='word_1_172' title='bbox 1756 3945 1910 3994; x_wconf 90' lang='lat' dir='ltr'>non</span> 
     </span>
     <span class='ocr_line' id='line_1_31' title="bbox 367 4029 1908 4131; baseline 0.008 -31"><span class='ocrx_word' id='word_1_173' title='bbox 367 4029 760 4116; x_wconf 80' lang='lat' dir='ltr'>invenitur</span> <span class='ocrx_word' id='word_1_174' title='bbox 826 4033 1326 4108; x_wconf 78' lang='lat' dir='ltr'>contrarietas</span> <span class='ocrx_word' id='word_1_175' title='bbox 1358 4063 1375 4127; x_wconf 92' lang='lat'><em>3</em></span> <span class='ocrx_word' id='word_1_176' title='bbox 1409 4035 1667 4131; x_wconf 81' lang='lat' dir='ltr'>·igitur</span> <span class='ocrx_word' id='word_1_177' title='bbox 1754 4063 1908 4112; x_wconf 88' lang='lat' dir='ltr'>non</span> 
     </span>
     <span class='ocr_line' id='line_1_32' title="bbox 369 4146 1909 4245; baseline 0.01 -30"><span class='ocrx_word' id='word_1_178' title='bbox 369 4146 671 4221; x_wconf 83' lang='lat' dir='ltr'>videtur</span> <span class='ocrx_word' id='word_1_179' title='bbox 733 4147 938 4244; x_wconf 90' lang='lat' dir='ltr'>quod</span> <span class='ocrx_word' id='word_1_180' title='bbox 999 4148 1094 4221; x_wconf 86' lang='lat' dir='ltr'>sit</span> <span class='ocrx_word' id='word_1_181' title='bbox 1174 4150 1518 4245; x_wconf 86' lang='lat' dir='ltr'>ejusdem</span> <span class='ocrx_word' id='word_1_182' title='bbox 1590 4155 1909 4231; x_wconf 84' lang='lat' dir='ltr'>rationis</span> 
     </span>
     <span class='ocr_line' id='line_1_33' title="bbox 369 4263 1587 4359; baseline 0.005 -25"><span class='ocrx_word' id='word_1_183' title='bbox 369 4285 537 4334; x_wconf 77' lang='lat' dir='ltr'>cuin</span> <span class='ocrx_word' id='word_1_184' title='bbox 583 4263 1037 4359; x_wconf 84' lang='lat' dir='ltr'>corporibus</span> <span class='ocrx_word' id='word_1_185' title='bbox 1073 4263 1587 4340; x_wconf 83' lang='lat' dir='ltr'>inferioribus.</span> 
     </span>
    </p>

    <p class='ocr_par' dir='ltr' id='par_1_6' title="bbox 194 4377 1911 5063">
     <span class='ocr_line' id='line_1_34' title="bbox 194 4377 1911 4484; baseline 0.007 -36"><span class='ocrx_word' id='word_1_186' title='bbox 194 4395 242 4461; x_wconf 73' lang='lat'>3,</span> <span class='ocrx_word' id='word_1_187' title='bbox 460 4377 652 4451; x_wconf 86' lang='lat' dir='ltr'>Item</span> <span class='ocrx_word' id='word_1_188' title='bbox 694 4377 802 4452; x_wconf 88' lang='lat' dir='ltr'>sic</span> <span class='ocrx_word' id='word_1_189' title='bbox 838 4403 852 4452; x_wconf 77' lang='grc' dir='ltr'>ε</span> <span class='ocrx_word' id='word_1_190' title='bbox 891 4378 1083 4451; x_wconf 83' lang='grc' dir='ltr'>111υά</span> <span class='ocrx_word' id='word_1_191' title='bbox 1114 4402 1392 4476; x_wconf 88' lang='lat' dir='ltr'>corpus</span> <span class='ocrx_word' id='word_1_192' title='bbox 1425 4385 1728 4458; x_wconf 80' lang='lat' dir='ltr'>coeleste</span> <span class='ocrx_word' id='word_1_193' title='bbox 1771 4409 1911 4484; x_wconf 86' lang='lat' dir='ltr'>ap-</span> 
     </span>
     <span class='ocr_line' id='line_1_35' title="bbox 368 4495 1904 4594; baseline 0.007 -28"><span class='ocrx_word' id='word_1_194' title='bbox 368 4504 576 4589; x_wconf 86' lang='lat' dir='ltr'>paret</span> <span class='ocrx_word' id='word_1_195' title='bbox 642 4518 809 4568; x_wconf 89' lang='lat' dir='ltr'>esse</span> <span class='ocrx_word' id='word_1_196' title='bbox 857 4495 1435 4594; x_wconf 88' lang='lat' dir='ltr'>incorruptibile</span> <span class='ocrx_word' id='word_1_197' title='bbox 1479 4502 1904 4576; x_wconf 87' lang='lat' dir='ltr'>secundum</span> 
     </span>
     <span class='ocr_line' id='line_1_36' title="bbox 365 4615 1905 4710; baseline 0.009 -29"><span class='ocrx_word' id='word_1_198' title='bbox 365 4618 637 4703; x_wconf 84' lang='lat' dir='ltr'>toturn,</span> <span class='ocrx_word' id='word_1_199' title='bbox 681 4623 753 4686; x_wconf 90' lang='lat' dir='ltr'>et</span> <span class='ocrx_word' id='word_1_200' title='bbox 796 4615 1223 4687; x_wconf 87' lang='lat' dir='ltr'>secundum</span> <span class='ocrx_word' id='word_1_201' title='bbox 1260 4624 1551 4710; x_wconf 87' lang='lat' dir='ltr'>partes3</span> <span class='ocrx_word' id='word_1_202' title='bbox 1601 4643 1748 4693; x_wconf 91' lang='lat' dir='ltr'>non</span> <span class='ocrx_word' id='word_1_203' title='bbox 1798 4622 1905 4695; x_wconf 88' lang='lat' dir='ltr'>sic</span> 
     </span>
     <span class='ocr_line' id='line_1_37' title="bbox 365 4728 1899 4829; baseline 0.007 -30"><span class='ocrx_word' id='word_1_204' title='bbox 365 4748 536 4821; x_wconf 77' lang='lat' dir='ltr'>quae</span> <span class='ocrx_word' id='word_1_205' title='bbox 569 4739 751 4800; x_wconf 88' lang='lat' dir='ltr'>sunt</span> <span class='ocrx_word' id='word_1_206' title='bbox 783 4728 980 4802; x_wconf 82' lang='lat' dir='ltr'>infra</span> <span class='ocrx_word' id='word_1_207' title='bbox 1005 4731 1391 4826; x_wconf 78' lang='lat' dir='ltr'>spbaeram</span> <span class='ocrx_word' id='word_1_208' title='bbox 1428 4732 1848 4808; x_wconf 78' lang='lat' dir='ltr'>activorum</span> <span class='ocrx_word' id='word_1_209' title='bbox 1881 4764 1899 4829; x_wconf 92' lang='lat'><em>3</em></span> 
     </span>
     <span class='ocr_line' id='line_1_38' title="bbox 359 4841 1901 4943; baseline 0.01 -32"><span class='ocrx_word' id='word_1_210' title='bbox 359 4841 592 4937; x_wconf 77' lang='lat' dir='ltr'>igitur</span> <span class='ocrx_word' id='word_1_211' title='bbox 631 4845 775 4919; x_wconf 87' lang='lat' dir='ltr'>ista</span> <span class='ocrx_word' id='word_1_212' title='bbox 808 4844 1170 4921; x_wconf 82' lang='lat' dir='ltr'>differunt</span> <span class='ocrx_word' id='word_1_213' title='bbox 1223 4871 1505 4943; x_wconf 84' lang='lat' dir='ltr'>genere</span> <span class='ocrx_word' id='word_1_214' title='bbox 1569 4851 1683 4922; x_wconf 84' lang='lat'>10.</span> <span class='ocrx_word' id='word_1_215' title='bbox 1725 4852 1901 4926; x_wconf 50' lang='lat' dir='ltr'>ille-</span> 
     </span>
     <span class='ocr_line' id='line_1_39' title="bbox 360 4963 653 5063; baseline 0.014 -31"><span class='ocrx_word' id='word_1_216' title='bbox 360 4963 653 5063; x_wconf 65' lang='lat' dir='ltr'>taphyS.</span> 
     </span>
    </p>

    <p class='ocr_par' dir='ltr' id='par_1_7' title="bbox 96 5080 1902 5768">
     <span class='ocr_line' id='line_1_40' title="bbox 457 5080 1902 5182; baseline 0.007 -31"><span class='ocrx_word' id='word_1_217' title='bbox 457 5080 653 5154; x_wconf 88' lang='lat' dir='ltr'>lllud</span> <span class='ocrx_word' id='word_1_218' title='bbox 687 5082 923 5178; x_wconf 83' lang='lat' dir='ltr'>igitur</span> <span class='ocrx_word' id='word_1_219' title='bbox 952 5082 1258 5157; x_wconf 76' lang='lat' dir='ltr'>videtur</span> <span class='ocrx_word' id='word_1_220' title='bbox 1287 5085 1683 5182; x_wconf 90' lang='lat' dir='ltr'>probabile</span> <span class='ocrx_word' id='word_1_221' title='bbox 1730 5088 1902 5161; x_wconf 86' lang='lat' dir='ltr'>Phi-</span> 
     </span>
     <span class='ocr_line' id='line_1_41' title="bbox 98 5193 1891 5299; baseline 0.009 -37"><span class='ocrx_word' id='word_1_222' title='bbox 98 5275 117 5292; x_wconf 38' lang='lat'><em>„</em></span> <span class='ocrx_word' id='word_1_223' title='bbox 360 5193 746 5293; x_wconf 88' lang='lat' dir='ltr'>losophice</span> <span class='ocrx_word' id='word_1_224' title='bbox 804 5198 1213 5295; x_wconf 88' lang='lat' dir='ltr'>loquendo,</span> <span class='ocrx_word' id='word_1_225' title='bbox 1269 5210 1342 5273; x_wconf 86' lang='lat' dir='ltr'>et</span> <span class='ocrx_word' id='word_1_226' title='bbox 1410 5201 1891 5299; x_wconf 80' lang='lat' dir='ltr'>Theologice.</span> 
     </span>
     <span class='ocr_line' id='line_1_42' title="bbox 96 5281 1894 5415; baseline 0.008 -36"><span class='ocrx_word' id='word_1_227' title='bbox 96 5281 333 5415; x_wconf 52' lang='lat'>‘3223&#39;</span> <span class='ocrx_word' id='word_1_228' title='bbox 360 5309 563 5384; x_wconf 83' lang='lat' dir='ltr'>Istud</span> <span class='ocrx_word' id='word_1_229' title='bbox 628 5323 879 5388; x_wconf 86' lang='lat' dir='ltr'>tamen</span> <span class='ocrx_word' id='word_1_230' title='bbox 956 5314 1131 5389; x_wconf 81' lang='lat' dir='ltr'>facit</span> <span class='ocrx_word' id='word_1_231' title='bbox 1207 5315 1730 5393; x_wconf 76' lang='lat' dir='ltr'>difficultatem</span> <span class='ocrx_word' id='word_1_232' title='bbox 1816 5321 1894 5394; x_wconf 89' lang='lat' dir='ltr'>in</span> 
     </span>
     <span class='ocr_line' id='line_1_43' title="bbox 150 5409 1896 5529; baseline 0.009 -31"><span class='ocrx_word' id='word_1_233' title='bbox 150 5409 276 5464; x_wconf 58' lang='lat'>⁰⁶³²·</span> <span class='ocrx_word' id='word_1_234' title='bbox 359 5432 768 5526; x_wconf 85' lang='lat' dir='ltr'>propositO,</span> <span class='ocrx_word' id='word_1_235' title='bbox 879 5432 1062 5529; x_wconf 89' lang='lat' dir='ltr'>quia</span> <span class='ocrx_word' id='word_1_236' title='bbox 1132 5434 1411 5507; x_wconf 88' lang='lat' dir='ltr'>coelum</span> <span class='ocrx_word' id='word_1_237' title='bbox 1535 5439 1896 5513; x_wconf 86' lang='lat' dir='ltr'>convenit</span> 
     </span>
     <span class='ocr_line' id='line_1_44' title="bbox 355 5547 1892 5645; baseline 0.008 -31"><span class='ocrx_word' id='word_1_238' title='bbox 355 5564 528 5615; x_wconf 89' lang='lat' dir='ltr'>cum</span> <span class='ocrx_word' id='word_1_239' title='bbox 562 5547 985 5621; x_wconf 84' lang='lat' dir='ltr'>substantia</span> <span class='ocrx_word' id='word_1_240' title='bbox 1029 5547 1479 5645; x_wconf 86' lang='lat' dir='ltr'>incorporea</span> <span class='ocrx_word' id='word_1_241' title='bbox 1529 5550 1605 5623; x_wconf 89' lang='lat' dir='ltr'>in</span> <span class='ocrx_word' id='word_1_242' title='bbox 1639 5553 1892 5626; x_wconf 89' lang='lat' dir='ltr'>incor-</span> 
     </span>
     <span class='ocr_line' id='line_1_45' title="bbox 359 5663 1889 5768; baseline 0.01 -37"><span class='ocrx_word' id='word_1_243' title='bbox 359 5663 884 5758; x_wconf 86' lang='lat' dir='ltr'>ruptibilitate,</span> <span class='ocrx_word' id='word_1_244' title='bbox 931 5677 1005 5740; x_wconf 88' lang='lat' dir='ltr'>et</span> <span class='ocrx_word' id='word_1_245' title='bbox 1052 5689 1223 5741; x_wconf 88' lang='lat' dir='ltr'>cum</span> <span class='ocrx_word' id='word_1_246' title='bbox 1283 5670 1758 5768; x_wconf 88' lang='lat' dir='ltr'>corruptibili</span> <span class='ocrx_word' id='word_1_247' title='bbox 1815 5674 1889 5747; x_wconf 92' lang='lat' dir='ltr'>in</span> 
     </span>
    </p>

    <p class='ocr_par' dir='ltr' id='par_1_8' title="bbox 543 5803 885 5863">
     <span class='ocr_line' id='line_1_46' title="bbox 543 5803 885 5863; baseline 0.015 -8"><span class='ocrx_word' id='word_1_248' title='bbox 543 5803 671 5861; x_wconf 73' lang='lat' dir='ltr'>Tou.</span> <span class='ocrx_word' id='word_1_249' title='bbox 706 5805 885 5863; x_wconf 79' lang='lat' dir='ltr'>xxm</span> 
     </span>
    </p>
   </div>
   <div class='ocr_carea' id='block_1_6' title="bbox 2031 645 3926 1913">
    <p class='ocr_par' dir='ltr' id='par_1_9' title="bbox 2031 645 3926 1913">
     <span class='ocr_line' id='line_1_47' title="bbox 2040 645 3582 748; baseline 0.006 -33"><span class='ocrx_word' id='word_1_250' title='bbox 2040 645 2590 740; x_wconf 82' lang='lat' dir='ltr'>corporeitate3</span> <span class='ocrx_word' id='word_1_251' title='bbox 2638 646 2807 721; x_wconf 89' lang='lat' dir='ltr'>ideo</span> <span class='ocrx_word' id='word_1_252' title='bbox 2843 649 3119 722; x_wconf 88' lang='lat' dir='ltr'>dicitur</span> <span class='ocrx_word' id='word_1_253' title='bbox 3177 653 3380 748; x_wconf 87' lang='lat' dir='ltr'>quod</span> <span class='ocrx_word' id='word_1_254' title='bbox 3417 675 3582 748; x_wconf 85' lang='lat' dir='ltr'>pos-</span> 
     </span>
     <span class='ocr_line' id='line_1_48' title="bbox 2039 761 3582 865; baseline 0.006 -32"><span class='ocrx_word' id='word_1_255' title='bbox 2039 769 2151 833; x_wconf 85' lang='lat' dir='ltr'>set</span> <span class='ocrx_word' id='word_1_256' title='bbox 2211 761 2314 835; x_wconf 91' lang='lat' dir='ltr'>ibi</span> <span class='ocrx_word' id='word_1_257' title='bbox 2377 765 2556 860; x_wconf 88' lang='lat' dir='ltr'>poni</span> <span class='ocrx_word' id='word_1_258' title='bbox 2618 766 2898 863; x_wconf 83' lang='lat' dir='ltr'>duplex</span> <span class='ocrx_word' id='word_1_259' title='bbox 2972 768 3422 865; x_wconf 82' lang='lat' dir='ltr'>compositio</span> <span class='ocrx_word' id='word_1_260' title='bbox 3490 792 3582 843; x_wconf 84' lang='lat' dir='ltr'>ex</span> 
     </span>
     <span class='ocr_line' id='line_1_49' title="bbox 2040 877 3582 970; baseline 0.008 -25"><span class='ocrx_word' id='word_1_261' title='bbox 2040 877 2358 949; x_wconf 88' lang='lat' dir='ltr'>materia</span> <span class='ocrx_word' id='word_1_262' title='bbox 2415 888 2488 951; x_wconf 88' lang='lat' dir='ltr'>et</span> <span class='ocrx_word' id='word_1_263' title='bbox 2540 880 2805 970; x_wconf 84' lang='lat' dir='ltr'>forma,</span> <span class='ocrx_word' id='word_1_264' title='bbox 2843 884 2959 955; x_wconf 71' lang='lat' dir='ltr'>vol</span> <span class='ocrx_word' id='word_1_265' title='bbox 3024 908 3112 955; x_wconf 81' lang='lat' dir='ltr'>ex</span> <span class='ocrx_word' id='word_1_266' title='bbox 3174 883 3431 956; x_wconf 89' lang='lat' dir='ltr'>anima</span> <span class='ocrx_word' id='word_1_267' title='bbox 3508 893 3582 957; x_wconf 88' lang='lat' dir='ltr'>et</span> 
     </span>
     <span class='ocr_line' id='line_1_50' title="bbox 2037 995 3582 1094; baseline 0.007 -32"><span class='ocrx_word' id='word_1_268' title='bbox 2037 1013 2384 1087; x_wconf 85' lang='lat' dir='ltr'>corpore.</span> <span class='ocrx_word' id='word_1_269' title='bbox 2451 995 2559 1068; x_wconf 87' lang='lat' dir='ltr'>Dc</span> <span class='ocrx_word' id='word_1_270' title='bbox 2604 996 2849 1092; x_wconf 85' lang='lat' dir='ltr'>prima</span> <span class='ocrx_word' id='word_1_271' title='bbox 2889 998 3442 1094; x_wconf 82' lang='lat' dir='ltr'>compositione</span> <span class='ocrx_word' id='word_1_272' title='bbox 3478 1000 3582 1073; x_wconf 90' lang='lat' dir='ltr'>di-</span> 
     </span>
     <span class='ocr_line' id='line_1_51' title="bbox 2037 1106 3581 1209; baseline 0.006 -30"><span class='ocrx_word' id='word_1_273' title='bbox 2037 1106 2235 1180; x_wconf 86' lang='lat' dir='ltr'>citur</span> <span class='ocrx_word' id='word_1_274' title='bbox 2285 1110 2487 1205; x_wconf 89' lang='lat' dir='ltr'>quod</span> <span class='ocrx_word' id='word_1_275' title='bbox 2554 1113 3040 1209; x_wconf 86' lang='lat' dir='ltr'>componitur</span> <span class='ocrx_word' id='word_1_276' title='bbox 3115 1139 3207 1187; x_wconf 87' lang='lat' dir='ltr'>ex</span> <span class='ocrx_word' id='word_1_277' title='bbox 3265 1116 3581 1192; x_wconf 83' lang='lat' dir='ltr'>materia</span> 
     </span>
     <span class='ocr_line' id='line_1_52' title="bbox 2036 1226 3578 1325; baseline 0.004 -27"><span class='ocrx_word' id='word_1_278' title='bbox 2036 1235 2109 1298; x_wconf 89' lang='lat' dir='ltr'>et</span> <span class='ocrx_word' id='word_1_279' title='bbox 2153 1226 2417 1321; x_wconf 81' lang='lat' dir='ltr'>forma,</span> <span class='ocrx_word' id='word_1_280' title='bbox 2455 1229 2635 1325; x_wconf 88' lang='lat' dir='ltr'>quia</span> <span class='ocrx_word' id='word_1_281' title='bbox 2691 1254 2917 1305; x_wconf 87' lang='lat' dir='ltr'>omne</span> <span class='ocrx_word' id='word_1_282' title='bbox 2978 1256 3115 1305; x_wconf 85' lang='lat' dir='ltr'>ens</span> <span class='ocrx_word' id='word_1_283' title='bbox 3184 1243 3384 1325; x_wconf 86' lang='lat' dir='ltr'>actu,</span> <span class='ocrx_word' id='word_1_284' title='bbox 3458 1233 3578 1306; x_wconf 80' lang='lat' dir='ltr'>vel</span> 
     </span>
     <span class='ocr_line' id='line_1_53' title="bbox 2035 1345 3580 1440; baseline 0.005 -27"><span class='ocrx_word' id='word_1_285' title='bbox 2035 1351 2382 1435; x_wconf 82' lang='lat' dir='ltr'>aetuans,</span> <span class='ocrx_word' id='word_1_286' title='bbox 2420 1345 2540 1418; x_wconf 84' lang='lat' dir='ltr'>vel</span> <span class='ocrx_word' id='word_1_287' title='bbox 2573 1346 2864 1421; x_wconf 76' lang='lat' dir='ltr'>liabens</span> <span class='ocrx_word' id='word_1_288' title='bbox 2901 1376 2917 1440; x_wconf 92' lang='lat'><em>3</em></span> <span class='ocrx_word' id='word_1_289' title='bbox 2956 1349 3232 1422; x_wconf 82' lang='lat' dir='ltr'>coelum</span> <span class='ocrx_word' id='word_1_290' title='bbox 3266 1373 3422 1422; x_wconf 90' lang='lat' dir='ltr'>non</span> <span class='ocrx_word' id='word_1_291' title='bbox 3467 1358 3580 1423; x_wconf 89' lang='lat' dir='ltr'>est</span> 
     </span>
     <span class='ocr_line' id='line_1_54' title="bbox 2034 1463 3579 1558; baseline 0.007 -30"><span class='ocrx_word' id='word_1_292' title='bbox 2034 1466 2250 1530; x_wconf 79' lang='lat' dir='ltr'>actus</span> <span class='ocrx_word' id='word_1_293' title='bbox 2305 1468 2628 1553; x_wconf 86' lang='lat' dir='ltr'>tantum,</span> <span class='ocrx_word' id='word_1_294' title='bbox 2693 1463 2875 1558; x_wconf 82' lang='lat' dir='ltr'>quia</span> <span class='ocrx_word' id='word_1_295' title='bbox 2950 1465 3056 1535; x_wconf 81' lang='lat' dir='ltr'>sic</span> <span class='ocrx_word' id='word_1_296' title='bbox 3135 1474 3337 1538; x_wconf 87' lang='lat' dir='ltr'>esset</span> <span class='ocrx_word' id='word_1_297' title='bbox 3406 1466 3579 1539; x_wconf 88' lang='lat' dir='ltr'>sub-</span> 
     </span>
     <span class='ocr_line' id='line_1_55' title="bbox 2034 1574 3578 1670; baseline 0.006 -25"><span class='ocrx_word' id='word_1_298' title='bbox 2034 1574 2313 1648; x_wconf 86' lang='lat' dir='ltr'>stantia</span> <span class='ocrx_word' id='word_1_299' title='bbox 2341 1586 2513 1650; x_wconf 83' lang='lat' dir='ltr'>actu</span> <span class='ocrx_word' id='word_1_300' title='bbox 2556 1576 2884 1670; x_wconf 82' lang='lat' dir='ltr'>infinita,</span> <span class='ocrx_word' id='word_1_301' title='bbox 2925 1604 3064 1653; x_wconf 87' lang='lat' dir='ltr'>nec</span> <span class='ocrx_word' id='word_1_302' title='bbox 3099 1591 3299 1655; x_wconf 82' lang='lat' dir='ltr'>esset</span> <span class='ocrx_word' id='word_1_303' title='bbox 3341 1582 3578 1656; x_wconf 84' lang='lat' dir='ltr'>sensi·</span> 
     </span>
     <span class='ocr_line' id='line_1_56' title="bbox 2031 1689 3077 1787; baseline 0.006 -24"><span class='ocrx_word' id='word_1_304' title='bbox 2031 1689 2182 1764; x_wconf 88' lang='lat' dir='ltr'>bile</span> <span class='ocrx_word' id='word_1_305' title='bbox 2215 1719 2232 1783; x_wconf 98' lang='lat'><em>3</em></span> <span class='ocrx_word' id='word_1_306' title='bbox 2274 1691 2503 1787; x_wconf 76' lang='lat' dir='ltr'>igitur</span> <span class='ocrx_word' id='word_1_307' title='bbox 2535 1695 2763 1768; x_wconf 86' lang='lat' dir='ltr'>habet</span> <span class='ocrx_word' id='word_1_308' title='bbox 2797 1708 3077 1769; x_wconf 88' lang='lat' dir='ltr'>actum.</span> 
     </span>
     <span class='ocr_line' id='line_1_57' title="bbox 2129 1807 3926 1913; baseline 0.008 -33"><span class='ocrx_word' id='word_1_309' title='bbox 2129 1807 2278 1880; x_wconf 85' lang='lat' dir='ltr'>Sed</span> <span class='ocrx_word' id='word_1_310' title='bbox 2311 1811 2698 1904; x_wconf 84' lang='lat' dir='ltr'>quomodo</span> <span class='ocrx_word' id='word_1_311' title='bbox 2733 1822 2845 1884; x_wconf 80' lang='lat' dir='ltr'>est</span> <span class='ocrx_word' id='word_1_312' title='bbox 2913 1814 3494 1913; x_wconf 84' lang='lat' dir='ltr'>incorruptibile</span> <span class='ocrx_word' id='word_1_313' title='bbox 3533 1816 3572 1888; x_wconf 73' lang='lat'>‘2</span> <span class='ocrx_word' id='word_1_314' title='bbox 3604 1829 3796 1893; x_wconf 85' lang='lat' dir='ltr'>opinio</span> <span class='ocrx_word' id='word_1_315' title='bbox 3833 1830 3926 1879; x_wconf 81' lang='lat' dir='ltr'>AE·</span> 
     </span>
    </p>
   </div>
   <div class='ocr_carea' id='block_1_7' title="bbox 2032 1893 3898 2025">
    <p class='ocr_par' dir='ltr' id='par_1_10' title="bbox 2032 1893 3898 2025">
     <span class='ocr_line' id='line_1_58' title="bbox 2032 1893 3898 2025; baseline 0.005 -30"><span class='ocrx_word' id='word_1_316' title='bbox 2032 1923 2326 1997; x_wconf 85' lang='lat' dir='ltr'>Dicitur</span> <span class='ocrx_word' id='word_1_317' title='bbox 2380 1929 2582 2022; x_wconf 84' lang='lat' dir='ltr'>quod</span> <span class='ocrx_word' id='word_1_318' title='bbox 2654 1930 2837 2025; x_wconf 83' lang='lat' dir='ltr'>quia</span> <span class='ocrx_word' id='word_1_319' title='bbox 2891 1932 3134 2005; x_wconf 84' lang='lat' dir='ltr'>forma</span> <span class='ocrx_word' id='word_1_320' title='bbox 3192 1957 3332 2007; x_wconf 86' lang='lat' dir='ltr'>sua</span> <span class='ocrx_word' id='word_1_321' title='bbox 3415 1944 3571 2007; x_wconf 84' lang='lat' dir='ltr'>ter-</span> <span class='ocrx_word' id='word_1_322' title='bbox 3628 1893 3766 2005; x_wconf 52' lang='lat' dir='ltr'>gigni</span> <span class='ocrx_word' id='word_1_323' title='bbox 3796 1896 3898 2005; x_wconf 55' lang='lat'>{1¹5</span> 
     </span>
    </p>
   </div>
   <div class='ocr_carea' id='block_1_8' title="bbox 2026 2022 3911 2887">
    <p class='ocr_par' dir='ltr' id='par_1_11' title="bbox 2026 2022 3880 2722">
     <span class='ocr_line' id='line_1_59' title="bbox 2032 2022 3880 2145; baseline 0.011 -34"><span class='ocrx_word' id='word_1_324' title='bbox 2032 2039 2269 2114; x_wconf 84' lang='lat' dir='ltr'>minat</span> <span class='ocrx_word' id='word_1_325' title='bbox 2344 2044 2766 2139; x_wconf 77' lang='lat' dir='ltr'>appetitum</span> <span class='ocrx_word' id='word_1_326' title='bbox 2859 2057 3093 2120; x_wconf 89' lang='lat' dir='ltr'>totum</span> <span class='ocrx_word' id='word_1_327' title='bbox 3195 2050 3563 2145; x_wconf 76' lang='lat' dir='ltr'>materiae,</span> <span class='ocrx_word' id='word_1_328' title='bbox 3657 2022 3880 2131; x_wconf 46' lang='lat' dir='ltr'>moggus</span> 
     </span>
     <span class='ocr_line' id='line_1_60' title="bbox 2027 2155 3571 2261; baseline 0.009 -35"><span class='ocrx_word' id='word_1_329' title='bbox 2027 2155 2197 2229; x_wconf 90' lang='lat' dir='ltr'>ideo</span> <span class='ocrx_word' id='word_1_330' title='bbox 2231 2159 2564 2231; x_wconf 87' lang='lat' dir='ltr'>excludit</span> <span class='ocrx_word' id='word_1_331' title='bbox 2604 2185 2875 2235; x_wconf 87' lang='lat' dir='ltr'>omnes</span> <span class='ocrx_word' id='word_1_332' title='bbox 2930 2164 3401 2261; x_wconf 79' lang='lat' dir='ltr'>privationes</span> <span class='ocrx_word' id='word_1_333' title='bbox 3442 2195 3459 2259; x_wconf 98' lang='lat'><em>3</em></span> <span class='ocrx_word' id='word_1_334' title='bbox 3498 2176 3571 2240; x_wconf 88' lang='lat' dir='ltr'>et</span> 
     </span>
     <span class='ocr_line' id='line_1_61' title="bbox 2026 2272 3570 2377; baseline 0.009 -33"><span class='ocrx_word' id='word_1_335' title='bbox 2026 2272 2197 2345; x_wconf 88' lang='lat' dir='ltr'>ideo</span> <span class='ocrx_word' id='word_1_336' title='bbox 2234 2298 2386 2347; x_wconf 88' lang='lat' dir='ltr'>non</span> <span class='ocrx_word' id='word_1_337' title='bbox 2422 2277 2770 2353; x_wconf 78' lang='lat' dir='ltr'>obstante</span> <span class='ocrx_word' id='word_1_338' title='bbox 2831 2281 3034 2377; x_wconf 88' lang='lat' dir='ltr'>quod</span> <span class='ocrx_word' id='word_1_339' title='bbox 3119 2283 3434 2356; x_wconf 86' lang='lat' dir='ltr'>materia</span> <span class='ocrx_word' id='word_1_340' title='bbox 3473 2285 3570 2357; x_wconf 85' lang='lat' dir='ltr'>sit</span> 
     </span>
     <span class='ocr_line' id='line_1_62' title="bbox 2026 2388 3570 2485; baseline 0.009 -23"><span class='ocrx_word' id='word_1_341' title='bbox 2026 2388 2370 2482; x_wconf 83' lang='lat' dir='ltr'>ejusdem</span> <span class='ocrx_word' id='word_1_342' title='bbox 2409 2394 2724 2468; x_wconf 84' lang='lat' dir='ltr'>rationis</span> <span class='ocrx_word' id='word_1_343' title='bbox 2780 2397 2854 2468; x_wconf 92' lang='lat' dir='ltr'>in</span> <span class='ocrx_word' id='word_1_344' title='bbox 2914 2400 3131 2485; x_wconf 77' lang='lat' dir='ltr'>coeto,</span> <span class='ocrx_word' id='word_1_345' title='bbox 3179 2410 3252 2473; x_wconf 92' lang='lat' dir='ltr'>et</span> <span class='ocrx_word' id='word_1_346' title='bbox 3291 2400 3366 2471; x_wconf 93' lang='lat' dir='ltr'>in</span> <span class='ocrx_word' id='word_1_347' title='bbox 3404 2401 3570 2476; x_wconf 88' lang='lat' dir='ltr'>istis</span> 
     </span>
     <span class='ocr_line' id='line_1_63' title="bbox 2026 2509 3567 2605; baseline 0.007 -25"><span class='ocrx_word' id='word_1_348' title='bbox 2026 2509 2684 2605; x_wconf 75' lang='lat' dir='ltr'>coi·ruptihilibuS‚</span> <span class='ocrx_word' id='word_1_349' title='bbox 2723 2514 2972 2587; x_wconf 80' lang='lat' dir='ltr'>adhuc</span> <span class='ocrx_word' id='word_1_350' title='bbox 3007 2519 3284 2590; x_wconf 86' lang='lat' dir='ltr'>coelum</span> <span class='ocrx_word' id='word_1_351' title='bbox 3315 2526 3431 2592; x_wconf 85' lang='lat' dir='ltr'>est</span> <span class='ocrx_word' id='word_1_352' title='bbox 3461 2519 3567 2591; x_wconf 92' lang='lat' dir='ltr'>in-</span> 
     </span>
     <span class='ocr_line' id='line_1_64' title="bbox 2026 2627 2551 2722; baseline 0.008 -27"><span class='ocrx_word' id='word_1_353' title='bbox 2026 2627 2551 2722; x_wconf 87' lang='lat' dir='ltr'>corruptibile.</span> 
     </span>
    </p>

    <p class='ocr_par' dir='ltr' id='par_1_12' title="bbox 2120 2741 3911 2887">
     <span class='ocr_line' id='line_1_65' title="bbox 2120 2741 3911 2887; baseline 0.011 -75"><span class='ocrx_word' id='word_1_354' title='bbox 2120 2741 2264 2814; x_wconf 86' lang='lat' dir='ltr'>Alii</span> <span class='ocrx_word' id='word_1_355' title='bbox 2343 2743 2609 2818; x_wconf 89' lang='lat' dir='ltr'>dicunt</span> <span class='ocrx_word' id='word_1_356' title='bbox 2687 2750 3032 2823; x_wconf 88' lang='lat' dir='ltr'>eamdem</span> <span class='ocrx_word' id='word_1_357' title='bbox 3130 2753 3566 2827; x_wconf 85' lang='lat' dir='ltr'>conclusio—</span> <span class='ocrx_word' id='word_1_358' title='bbox 3594 2759 3655 2886; x_wconf 32' lang='grc' dir='ltr'>ξ’·</span> <span class='ocrx_word' id='word_1_359' title='bbox 3681 2759 3911 2887; x_wconf 40' lang='grc' dir='ltr'>ιῗῡᾳῆῐὲὀ.</span> 
     </span>
    </p>
   </div>
   <div class='ocr_carea' id='block_1_9' title="bbox 2022 2860 3572 3865">
    <p class='ocr_par' dir='ltr' id='par_1_13' title="bbox 2022 2860 3572 3865">
     <span class='ocr_line' id='line_1_66' title="bbox 2024 2860 3565 2955; baseline 0.01 -27"><span class='ocrx_word' id='word_1_360' title='bbox 2024 2881 2233 2949; x_wconf 87' lang='lat' dir='ltr'>nem,</span> <span class='ocrx_word' id='word_1_361' title='bbox 2271 2860 2738 2955; x_wconf 79' lang='lat' dir='ltr'>assignando</span> <span class='ocrx_word' id='word_1_362' title='bbox 2774 2866 3002 2938; x_wconf 85' lang='lat' dir='ltr'>aliam</span> <span class='ocrx_word' id='word_1_363' title='bbox 3074 2892 3384 2942; x_wconf 83' lang='lat' dir='ltr'>causam</span> <span class='ocrx_word' id='word_1_364' title='bbox 3441 2870 3565 2942; x_wconf 87' lang='lat' dir='ltr'>in-</span> 
     </span>
     <span class='ocr_line' id='line_1_67' title="bbox 2023 2974 3567 3081; baseline 0.008 -35"><span class='ocrx_word' id='word_1_365' title='bbox 2023 2974 2710 3072; x_wconf 71' lang='lat' dir='ltr'>corruptibilitati3‚</span> <span class='ocrx_word' id='word_1_366' title='bbox 2757 2981 3046 3056; x_wconf 83' lang='lat' dir='ltr'>scilicet</span> <span class='ocrx_word' id='word_1_367' title='bbox 3089 2994 3396 3081; x_wconf 86' lang='lat' dir='ltr'>propter</span> <span class='ocrx_word' id='word_1_368' title='bbox 3437 3009 3567 3059; x_wconf 88' lang='lat' dir='ltr'>ca-</span> 
     </span>
     <span class='ocr_line' id='line_1_68' title="bbox 2024 3090 3569 3197; baseline 0.008 -37"><span class='ocrx_word' id='word_1_369' title='bbox 2024 3090 2352 3162; x_wconf 87' lang='lat' dir='ltr'>rentiam</span> <span class='ocrx_word' id='word_1_370' title='bbox 2389 3095 2777 3167; x_wconf 86' lang='lat' dir='ltr'>contrarii.</span> <span class='ocrx_word' id='word_1_371' title='bbox 2822 3098 2904 3170; x_wconf 86' lang='lat' dir='ltr'>Et</span> <span class='ocrx_word' id='word_1_372' title='bbox 2950 3097 3075 3171; x_wconf 88' lang='lat' dir='ltr'>illa</span> <span class='ocrx_word' id='word_1_373' title='bbox 3107 3099 3367 3197; x_wconf 89' lang='lat' dir='ltr'>opinio</span> <span class='ocrx_word' id='word_1_374' title='bbox 3421 3101 3569 3173; x_wconf 91' lang='lat' dir='ltr'>mi-</span> 
     </span>
     <span class='ocr_line' id='line_1_69' title="bbox 2025 3207 3572 3315; baseline 0.008 -39"><span class='ocrx_word' id='word_1_375' title='bbox 2025 3230 2173 3278; x_wconf 84' lang='lat' dir='ltr'>nus</span> <span class='ocrx_word' id='word_1_376' title='bbox 2205 3207 2449 3304; x_wconf 84' lang='lat' dir='ltr'>ponit,</span> <span class='ocrx_word' id='word_1_377' title='bbox 2497 3210 2680 3305; x_wconf 88' lang='lat' dir='ltr'>quia</span> <span class='ocrx_word' id='word_1_378' title='bbox 2723 3236 2876 3284; x_wconf 86' lang='lat' dir='ltr'>non</span> <span class='ocrx_word' id='word_1_379' title='bbox 2925 3215 3141 3309; x_wconf 86' lang='lat' dir='ltr'>ponit</span> <span class='ocrx_word' id='word_1_380' title='bbox 3171 3216 3572 3315; x_wconf 81' lang='lat' dir='ltr'>quodfer-</span> 
     </span>
     <span class='ocr_line' id='line_1_70' title="bbox 2030 3324 3565 3427; baseline 0.008 -34"><span class='ocrx_word' id='word_1_381' title='bbox 2030 3346 2151 3395; x_wconf 89' lang='lat' dir='ltr'>ma</span> <span class='ocrx_word' id='word_1_382' title='bbox 2192 3324 2362 3396; x_wconf 81' lang='lat' dir='ltr'>coeli</span> <span class='ocrx_word' id='word_1_383' title='bbox 2392 3327 2725 3399; x_wconf 81' lang='lat' dir='ltr'>excludit</span> <span class='ocrx_word' id='word_1_384' title='bbox 2761 3331 3565 3427; x_wconf 85' lang='lat' dir='ltr'>onmesprivationes3</span> 
     </span>
     <span class='ocr_line' id='line_1_71' title="bbox 2023 3439 3571 3522; baseline 0.007 -11"><span class='ocrx_word' id='word_1_385' title='bbox 2023 3439 2156 3511; x_wconf 88' lang='lat' dir='ltr'>sed</span> <span class='ocrx_word' id='word_1_386' title='bbox 2201 3439 2482 3513; x_wconf 75' lang='lat' dir='ltr'>sufficit</span> <span class='ocrx_word' id='word_1_387' title='bbox 2525 3445 2862 3518; x_wconf 83' lang='lat' dir='ltr'>carentia</span> <span class='ocrx_word' id='word_1_388' title='bbox 2901 3450 3265 3521; x_wconf 86' lang='lat' dir='ltr'>contrarii</span> <span class='ocrx_word' id='word_1_389' title='bbox 3298 3451 3388 3522; x_wconf 91' lang='lat' dir='ltr'>ad</span> <span class='ocrx_word' id='word_1_390' title='bbox 3428 3449 3571 3522; x_wconf 88' lang='lat' dir='ltr'>hoc</span> 
     </span>
     <span class='ocr_line' id='line_1_72' title="bbox 2023 3556 3565 3664; baseline 0.012 -38"><span class='ocrx_word' id='word_1_391' title='bbox 2023 3556 2230 3651; x_wconf 88' lang='lat' dir='ltr'>quod</span> <span class='ocrx_word' id='word_1_392' title='bbox 2273 3559 2563 3631; x_wconf 81' lang='lat' dir='ltr'>salvetu</span> <span class='ocrx_word' id='word_1_393' title='bbox 2583 3584 2613 3630; x_wconf 92' lang='lat' dir='ltr'>r</span> <span class='ocrx_word' id='word_1_394' title='bbox 2650 3562 2816 3658; x_wconf 87' lang='lat' dir='ltr'>ejus</span> <span class='ocrx_word' id='word_1_395' title='bbox 2860 3563 3565 3664; x_wconf 80' lang='lat' dir='ltr'>incorruptibilitaS,</span> 
     </span>
     <span class='ocr_line' id='line_1_73' title="bbox 2024 3674 3569 3782; baseline 0.012 -39"><span class='ocrx_word' id='word_1_396' title='bbox 2024 3695 2176 3745; x_wconf 91' lang='lat' dir='ltr'>non</span> <span class='ocrx_word' id='word_1_397' title='bbox 2214 3674 2562 3750; x_wconf 85' lang='lat' dir='ltr'>obstante</span> <span class='ocrx_word' id='word_1_398' title='bbox 2598 3680 2798 3774; x_wconf 87' lang='lat' dir='ltr'>quod</span> <span class='ocrx_word' id='word_1_399' title='bbox 2842 3683 3153 3756; x_wconf 88' lang='lat' dir='ltr'>materia</span> <span class='ocrx_word' id='word_1_400' title='bbox 3209 3685 3303 3757; x_wconf 87' lang='lat' dir='ltr'>sit.</span> <span class='ocrx_word' id='word_1_401' title='bbox 3356 3685 3569 3782; x_wconf 90' lang='lat' dir='ltr'>ejus-</span> 
     </span>
     <span class='ocr_line' id='line_1_74' title="bbox 2022 3788 2586 3865; baseline 0.012 -7"><span class='ocrx_word' id='word_1_402' title='bbox 2022 3788 2193 3860; x_wconf 87' lang='lat' dir='ltr'>dem</span> <span class='ocrx_word' id='word_1_403' title='bbox 2246 3791 2586 3865; x_wconf 77' lang='lat' dir='ltr'>raticmis.</span> 
     </span>
    </p>
   </div>
   <div class='ocr_carea' id='block_1_10' title="bbox 2556 4091 3025 4151">
    <p class='ocr_par' dir='ltr' id='par_1_14' title="bbox 2556 4091 3025 4151">
     <span class='ocr_line' id='line_1_75' title="bbox 2556 4091 3025 4151; baseline 0.013 -6"><span class='ocrx_word' id='word_1_404' title='bbox 2556 4091 2915 4150; x_wconf 82' lang='lat' dir='ltr'>SCHOLIUM</span> <span class='ocrx_word' id='word_1_405' title='bbox 2960 4098 3025 4151; x_wconf 89' lang='lat' dir='ltr'>ll.</span> 
     </span>
    </p>
   </div>
   <div class='ocr_carea' id='block_1_11' title="bbox 2004 4237 3561 5575">
    <p class='ocr_par' dir='ltr' id='par_1_15' title="bbox 2004 4237 3561 5575">
     <span class='ocr_line' id='line_1_76' title="bbox 2093 4237 3561 4324; baseline 0.012 -34"><span class='ocrx_word' id='word_1_406' title='bbox 2093 4237 2254 4292; x_wconf 83' lang='lat' dir='ltr'>Ratio</span> <span class='ocrx_word' id='word_1_407' title='bbox 2299 4239 2637 4309; x_wconf 80' lang='lat' dir='ltr'>supradicta</span> <span class='ocrx_word' id='word_1_408' title='bbox 2687 4241 2892 4312; x_wconf 78' lang='lat' dir='ltr'>AEgidii</span> <span class='ocrx_word' id='word_1_409' title='bbox 2949 4244 3046 4314; x_wconf 79' lang='lat' dir='ltr'>pro</span> <span class='ocrx_word' id='word_1_410' title='bbox 3095 4245 3220 4302; x_wconf 86' lang='lat' dir='ltr'>coeli</span> <span class='ocrx_word' id='word_1_411' title='bbox 3267 4250 3561 4324; x_wconf 86' lang='lat' dir='ltr'>incorrup-</span> 
     </span>
     <span class='ocr_line' id='line_1_77' title="bbox 2019 4325 3561 4402; baseline 0.013 -24"><span class='ocrx_word' id='word_1_412' title='bbox 2019 4325 2193 4389; x_wconf 86' lang='lat' dir='ltr'>tione,</span> <span class='ocrx_word' id='word_1_413' title='bbox 2224 4328 2356 4398; x_wconf 83' lang='lat' dir='ltr'>quia</span> <span class='ocrx_word' id='word_1_414' title='bbox 2380 4329 2508 4398; x_wconf 80' lang='lat' dir='ltr'>ejus</span> <span class='ocrx_word' id='word_1_415' title='bbox 2532 4330 2887 4386; x_wconf 83' lang='lat' dir='ltr'>lormatollit</span> <span class='ocrx_word' id='word_1_416' title='bbox 2920 4334 3267 4402; x_wconf 79' lang='lat' dir='ltr'>privationes</span> <span class='ocrx_word' id='word_1_417' title='bbox 3300 4341 3561 4398; x_wconf 89' lang='lat' dir='ltr'>omnium</span> 
     </span>
     <span class='ocr_line' id='line_1_78' title="bbox 2017 4415 3558 4500; baseline 0.012 -30"><span class='ocrx_word' id='word_1_418' title='bbox 2017 4415 2261 4470; x_wconf 70' lang='lat' dir='ltr'>aliarum</span> <span class='ocrx_word' id='word_1_419' title='bbox 2301 4418 2634 4484; x_wconf 80' lang='lat' dir='ltr'>formarum,</span> <span class='ocrx_word' id='word_1_420' title='bbox 2673 4421 2933 4490; x_wconf 68' lang='lat' dir='ltr'>rejicitur</span> <span class='ocrx_word' id='word_1_421' title='bbox 2967 4430 3218 4494; x_wconf 86' lang='lat' dir='ltr'>quatuor</span> <span class='ocrx_word' id='word_1_422' title='bbox 3252 4446 3558 4500; x_wconf 74' lang='lat' dir='ltr'>argumen-</span> 
     </span>
     <span class='ocr_line' id='line_1_79' title="bbox 2016 4505 3555 4587; baseline 0.012 -27"><span class='ocrx_word' id='word_1_423' title='bbox 2016 4505 2088 4561; x_wconf 87' lang='lat' dir='ltr'>tis</span> <span class='ocrx_word' id='word_1_424' title='bbox 2149 4506 2335 4572; x_wconf 70' lang='lat' dir='ltr'>claris,</span> <span class='ocrx_word' id='word_1_425' title='bbox 2396 4525 2463 4564; x_wconf 85' lang='lat' dir='ltr'>ex</span> <span class='ocrx_word' id='word_1_426' title='bbox 2522 4511 2735 4580; x_wconf 85' lang='lat' dir='ltr'>quibus</span> <span class='ocrx_word' id='word_1_427' title='bbox 2793 4512 2964 4568; x_wconf 82' lang='lat' dir='ltr'>ctiam</span> <span class='ocrx_word' id='word_1_428' title='bbox 3023 4516 3282 4587; x_wconf 77' lang='lat' dir='ltr'>rejicitur</span> <span class='ocrx_word' id='word_1_429' title='bbox 3315 4521 3456 4578; x_wconf 78' lang='lat' dir='ltr'>ratio</span> <span class='ocrx_word' id='word_1_430' title='bbox 3493 4528 3555 4580; x_wconf 89' lang='lat' dir='ltr'>D.</span> 
     </span>
     <span class='ocr_line' id='line_1_80' title="bbox 2014 4595 3559 4682; baseline 0.014 -34"><span class='ocrx_word' id='word_1_431' title='bbox 2014 4595 2270 4657; x_wconf 80' lang='lat' dir='ltr'>Thomae.</span> <span class='ocrx_word' id='word_1_432' title='bbox 2329 4603 2642 4653; x_wconf 81' lang='lat' dir='ltr'>asserentis</span> <span class='ocrx_word' id='word_1_433' title='bbox 2710 4617 2833 4654; x_wconf 64' lang='lat' dir='ltr'>esse</span> <span class='ocrx_word' id='word_1_434' title='bbox 2909 4602 3361 4676; x_wconf 86' lang='lat' dir='ltr'>incorruptibile,</span> <span class='ocrx_word' id='word_1_435' title='bbox 3422 4613 3559 4682; x_wconf 77' lang='lat' dir='ltr'>quia</span> 
     </span>
     <span class='ocr_line' id='line_1_81' title="bbox 2013 4686 3557 4771; baseline 0.013 -34"><span class='ocrx_word' id='word_1_436' title='bbox 2013 4692 2170 4739; x_wconf 85' lang='lat' dir='ltr'>caret</span> <span class='ocrx_word' id='word_1_437' title='bbox 2218 4686 2528 4753; x_wconf 77' lang='lat' dir='ltr'>contrarie,</span> <span class='ocrx_word' id='word_1_438' title='bbox 2589 4694 2644 4742; x_wconf 83' lang='lat' dir='ltr'>et</span> <span class='ocrx_word' id='word_1_439' title='bbox 2703 4689 2839 4759; x_wconf 85' lang='lat' dir='ltr'>quia</span> <span class='ocrx_word' id='word_1_440' title='bbox 2920 4692 3302 4765; x_wconf 76' lang='lat' dir='ltr'>Philosophus</span> <span class='ocrx_word' id='word_1_441' title='bbox 3363 4702 3557 4771; x_wconf 83' lang='lat' dir='ltr'>posuit</span> 
     </span>
     <span class='ocr_line' id='line_1_82' title="bbox 2012 4774 3552 4858; baseline 0.012 -32"><span class='ocrx_word' id='word_1_442' title='bbox 2012 4774 2162 4843; x_wconf 88' lang='lat' dir='ltr'>quod</span> <span class='ocrx_word' id='word_1_443' title='bbox 2192 4790 2365 4828; x_wconf 87' lang='lat' dir='ltr'>omne</span> <span class='ocrx_word' id='word_1_444' title='bbox 2391 4776 2769 4846; x_wconf 81' lang='lat' dir='ltr'>corruptibile</span> <span class='ocrx_word' id='word_1_445' title='bbox 2791 4779 3020 4835; x_wconf 83' lang='lat' dir='ltr'>tandem</span> <span class='ocrx_word' id='word_1_446' title='bbox 3057 4794 3552 4858; x_wconf 85' lang='lat' dir='ltr'>corrumperetur,</span> 
     </span>
     <span class='ocr_line' id='line_1_83' title="bbox 2012 4862 3554 4948; baseline 0.014 -35"><span class='ocrx_word' id='word_1_447' title='bbox 2012 4862 2145 4930; x_wconf 80' lang='lat' dir='ltr'>quia</span> <span class='ocrx_word' id='word_1_448' title='bbox 2181 4865 2497 4918; x_wconf 77' lang='lat' dir='ltr'>secundum</span> <span class='ocrx_word' id='word_1_449' title='bbox 2559 4880 2716 4930; x_wconf 87' lang='lat' dir='ltr'>eum,</span> <span class='ocrx_word' id='word_1_450' title='bbox 2776 4870 2935 4922; x_wconf 89' lang='lat' dir='ltr'>omni</span> <span class='ocrx_word' id='word_1_451' title='bbox 2991 4876 3259 4939; x_wconf 82' lang='lat' dir='ltr'>potentiae</span> <span class='ocrx_word' id='word_1_452' title='bbox 3323 4881 3554 4948; x_wconf 72' lang='lat' dir='ltr'>passivae</span> 
     </span>
     <span class='ocr_line' id='line_1_84' title="bbox 2012 4953 3552 5024; baseline 0.013 -20"><span class='ocrx_word' id='word_1_453' title='bbox 2012 4953 2423 5022; x_wconf 82' lang='lat' dir='ltr'>correspondet</span> <span class='ocrx_word' id='word_1_454' title='bbox 2452 4953 2637 5009; x_wconf 75' lang='lat' dir='ltr'>activa</span> <span class='ocrx_word' id='word_1_455' title='bbox 2670 4956 2725 5010; x_wconf 90' lang='lat' dir='ltr'>in</span> <span class='ocrx_word' id='word_1_456' title='bbox 2761 4963 2991 5013; x_wconf 84' lang='lat' dir='ltr'>natura.</span> <span class='ocrx_word' id='word_1_457' title='bbox 3021 4961 3128 5015; x_wconf 85' lang='lat' dir='ltr'>Alii</span> <span class='ocrx_word' id='word_1_458' title='bbox 3173 4964 3376 5020; x_wconf 84' lang='lat' dir='ltr'>dicunt</span> <span class='ocrx_word' id='word_1_459' title='bbox 3427 4985 3552 5024; x_wconf 87' lang='lat' dir='ltr'>ma-</span> 
     </span>
     <span class='ocr_line' id='line_1_85' title="bbox 2008 5043 3546 5120; baseline 0.014 -22"><span class='ocrx_word' id='word_1_460' title='bbox 2008 5043 2216 5099; x_wconf 77' lang='lat' dir='ltr'>terium</span> <span class='ocrx_word' id='word_1_461' title='bbox 2250 5044 2373 5100; x_wconf 87' lang='lat' dir='ltr'>coeli</span> <span class='ocrx_word' id='word_1_462' title='bbox 2403 5063 2530 5101; x_wconf 80' lang='lat' dir='ltr'>esse</span> <span class='ocrx_word' id='word_1_463' title='bbox 2561 5047 2799 5104; x_wconf 79' lang='lat' dir='ltr'>alterius</span> <span class='ocrx_word' id='word_1_464' title='bbox 2827 5053 3085 5110; x_wconf 79' lang='lat' dir='ltr'>rationis,</span> <span class='ocrx_word' id='word_1_465' title='bbox 3139 5056 3247 5111; x_wconf 88' lang='lat' dir='ltr'>Sed</span> <span class='ocrx_word' id='word_1_466' title='bbox 3303 5060 3410 5116; x_wconf 86' lang='lat' dir='ltr'>hoc</span> <span class='ocrx_word' id='word_1_467' title='bbox 3463 5073 3546 5120; x_wconf 81' lang='lat' dir='ltr'>est</span> 
     </span>
     <span class='ocr_line' id='line_1_86' title="bbox 2006 5134 3551 5214; baseline 0.015 -28"><span class='ocrx_word' id='word_1_468' title='bbox 2006 5138 2209 5188; x_wconf 82' lang='lat' dir='ltr'>contra</span> <span class='ocrx_word' id='word_1_469' title='bbox 2244 5134 2684 5206; x_wconf 79' lang='lat' dir='ltr'>Philosophum.</span> <span class='ocrx_word' id='word_1_470' title='bbox 2728 5140 2859 5210; x_wconf 80' lang='lat' dir='ltr'>quia</span> <span class='ocrx_word' id='word_1_471' title='bbox 2897 5159 3010 5197; x_wconf 92' lang='lat' dir='ltr'>non</span> <span class='ocrx_word' id='word_1_472' title='bbox 3053 5144 3183 5214; x_wconf 86' lang='lat' dir='ltr'>plus</span> <span class='ocrx_word' id='word_1_473' title='bbox 3217 5152 3551 5210; x_wconf 82' lang='lat' dir='ltr'>concederet</span> 
     </span>
     <span class='ocr_line' id='line_1_87' title="bbox 2005 5225 3546 5305; baseline 0.014 -26"><span class='ocrx_word' id='word_1_474' title='bbox 2005 5225 2147 5279; x_wconf 85' lang='lat' dir='ltr'>duas</span> <span class='ocrx_word' id='word_1_475' title='bbox 2184 5227 2452 5282; x_wconf 79' lang='lat' dir='ltr'>materias</span> <span class='ocrx_word' id='word_1_476' title='bbox 2484 5229 2702 5300; x_wconf 82' lang='lat' dir='ltr'>primas</span> <span class='ocrx_word' id='word_1_477' title='bbox 2736 5231 3017 5298; x_wconf 62' lang='lat' dir='ltr'>diversam,</span> <span class='ocrx_word' id='word_1_478' title='bbox 3053 5252 3225 5305; x_wconf 78' lang='lat' dir='ltr'>quam</span> <span class='ocrx_word' id='word_1_479' title='bbox 3260 5241 3373 5296; x_wconf 88' lang='lat' dir='ltr'>duo</span> <span class='ocrx_word' id='word_1_480' title='bbox 3423 5245 3546 5299; x_wconf 79' lang='lat' dir='ltr'>effi-</span> 
     </span>
     <span class='ocr_line' id='line_1_88' title="bbox 2004 5315 3543 5405; baseline 0.014 -36"><span class='ocrx_word' id='word_1_481' title='bbox 2004 5315 2214 5370; x_wconf 81' lang='lat' dir='ltr'>cientia</span> <span class='ocrx_word' id='word_1_482' title='bbox 2238 5317 2444 5387; x_wconf 83' lang='lat' dir='ltr'>prima,</span> <span class='ocrx_word' id='word_1_483' title='bbox 2471 5320 2730 5390; x_wconf 78' lang='lat' dir='ltr'>duosque</span> <span class='ocrx_word' id='word_1_484' title='bbox 2756 5320 2898 5376; x_wconf 82' lang='lat' dir='ltr'>fines</span> <span class='ocrx_word' id='word_1_485' title='bbox 2932 5324 3205 5387; x_wconf 70' lang='lat' dir='ltr'>diversos.</span> <span class='ocrx_word' id='word_1_486' title='bbox 3241 5334 3543 5405; x_wconf 81' lang='lat' dir='ltr'>Praeterea,</span> 
     </span>
     <span class='ocr_line' id='line_1_89' title="bbox 2004 5403 3544 5481; baseline 0.014 -22"><span class='ocrx_word' id='word_1_487' title='bbox 2004 5403 2227 5476; x_wconf 77' lang='lat' dir='ltr'>opertet</span> <span class='ocrx_word' id='word_1_488' title='bbox 2261 5409 2450 5463; x_wconf 86' lang='lat' dir='ltr'>dicere</span> <span class='ocrx_word' id='word_1_489' title='bbox 2485 5415 2560 5464; x_wconf 89' lang='lat' dir='ltr'>tot</span> <span class='ocrx_word' id='word_1_490' title='bbox 2612 5427 2738 5466; x_wconf 79' lang='lat' dir='ltr'>esse</span> <span class='ocrx_word' id='word_1_491' title='bbox 2783 5412 3018 5468; x_wconf 60' lang='lat' dir='ltr'>diversa-3</span> <span class='ocrx_word' id='word_1_492' title='bbox 3075 5419 3316 5475; x_wconf 82' lang='lat' dir='ltr'>rationis</span> <span class='ocrx_word' id='word_1_493' title='bbox 3372 5430 3544 5481; x_wconf 86' lang='lat' dir='ltr'>mate-</span> 
     </span>
     <span class='ocr_line' id='line_1_90' title="bbox 2004 5496 3428 5575; baseline 0.011 -25"><span class='ocrx_word' id='word_1_494' title='bbox 2004 5496 2137 5558; x_wconf 82' lang='lat' dir='ltr'>rias,</span> <span class='ocrx_word' id='word_1_495' title='bbox 2170 5501 2313 5568; x_wconf 75' lang='lat' dir='ltr'>quot</span> <span class='ocrx_word' id='word_1_496' title='bbox 2344 5505 2477 5553; x_wconf 83' lang='lat' dir='ltr'>sunt</span> <span class='ocrx_word' id='word_1_497' title='bbox 2505 5501 2694 5569; x_wconf 71' lang='lat' dir='ltr'>orbes,</span> <span class='ocrx_word' id='word_1_498' title='bbox 2727 5502 2814 5556; x_wconf 83' lang='lat' dir='ltr'>vel</span> <span class='ocrx_word' id='word_1_499' title='bbox 2850 5502 2943 5556; x_wconf 84' lang='lat' dir='ltr'>alii</span> <span class='ocrx_word' id='word_1_500' title='bbox 2980 5512 3150 5575; x_wconf 77' lang='lat' dir='ltr'>agent</span> <span class='ocrx_word' id='word_1_501' title='bbox 3180 5507 3237 5562; x_wconf 88' lang='lat' dir='ltr'>in</span> <span class='ocrx_word' id='word_1_502' title='bbox 3272 5509 3428 5566; x_wconf 83' lang='lat' dir='ltr'>alios.</span> 
     </span>
    </p>
   </div>
   <div class='ocr_carea' id='block_1_12' title="bbox 2100 5671 3744 5878">
    <p class='ocr_par' dir='ltr' id='par_1_16' title="bbox 2100 5671 3744 5878">
     <span class='ocr_line' id='line_1_91' title="bbox 2100 5671 3744 5790; baseline 0.01 -47"><span class='ocrx_word' id='word_1_503' title='bbox 2100 5671 2384 5746; x_wconf 88' lang='lat' dir='ltr'>Contra</span> <span class='ocrx_word' id='word_1_504' title='bbox 2419 5674 2600 5749; x_wconf 82' lang='lat' dir='ltr'>istas</span> <span class='ocrx_word' id='word_1_505' title='bbox 2632 5675 2821 5769; x_wconf 75' lang='lat' dir='ltr'>viaS‚</span> <span class='ocrx_word' id='word_1_506' title='bbox 2876 5682 3076 5775; x_wconf 86' lang='lat' dir='ltr'>quod</span> <span class='ocrx_word' id='word_1_507' title='bbox 3131 5695 3402 5761; x_wconf 83' lang='lat' dir='ltr'>neutra</span> <span class='ocrx_word' id='word_1_508' title='bbox 3441 5687 3535 5761; x_wconf 89' lang='lat' dir='ltr'>sit</span> <span class='ocrx_word' id='word_1_509' title='bbox 3679 5723 3744 5790; x_wconf 47' lang='lat'>4·</span> 
     </span>
     <span class='ocr_line' id='line_1_92' title="bbox 3245 5828 3277 5878; baseline 0 0"><span class='ocrx_word' id='word_1_510' title='bbox 3245 5828 3277 5878; x_wconf 79' lang='lat'><strong>4</strong></span> 
     </span>
    </p>
   </div>
  </div>
 </body>
</html>
