4295 6326
701 486 823 553 146

696 686 835 761 per
865 666 1010 736 hoc
1042 662 1320 756 solum,
1356 661 1561 759 quod
1622 669 1802 735 sunt
1866 658 2242 758 oppositae

695 777 1108 853 relationes
1170 778 1445 867 reales,
1492 800 1892 875 nunquam
1973 775 2243 873 prohi-

691 896 972 970 bentur
1011 917 1176 969 esse
1248 894 1326 966 in
1369 893 1637 969 eodem
1680 891 2101 990 supposito.
2152 893 2243 965 Et

695 1012 1271 1109 cumarguitur,
1319 1011 1551 1107 igitur
1581 1009 1927 1109 ejusdem
1997 1009 2088 1083 ad
2158 1032 2239 1083 se

694 1139 809 1205 est
850 1128 1115 1204 relatio
1194 1128 1450 1222 realis,
1517 1126 1687 1201 dico
1766 1126 1968 1225 quod
2037 1125 2243 1199 Aris-

698 1246 963 1321 toteles
1023 1254 1250 1342 negat
1323 1245 1520 1319 idern
1621 1242 1880 1317 referri
1996 1243 2088 1317 ad
2159 1266 2240 1318 se

693 1361 1002 1437 realiter
1055 1361 1198 1436 suh
1295 1362 1438 1434 hoc
1532 1359 1950 1447 intellectu,
2034 1358 2242 1457 quod

695 1475 895 1549 idem
975 1473 1302 1573 simplex
1424 1472 1520 1547 sit
1653 1472 2239 1547 fundamentum

693 1592 1131 1691 proximum
1263 1591 1724 1667 relationum
1849 1590 2244 1691 opposita-

695 1734 896 1785 rum.

342 1861 422 1907 Aa
468 1852 666 1903 volun·
795 1827 992 1914 Quid
1035 1826 1270 1923 igitur
1301 1836 1415 1900 est
1453 1825 2038 1901 fundamentum
2076 1848 2242 1899 mo-

344 1917 970 2039 ffisssgssssissssbveiitis,
1056 1945 1179 2018 vel
1248 1942 1607 2017 motionis
1683 1941 1983 2037 activae,
2063 1964 2238 2015 cum

346 2046 665 2158 ..affiga-
692 2063 1052 2135 voluntas
1096 2071 1351 2134 movet
1379 2059 1525 2134 se?
1575 2058 1760 2132 Dico
1839 2058 2044 2156 quod
2100 2084 2241 2157 po-

689 2177 931 2252 tentia
1006 2176 1282 2270 activa,
1318 2176 1440 2250 vel
1518 2174 1762 2249 virtus
1821 2176 2239 2250 voluntatis

688 2293 768 2367 in
798 2316 907 2387 se,
953 2293 1087 2367 sed
1146 2292 1731 2366 fundamentum
1799 2291 2234 2389 proximum

689 2412 901 2500 moti,
946 2413 1069 2486 vel
1108 2410 1464 2485 motionis
1506 2411 1835 2508 passivae
1865 2418 1981 2485 est
2037 2409 2239 2483 voli-

684 2529 790 2602 tio
861 2551 1064 2602 nova
1121 2526 1404 2626 passio.
1469 2527 1665 2601 Illud
1753 2550 1908 2600 non
1987 2534 2239 2624 potest

684 2668 853 2719 esse
895 2668 1167 2719 verum
1200 2644 1291 2718 de
1352 2643 1647 2718 ratione
1718 2643 2067 2741 producti
2139 2643 2234 2717 ad

669 2765 1152 2863 ‚producenffi
1186 2764 1368 2862 quia
1409 2763 1539 2837 illa
1567 2763 1933 2837 fundatur
1964 2762 2039 2836 in
2068 2787 2236 2861 pro-

683 2883 912 2956 ducto
973 2881 1252 2981 primo.
1326 2881 1596 2979 Neque
1687 2880 1779 2955 de
1865 2879 2233 2956 relatione

680 2998 971 3097 passivi
1049 2998 1144 3072 ad
1193 2996 1558 3091 activum,
1622 2995 1806 3092 quia
1892 2994 2231 3070 formalis

681 3114 1057 3192 terminus
1154 3138 1308 3189 non
1404 3113 1671 3190 fundat
1774 3111 2229 3188 relationem

679 3230 966 3331 passivi
1034 3232 1127 3306 ad
1197 3230 1559 3320 activum,
1617 3253 1792 3304 cum
1862 3253 2013 3304 non
2095 3253 2230 3328 pa·

680 3351 1060 3445 tiatur,ut
1131 3348 1465 3422 formalis
1540 3347 1940 3422 terminus.
2007 3345 2227 3420 Unde

678 3464 900 3538 aliter
941 3486 1021 3537 se
1085 3462 1368 3537 habere
1410 3471 1524 3536 est
1568 3461 1995 3535 secundum
2029 3460 2230 3534 voli-

679 3580 967 3655 tionem
1037 3603 1316 3653 novam
1376 3578 1677 3676 passive
1754 3576 2220 3663 immediate,

677 3697 848 3771 ideo
924 3720 1077 3770 non
1166 3705 1281 3770 est
1341 3695 1540 3769 idem
1641 3694 2222 3768 fundamentum

657 3815 1108 3914 ,proximum
1154 3813 1471 3886 istarum
1524 3811 2009 3885 relationum.

445 3974 549 4041 ,10-
651 4031 656 4036 .
771 3930 882 4005 Ad
917 3928 1153 4021 aliud,
1194 3951 1369 4001 cum
1413 3925 1714 4016 dicitur,
1766 3925 1995 3999 unius
2037 3946 2222 4021 ope-

353 4091 430 4140 Ad
478 4096 583 4141 ter·
674 4046 997 4122 rationis
1051 4053 1158 4119 est
1221 4067 1462 4117 unum
1499 4041 1976 4140 principium
2027 4041 2220 4114 acli-

341 4157 613 4267 ‘Qssfflnss‘g
671 4188 878 4257 vum,
915 4161 1082 4235 dico
1116 4159 1422 4258 quodid
1485 4182 1638 4232 non
1674 4158 1876 4232 valet
1934 4156 2077 4230 nisi
2134 4156 2214 4228 in

346 4279 642 4406 cgffsgnlffer
671 4279 940 4353 ordine
1031 4301 1172 4352 suo
1242 4274 1636 4350 causandi.
1727 4271 1948 4346 Unde
2062 4296 2216 4346 una

320 4406 614 4518 ,iggisvsslih
639 4500 646 4504 ᾳ
669 4397 1010 4495 operatio
1046 4395 1370 4493 simplex
1399 4400 1647 4491 potest
1677 4414 1843 4465 esse
1877 4415 1922 4465 a
1952 4390 2213 4463 multis

381 4535 426 4581 3.
465 4505 1065 4612 4.'7.'principiis
1132 4510 1426 4603 activis,
1511 4530 1840 4605 quorum
1922 4503 2215 4605 quodli-

347 4607 494 4644 num.
530 4595 793 4706 2¹“bet
831 4639 1218 4705 estunum
1264 4651 1399 4726 per
1452 4649 1532 4700 se
1593 4626 1671 4699 in
1741 4648 1881 4700 suo
1941 4624 2210 4700 ordine

635 4736 1086 4841 'causandi3
1147 4746 1253 4820 sic
1321 4745 1677 4820 voluntas
1744 4751 1819 4818 et
1875 4743 2207 4818 charitas

663 4873 843 4938 sunt
901 4886 1156 4937 causa}
1224 4863 1303 4934 in
1376 4859 1702 4934 diversis
1773 4858 2202 4952 ordinibuS,

631 4968 1019 5056 'voluntas
1060 5004 1291 5054 causa
1355 4978 1828 5078 principaliS,
1874 4977 2207 5051 charitas

658 5125 893 5176 causa
932 5099 1419 5175 secundaria.

753 5217 1008 5310 DiceS,
1053 5241 1145 5291 cx
1186 5215 1350 5290 istis
1399 5214 1482 5288 fit
1524 5238 1766 5288 unum
1810 5238 1946 5312 per
1999 5214 2209 5289 acci-

653 5336 869 5410 dens.
933 5334 1121 5408 Dico
1174 5333 1378 5431 quod
1452 5355 1604 5405 non
1677 5340 1988 5429 propter
2058 5333 2202 5405 hoc

649 5451 942 5527 tollitur
980 5451 1166 5525 ordo
1209 5449 1288 5523 in
1320 5447 1738 5541 causando,
1776 5448 1960 5546 quia
2000 5446 2202 5522 sicut

627 5563 810 5646 'esto
853 5569 1060 5667 quod
1100 5591 1335 5643 causa
1366 5565 1709 5640 secunda
1753 5563 1850 5638 sit
1882 5588 2203 5662 separa-

648 5697 725 5762 ta
783 5710 827 5761 a
894 5685 1171 5785 prima,
1254 5692 1462 5759 tenet
1538 5682 1888 5756 ordinem
1966 5705 2197 5756 suum

2096 482 2339 553 LIBRI
2386 484 2473 555 11.

2347 660 2744 756 causandi,
2809 671 2883 738 et
2946 662 3053 738 ita
3143 670 3423 762 potest,
3504 658 3645 736 etsi
3734 678 3890 731 non

2346 777 2706 854 informet
2735 803 3050 855 causam
3082 780 3437 879 primam.

2443 897 2555 970 Ad
2597 896 2831 990 aliud,
2869 898 3038 973 dico
3071 899 3276 996 quod
3310 906 3471 973 esto
3505 894 3710 993 quod
3749 895 3892 967 ha-
3943 895 4218 1012 Adtgssnr·

2345 1012 2551 1088 bitus
2609 1023 2812 1088 esset
2863 1014 3160 1108 relatio,
3229 1038 3384 1087 non
3458 1023 3714 1086 tamen
3776 1018 3890 1084 est
4143 998 4155 1011 ’

2347 1129 2511 1203 sola
2552 1130 3055 1215 relatio,·nam
3108 1130 3247 1205 etsi
3300 1128 3622 1203 includit
3692 1128 3895 1200 rela-

2347 1246 2663 1340 tionem,
2737 1247 3064 1322 includit
3144 1257 3398 1322 tamen
3481 1269 3656 1320 cum
3752 1245 3896 1317 hoc

2348 1362 2823 1459 qualitatem.
2896 1365 2986 1437 Et
3071 1387 3245 1438 cum
3329 1361 3680 1456 dicitur,-
3740 1382 3896 1433 non

2346 1480 2521 1578 plus
2554 1490 2932 1578 repugnat
2987 1480 3340 1556 relationi
3419 1479 3586 1555 esse
3649 1477 3897 1553 termi-

2347 1620 2523 1691 nuS,
2556 1619 2787 1694 quam
2811 1691 2821 1703 ·
2849 1621 3017 1674 esse
3073 1596 3540 1697 principium
3611 1605 3889 1684 motuS‚

2347 1714 2515 1788 dico
2557 1716 2765 1812 quod
2808 1739 2962 1789 non
3017 1724 3306 1790 tantam
3367 1714 3889 1789 diversitatem

2347 1828 2668 1927 requirit
2711 1830 3178 1929 principium
3238 1829 3515 1927 agendi
3579 1853 3626 1904 a
3691 1830 3893 1904 rela-

2346 1946 2580 2041 tione,
2662 1957 3030 2044 quantam
3121 1946 3443 2045 requirit
3518 1946 3894 2021 terminus

2346 2065 2697 2142 actionis.
2737 2067 2934 2153 Quia
2973 2090 3142 2142 esse
3220 2066 3422 2141 idem
3492 2065 3888 2140 identitate

2346 2193 2665 2277 remota,
2730 2185 2852 2258 vel
2922 2183 3317 2259 includere
3404 2182 3886 2277 relationem,

2346 2308 2728 2396 repugnat
2768 2300 3097 2373 termino
3169 2308 3421 2374 motus
3488 2323 3623 2397 per
3663 2323 3770 2391 se,
3818 2309 3893 2374 et

2343 2423 2597 2489 tamen
2653 2440 2806 2490 non
2881 2425 3261 2515 repugnat
3320 2417 3699 2515 principio
3764 2441 3891 2491 ac-

2341 2531 2573 2605 tionis
2610 2560 2628 2626 3
2675 2531 2849 2609 ideo
2891 2541 3142 2631 potest
3198 2533 3886 2631 ratio-Philosophi

2342 2658 2634 2743 tenere,
2724 2652 2929 2747 quod
3036 2652 3124 2726 ad
3207 2651 3390 2726 talia
3497 2675 3649 2725 non
3775 2661 3887 2725 est

2345 2775 2623 2840 motus.

2858 3080 3255 3158 QUAES'Plo
3301 3079 3388 3146 ΙΙ.

2342 3248 2585 3316 Utrum
2600 3247 2891 3333 justit-ia
2922 3247 3294 3334 ore'yinczlis
3327 3248 3403 3315 in
3461 3245 3690 3314 Adam
3734 3242 3881 3331 fuit

2646 3362 2908 3426 donum
2973 3356 3565 3446 supernaturale?

2330 3549 2525 3605 Ateus.
2556 3549 2611 3603 2.
2633 3565 2690 3619 p.
2722 3565 2775 3620 q.
2807 3548 2899 3603 97.
2925 3565 3000 3602 m.
3034 3564 3072 3603 ι.
3105 3552 3157 3603 et
3180 3549 3233 3601 2.
3275 3563 3372 3616 per
3419 3552 3614 3605 totum.
3666 3547 3731 3603 D.
3767 3551 3874 3603 Bo·

2400 3638 2525 3676 nav.
2555 3620 2644 3676 hic
2671 3621 2806 3675 a.2.
2837 3636 2888 3690 q.
2922 3637 2960 3675 1.
2993 3629 3044 3674 et
3075 3620 3126 3675 3.
3164 3619 3229 3675 D.
3259 3621 3469 3675 Thom.
3502 3637 3540 3675 1.
3575 3636 3626 3690 p.
3678 3635 3731 3690 q.
3783 3620 3873 3673 85.

2401 3710 2454 3749 α.
2490 3708 2527 3746 1.
2561 3696 2737 3747 Henr.
2772 3692 2955 3763 quodi.
2990 3695 3043 3746 ὃ.
3077 3709 3130 3762 q.
3166 3692 3253 3747 11.
3286 3691 3562 3749 Richard.
3592 3691 3646 3746 d.
3696 3691 3786 3745 30.
3818 3707 3872 3749 a.

2397 3765 2452 3819 3.
2477 3780 2529 3833 q.
2561 3767 2614 3819 2.
2643 3766 2793 3831 vega
2822 3765 2876 3819 3.
2909 3766 2968 3818 in
2996 3765 3230 3819 Trident.
3256 3780 3302 3818 c.
3332 3762 3703 3819 11.Be11arm.
3729 3762 3874 3817 libro

2395 3835 2578 3905 primo
2600 3836 2663 3890 de
2690 3839 2871 3906 qratia
2902 3835 3075 3905 primi
3114 3834 3375 3903 hominis,
3402 3851 3525 3902 cap.
3562 3834 3612 3889 1.
3643 3836 3698 3889 5.
3731 3843 3784 3889 et
3814 3835 3870 3890 6.

2398 3907 2567 3976 Vasq.
2603 3908 2655 3962 1.
2687 3912 2741 3960 2.
2767 3909 2825 3962 d.
2861 3909 2981 3962 137.
3025 3908 3176 3962 Scot.
3228 3907 3315 3962 hic
3361 3908 3662 3979 quaestione
3706 3908 3873 3961 unica

2394 3986 2447 4034 et
2476 3982 2536 4035 d.
2568 3980 2657 4034 37.
2692 3979 2721 4052 Ξ
2753 3981 2881 4035 lstae
2914 3980 3284 4051 quaestiones,

2421 4159 2640 4246 Quod
2675 4183 2856 4233 non.
2894 4158 3066 4232 Non
3100 4167 3215 4234 est
3265 4181 3581 4234 necesse
3623 4180 3867 4257 pone·
4030 4178 4088 4242 1,

2322 4300 2401 4352 re
2436 4278 2639 4375 quod
2683 4285 2884 4351 esset
2912 4277 3199 4352 donum
3243 4277 3858 4375 supernaturale,
3897 4293 4233 4366 argument.

2320 4395 2467 4471 nisi
2494 4407 2803 4494 propter
2834 4396 3027 4471 duos
3086 4395 3428 4489 effectus,
3478 4404 3557 4469 ut
3622 4392 3864 4491 possit
3928 4369 4199 4418 prunum,

2318 4537 2791 4611 praeservare
2825 4537 2867 4587 a
2902 4513 3319 4587 rebellione
3352 4511 3633 4585 virium
3675 4509 3866 4585 inl'e-

2319 4630 2605 4703 riorum
2650 4629 2742 4703 ad
2773 4629 3237 4727 superioreS,
3275 4637 3349 4704 et
3375 4636 3687 4727 propter
3716 4626 3866 4699 im-

2321 4745 2858 4821 mortalitatem
2904 4745 3389 4821 servandam.
3438 4743 3587 4820 Sed
3622 4767 3856 4842 prop-

2315 4873 2430 4938 ter
2470 4874 2829 4938 neutrum
2884 4873 2997 4937 est
3075 4863 3219 4937 hoc
3287 4884 3630 4954 necesse,
3680 4860 3865 4957 quia

2312 4991 2560 5081 potest
2600 4982 2774 5056 talis
2808 4982 3148 5072 rebellio,
3187 4980 3325 5056 etsi
3378 4980 3586 5074 insit,
3625 4977 3857 5069 vinci,

2313 5107 2385 5172 et
2417 5099 2643 5172 etiam
2704 5117 2855 5172 non·
2916 5104 3163 5194 potest
3215 5120 3383 5171 esse
3441 5119 3680 5169 unum
3734 5094 3861 5166 do-

2311 5238 2499 5288 num
2567 5214 3154 5312 supernaturale
3250 5211 3327 5286 in
3388 5211 3681 5285 viribus
3740 5233 3861 5283 su-

2310 5332 2772 5429 perioribus,
2819 5331 3020 5428 quod
3062 5339 3320 5428 posset
3387 5328 3860 5402 sufficienter
3898 5351 3901 5354 ·

2308 5448 2667 5523 cohihere
2730 5447 3317 5522 delectationem
3382 5444 3858 5520 convenien-

2306 5574 2458 5640 tem
2496 5567 2921 5641 secundum
2985 5589 3302 5641 sensum
3364 5565 3441 5638 in
3513 5563 3855 5661 appetitu

2309 5682 2676 5759 inferiori.
2753 5684 3148 5779 Similiter,
3222 5692 3304 5757 ut
3391 5683 3679 5757 dictum
3742 5690 3858 5756 est
