4295 6326
366 4732 469 4798 12.

246 4847 560 4911 Ad1.arg.t.

153 4981 170 4984 Α
231 4981 250 4987 γ’
280 4911 529 5026 quffiseuo-

589 468 718 537 348

589 640 903 736 ponitur
949 645 1308 719 voluntas
1377 666 1604 739 agere
1657 643 1751 717 ad
1837 639 2134 714 fruitio-

589 781 796 851 nem,
835 783 989 833 non
1033 771 1279 858 potest
1321 764 1461 835 hoc
1497 761 1678 860 poni
1729 760 1894 835 sine
1948 762 2135 833 cha-

589 874 808 950 ritate
839 886 1140 973 agente,
1189 888 1270 951 ut
1319 902 1552 953 causa
1600 877 2124 952 subordinata.

590 990 671 1064 Si
785 1001 1040 1067 autem
1137 1004 1491 1069 teneatur
1584 994 1788 1091 quod
1885 986 2140 1090 posita

586 1107 887 1182 actione
979 1132 1235 1184 causa}
1316 1110 1558 1206 magis
1657 1109 2126 1207 principaliS,

584 1232 837 1321 potest
874 1224 1086 1300 Deus
1127 1228 1491 1325 supplere
1533 1227 1910 1301 actionem
1956 1227 2133 1300 alte-

586 1340 747 1415 rius
808 1365 1062 1417 causae
1133 1345 1496 1419 secundae
1573 1343 2125 1436 subordinatae‚

584 1465 769 1531 tunc
810 1457 979 1533 dico
1017 1462 1220 1557 quod
1274 1462 1366 1536 de
1408 1461 1748 1560 potentia
1780 1461 2132 1534 absoluta

587 1574 728 1647 Dei
808 1578 1486 1672 posset-voluntas
1569 1579 1740 1670 lrui,
1831 1578 2127 1674 agendo

589 1712 762 1763 cum
799 1714 1035 1765 causa
1059 1693 1306 1789 prima
1328 1695 1517 1787 sola,
1554 1694 1693 1767 etsi
1727 1717 1876 1766 non
1916 1694 2130 1791 prius

587 1814 866 1879 natura
896 1805 1208 1881 daretur
1249 1809 1493 1903 gratia
1542 1832 1900 1905 coagens.
1971 1808 2129 1882 Nec

587 1930 972 2017 oporteret
1003 1923 1210 2018 quod
1260 1923 1470 1997 Deus
1521 1925 1836 1999 haberet
1894 1923 2130 1997 actio-

588 2061 765 2112 nem
841 2040 1218 2114 moventis
1295 2042 1506 2131 moti,
1577 2041 1760 2139 quia
1834 2064 1924 2123 ex
1985 2042 2130 2114 hoc

588 2154 795 2252 quod
829 2158 1139 2253 supplet
1170 2157 1543 2232 actionem
1589 2158 1796 2231 illius
1841 2180 2126 2251 causae,

587 2297 739 2346 non
803 2284 1101 2371 oportet
1171 2275 1372 2372 quod
1466 2285 1891 2365 moveatur,
1986 2299 2128 2350 nec

590 2388 1128 2465 universaliter
1211 2391 1501 2488 aliquid
1591 2400 1939 2466 movetur
2024 2392 2130 2465 in-

588 2514 966 2601 quantum
1045 2505 1254 2601 agit,
1329 2530 1467 2580 nec
1533 2506 1883 2604 sequitur
1923 2509 2128 2605 quod

588 2620 783 2694 visio
811 2620 1053 2719 possit
1094 2622 1392 2696 causari
1426 2622 1590 2698 sine
1632 2623 1927 2721 obJecto
1980 2635 2130 2698 ter-

590 2737 956 2826 minante,
1029 2739 1162 2812 sed
1227 2739 1392 2814 sine
1471 2739 1807 2814 motione
1884 2741 2131 2816 activa

588 2854 781 2951 ejus.
828 2854 1197 2930 Similiter
1255 2866 1493 2931 mater
1543 2881 1622 2931 se
1674 2858 1904 2932 habet
1955 2882 2131 2957 pas-

589 2971 749 3045 sive
784 2970 860 3043 in
903 2971 1400 3067 generatione
1432 2973 1697 3071 prolis,
1744 2984 1818 3047 et
1848 2974 1911 3048 si
1953 2998 2125 3048 cum

588 3091 732 3165 hoc
785 3091 1063 3166 habeat
1133 3092 1505 3167 rationem
1566 3093 1822 3188 activi,
1895 3102 2129 3169 totam

586 3207 794 3281 illam
832 3209 1209 3284 actionem
1240 3221 1497 3307 posset
1527 3211 1737 3286 Deus
1768 3214 2129 3309 supplere

586 3324 835 3421 posita
875 3325 1176 3400 actione
1219 3327 1481 3423 patris.

1117 3632 1478 3690 SCHOLIUM
1519 3634 1615 3690 111.

657 3780 740 3835 Ad
777 3779 1027 3851 primum
1070 3782 1315 3853 explicat
1364 3785 1597 3854 quando
1640 3783 1971 3858 intelligens
2011 3803 2129 3844 rem

589 3869 760 3925 aliter
791 3885 965 3940 quam
1000 3878 1106 3934 est,
1139 3870 1377 3926 fallitur.
1418 3873 1495 3926 Ad
1526 3873 2133 3940 seeundum‚intellec-

587 3969 710 4018 tum
741 3969 1000 4018 creatum
1033 3963 1227 4020 videre
1257 3964 1547 4020 infinitum
1584 3966 1642 4021 in
1674 3983 1759 4033 se,
1791 3968 1861 4022 de
1912 3984 2028 4037 quo
2073 3972 2129 4026 in

590 4050 772 4107 Oxon.
809 4068 847 4106 1.
882 4051 937 4106 d.
972 4068 1011 4107 1.
1044 4068 1097 4122 q.
1132 4069 1171 4108 1.
1206 4058 1262 4108 et
1285 4052 1387 4108 ult.
1424 4063 1478 4109 et
1525 4055 1782 4111 ostendit
1836 4057 1967 4113 hino
2017 4076 2130 4115 non

587 4140 781 4211 sequi,
810 4140 1091 4198 visionem
1114 4147 1371 4198 creatam
1403 4148 1460 4198 et
1481 4143 1794 4200 increatam
1829 4163 1957 4202 esse
1983 4149 2134 4219 ejus-

588 4234 722 4289 dem
769 4234 1003 4307 speciei,
1056 4251 1243 4308 neque
1287 4237 1581 4293 infinitum
1640 4241 2049 4313 comprehendi
2101 4261 2134 4300 a

594 4322 779 4379 finito,
813 4324 893 4378 Ad
931 4329 1224 4395 quartum,
1256 4324 1510 4381 declarat
1537 4329 1769 4400 quando
1811 4335 1976 4385 aetus
2025 4348 2133 4402 po-

591 4417 704 4468 test
734 4430 856 4470 esse
877 4431 1039 4486 aeque
1085 4417 1368 4488 perfectus
1417 4423 1550 4472 ante
1601 4417 1889 4490 habitum,
1950 4426 2007 4477 et
2061 4440 2133 4478 an

594 4518 757 4573 aqaere
786 4506 1223 4576 supernaturale
1253 4512 1545 4579 supponat
1574 4507 1687 4564 tale
1715 4525 1847 4566 esse.

691 4709 803 4783 Ad
891 4708 1221 4806 primum
1338 4710 1760 4808 principale
1867 4711 2136 4809 primae

596 4826 1077 4925 quaestionis,
1124 4851 1297 4901 cum
1340 4827 1644 4921 dicitur,
1681 4851 1834 4902 non
1891 4838 2136 4926 potest

596 4968 800 5019 unus
885 4943 1319 5018 intellectus
1397 4946 1569 5042 plus
1636 4945 1785 5019 alio
1854 4944 2137 5020 intelli-

597 5084 805 5159 gere,
837 5061 1007 5135 dico
1052 5062 1256 5158 quod
1305 5062 1749 5137 abstrahere
1809 5087 1960 5137 non
2024 5074 2137 5139 est

595 5177 989 5276 decipere;
1037 5177 1144 5252 sic
1188 5179 1792 5254 abstrahentium
1830 5204 1978 5254 non
2025 5191 2139 5256 est

599 5295 1114 5389 mendacium,
1152 5295 1283 5370 sed
1327 5304 1440 5370 est
1472 5297 1956 5373 considerare
1993 5302 2135 5374 hoc

595 5412 760 5487 sine
792 5412 951 5504 illo,
984 5413 1128 5485 hoc
1162 5422 1302 5506 est,
1361 5437 1512 5486 non
1576 5415 2135 5491 considerando

600 5528 814 5603 illud.
885 5528 1008 5602 Sic
1069 5529 1302 5625 igitur
1365 5553 1518 5604 non
1603 5540 1849 5629 potest
1932 5558 2136 5608 unus

593 5647 1028 5721 intellectus
1097 5648 1272 5750 plus
1343 5647 1768 5750 intelligere
1837 5673 2026 5746 rem,
2072 5652 2135 5728 si

1964 468 2207 539 LIBRI
2254 467 2375 540 Ill.

2248 638 2448 712 dicat
2522 636 2726 734 quod
2788 636 2920 709 illa
2978 658 3099 709 res
3150 646 3264 709 est
3320 635 3496 732 plus
3555 632 3632 704 in
3677 654 3785 714 se,

2246 757 2393 830 nisi
2428 757 2628 831 alius
2680 755 3141 847 intellectuS,
3205 755 3326 827 vel
3384 753 3523 826 iste
3577 752 3793 824 falla-

2243 883 2395 967 tur,
2433 872 2617 970 quia
2648 871 2999 970 quisquis
3026 870 3386 966 intelligit
3422 891 3578 942 rem
3624 890 3791 941 esse

2242 987 2923 1087 alite1·quam[est,
2981 987 3293 1080 fallitur,
3351 994 3601 1058 tamen
3665 1006 3792 1080 po-

2243 1116 2388 1180 test
2446 1105 2666 1180 aliter
2734 1104 3162 1199 intelligere
3240 1126 3430 1195 rem,
3494 1100 3786 1175 scilicet

2243 1222 2741 1319 intelligendo
2815 1223 3089 1320 ipsam,
3181 1245 3332 1295 non
3403 1218 3786 1293 cointelli-

2241 1338 2490 1434 gendo
2551 1338 2739 1412 illud
2795 1339 2960 1412 sinc
3032 1361 3184 1435 quo
3241 1360 3393 1409 non
3498 1335 3775 1431 existit.

2237 1455 2518 1529 Tamen
2557 1456 2729 1553 plus
2784 1464 3034 1553 potest
3088 1478 3288 1527 unus
3347 1436 3780 1526 intellectus
3827 1452 4151 1523 ¹⁰¹0¹¹iaens

2239 1572 2666 1669 intelligere
2697 1596 2926 1670 quam
2961 1572 3187 1664 aliuS,
3225 1573 3370 1644 hoc
3403 1580 3542 1662 est,
3576 1568 3779 1668 quod
3815 1522 4152 1640 ifflmussstffr

2239 1699 2455 1763 actus
2488 1714 2692 1764 unus
2736 1699 2982 1787 potest
3036 1713 3202 1763 esse
3272 1687 3646 1762 intensior
3711 1693 3785 1760 et
3842 1646 4127 1760 “iliiilss‘r'f

2240 1806 2645 1904 perfectior
2707 1806 3052 1902 ejusdem
3135 1805 3440 1900 objecti,
3550 1827 3781 1901 quam

2239 1931 2454 1996 actus
2530 1923 2847 1996 alterius
2905 1922 3337 1995 intellectus
3406 1949 3423 2014 3
3512 1929 3785 1994 neuter

2237 2046 2494 2111 tamen
2530 2038 2839 2121 fallitur,
2894 2037 3026 2111 sed
3090 2046 3409 2133 uterque
3470 2060 3620 2109 non
3677 2035 3784 2107 vi-

2239 2154 2365 2229 det
2405 2178 2627 2251 aeque
2655 2157 2884 2229 clare.

2335 2270 2445 2344 Ad
2490 2271 2726 2364 aliud,
2765 2295 2935 2345 cum
2974 2271 3252 2345 dicitur
3293 2270 3497 2370 quod
3558 2269 3784 2343 intel-
3821 2285 3898 2336 Ad
3930 2299 4129 2336 seeun-

2241 2388 2481 2462 lectus
2558 2389 2838 2462 animae
2891 2389 3171 2462 Christi
3227 2389 3519 2463 videret
3587 2388 3784 2463 Ver-
3820 2348 4140 2463 neiigg'alu.

2239 2503 2421 2578 bum
2483 2506 2626 2579 sub
2687 2505 2980 2580 ratione
3059 2503 3369 2598 infiniti,
3442 2506 3780 2580 concedo
3818 2477 3873 2523 ¹⁷
3913 2477 4145 2586 .‘‚³1't‚¹'²²

2239 2624 2444 2720 quod
2479 2623 2584 2697 sic
2659 2623 2831 2697 facit
2896 2622 3260 2697 minimus
3314 2623 3776 2718 intellectuS,

2239 2739 2302 2813 si
2394 2739 2854 2835 quietetur3
2960 2763 3109 2812 non
3219 2739 3423 2814 enim
3508 2750 3783 2837 ‘potest

2239 2855 2564 2951 quietari
2600 2855 2746 2929 nisi
2790 2855 2865 2928 in
2922 2854 3223 2929 infinito
3284 2856 3427 2930 sub
3487 2855 3781 2932 ratione

2242 2971 2552 3066 infiniti,
2590 2973 2773 3069 quia
2805 2972 3126 3069 quilibet
3185 2973 3621 3048 intellectus
3669 2984 3784 3047 est

2237 3089 2472 3162 totius
2513 3088 2737 3162 entis.
2771 3087 2947 3162 Ideo
2985 3112 3139 3161 non
3182 3088 3571 3186 quietatur
3631 3088 3780 3165 nisi
3816 3111 4129 3188 tnteuectua

2238 3205 2318 3279 in
2360 3205 2492 3279 illo
2524 3205 2849 3300 objecto,
2886 3205 2959 3278 in
3007 3228 3160 3303 quo
3218 3215 3333 3280 est
3390 3206 3781 3303 quodlibet
3817 3188 4114 3312 fissifuflffii

2239 3322 2621 3417 objectum
2710 3345 2968 3415 suum,
3067 3331 3438 3419 quantum
3537 3332 3786 3420 potest
3815 3314 3871 3351 ¹¹²
3903 3301 4145 3353 '‘mum“

2240 3461 2435 3530 esse,
2469 3438 2600 3513 sed
2670 3441 2919 3513 solum
2983 3439 3056 3511 in
3128 3439 3464 3514 essentia
3523 3439 3785 3515 divina

2240 3565 2421 3629 sunt
2460 3555 2719 3629 omnia
2759 3555 3275 3652 intelligibilia
3316 3556 3777 3631 eminenter.

2240 3670 2331 3741 Et
2362 3666 2733 3740 confirmo
2785 3670 2959 3761 hoc,
3021 3669 3206 3766 quia
3253 3670 3515 3743 nullus
3566 3669 3790 3744 intel-

2241 3786 2484 3859 lectus
2555 3783 2825 3858 beatus
2923 3783 3351 3877 satiabitur,
3460 3785 3608 3859 nisi
3705 3785 3779 3859 in

2239 3900 2572 3975 videndo
2651 3901 2898 3974 Deum
2968 3900 3287 3986 trinum,
3356 3910 3431 3975 et
3487 3901 3633 3975 ista
3674 3912 3789 3976 est

2244 4016 2576 4090 maxima
2608 4014 2977 4111 infinitaS,
3015 4016 3218 4114 quod
3261 4017 3358 4091 sit
3421 4018 3672 4093 unitas
3705 4019 3781 4092 in

2242 4133 2700 4228 substantia,
2748 4142 2822 4208 et
2856 4133 3151 4207 trinitas
3186 4132 3262 4206 in
3298 4135 3677 4231 personis.

2338 4250 2450 4324 Ad
2493 4250 2816 4348 primam
2851 4250 3410 4347 probationem,
3447 4276 3621 4326 cum
3664 4252 3783 4326 di-
3935 4285 4042 4351 13,

2242 4369 2440 4443 citur
2488 4368 2692 4465 quod
2735 4368 2929 4443 visio
2962 4368 3397 4444 intellectus
3445 4372 3676 4446 creati
3710 4383 3780 4448 et
3815 4401 4130 4476 Ad‚1.pr0-

2242 4485 2564 4561 increati
2597 4495 2856 4560 essent
2888 4485 3231 4581 ejusdem
3262 4487 3573 4584 speciei,
3610 4489 3781 4563 dico
3816 4464 4115 4517 bunonem.

2245 4602 2450 4700 quod
2494 4626 2645 4676 non
2684 4601 3059 4699 sequitur,
3097 4601 3281 4699 quia
3328 4601 3616 4677 bonum
3673 4615 3787 4679 est-

2245 4744 2336 4795 ex
2379 4742 2613 4793 causa
2653 4719 2976 4814 integra,
3022 4720 3448 4793 secundum
3491 4721 3787 4819 Diony-

2244 4836 2474 4928 sium,
2518 4838 2800 4910 malum
2855 4849 3111 4910 autem
3164 4846 3410 4933 potest
3472 4861 3639 4912 esse
3696 4866 3789 4914 ex

2247 4976 2401 5026 una
2444 4981 2461 5045 3
2510 4952 2679 5026 ideo
2735 4951 3043 5049 quando
3105 4953 3326 5048 plura
3386 4954 3792 5049 requirun-

2247 5079 2369 5143 tur
2400 5070 2490 5143 ad
2529 5093 2770 5143 unum
2809 5068 3158 5143 effectum
3197 5068 3480 5166 specie,
3536 5072 3791 5148 unitas

2251 5187 2480 5260 unius
2522 5185 3059 5260 concurrentis
3093 5208 3241 5258 non
3280 5185 3596 5280 sufficit3
3649 5189 3793 5262 dis-

2244 5302 2510 5376 tinctio
2556 5302 3116 5399 cujuscumque
3175 5301 3450 5399 prioris
3509 5303 3793 5378 sufficit

2245 5420 2337 5494 ad
2371 5418 2890 5493 diversitatem
2926 5416 3267 5492 effectus.
3307 5415 3517 5491 Licet
3555 5419 3788 5516 igitur
3820 5448 4006 5498 unitas
4048 5447 4138 5496 ob-

2247 5535 2634 5611 distinctio
2705 5535 3179 5632 objectorum
3254 5533 3598 5611 sufficiat
3690 5541 3783 5614 ad
3839 5515 4142 5623 lisssskffit

2248 5653 2818 5730 distinctionem
2849 5661 3191 5746 actuum,
3242 5651 3495 5727 unitas
3530 5662 3781 5730 tamen
3818 5642 4139 5750 ⁸⁶²⁰2ioffpe'
