<?xml version="1.0" encoding="UTF-8"?>
<!DOCTYPE html PUBLIC "-//W3C//DTD XHTML 1.0 Transitional//EN"
    "http://www.w3.org/TR/xhtml1/DTD/xhtml1-transitional.dtd">
<html xmlns="http://www.w3.org/1999/xhtml" xml:lang="en" lang="en">
 <head>
  <title>
</title>
<meta http-equiv="Content-Type" content="text/html;charset=utf-8" />
  <meta name='ocr-system' content='tesseract 3.04.00' />
  <meta name='ocr-capabilities' content='ocr_page ocr_carea ocr_par ocr_line ocrx_word'/>
</head>
<body>
  <div class='ocr_page' id='page_1' title='image "./joannisdunsscot00waddgoog_0470.png"; bbox 0 0 4295 6326; ppageno 0'>
   <div class='ocr_carea' id='block_1_1' title="bbox 293 2415 613 2732">
    <p class='ocr_par' dir='ltr' id='par_1_1' title="bbox 293 2415 613 2732">
     <span class='ocr_line' id='line_1_1' title="bbox 295 2415 598 2479; baseline 0.007 -15"><span class='ocrx_word' id='word_1_1' title='bbox 295 2415 598 2479; x_wconf 84' lang='lat' dir='ltr'>Argumen-</span> 
     </span>
     <span class='ocr_line' id='line_1_2' title="bbox 341 2480 589 2542; baseline 0.008 -15"><span class='ocrx_word' id='word_1_2' title='bbox 341 2483 454 2528; x_wconf 85' lang='lat' dir='ltr'>tum</span> <span class='ocrx_word' id='word_1_3' title='bbox 486 2480 589 2542; x_wconf 85' lang='lat' dir='ltr'>pri-</span> 
     </span>
     <span class='ocr_line' id='line_1_3' title="bbox 370 2554 537 2593; baseline 0.018 -3"><span class='ocrx_word' id='word_1_4' title='bbox 370 2554 537 2593; x_wconf 65' lang='lat' dir='ltr'>nnuuL</span> 
     </span>
     <span class='ocr_line' id='line_1_4' title="bbox 293 2603 586 2668; baseline 0.007 -17"><span class='ocrx_word' id='word_1_5' title='bbox 293 2603 425 2653; x_wconf 61' lang='lat' dir='ltr'>Vide</span> <span class='ocrx_word' id='word_1_6' title='bbox 461 2605 586 2668; x_wconf 71' lang='lat' dir='ltr'>hiq.</span> 
     </span>
     <span class='ocr_line' id='line_1_5' title="bbox 318 2667 613 2732; baseline 0.014 -18"><span class='ocrx_word' id='word_1_7' title='bbox 318 2668 365 2715; x_wconf 84' lang='grc'>3.</span> <span class='ocrx_word' id='word_1_8' title='bbox 406 2667 613 2732; x_wconf 81' lang='lat' dir='ltr'>prolog.</span> 
     </span>
    </p>
   </div>
   <div class='ocr_carea' id='block_1_2' title="bbox 345 3833 544 3947">
    <p class='ocr_par' dir='ltr' id='par_1_2' title="bbox 345 3833 544 3947">
     <span class='ocr_line' id='line_1_6' title="bbox 345 3833 544 3884; baseline 0.005 -1"><span class='ocrx_word' id='word_1_9' title='bbox 345 3833 544 3884; x_wconf 85' lang='lat' dir='ltr'>Secun-</span> 
     </span>
     <span class='ocr_line' id='line_1_7' title="bbox 363 3897 509 3947; baseline -0.021 0"><span class='ocrx_word' id='word_1_10' title='bbox 363 3897 509 3947; x_wconf 89' lang='lat' dir='ltr'>dum.</span> 
     </span>
    </p>
   </div>
   <div class='ocr_carea' id='block_1_3' title="bbox 658 356 786 426">
    <p class='ocr_par' dir='ltr' id='par_1_3' title="bbox 658 356 786 426">
     <span class='ocr_line' id='line_1_8' title="bbox 658 356 786 426; baseline 0.016 -2"><span class='ocrx_word' id='word_1_11' title='bbox 658 356 786 426; x_wconf 74' lang='lat'>448</span> 
     </span>
    </p>
   </div>
   <div class='ocr_carea' id='block_1_4' title="bbox 616 531 2203 5545">
    <p class='ocr_par' dir='ltr' id='par_1_4' title="bbox 646 531 2203 2270">
     <span class='ocr_line' id='line_1_9' title="bbox 656 531 2203 634; baseline 0.006 -30"><span class='ocrx_word' id='word_1_12' title='bbox 656 531 1181 609; x_wconf 86' lang='lat' dir='ltr'>subalternata</span> <span class='ocrx_word' id='word_1_13' title='bbox 1238 544 1490 634; x_wconf 85' lang='lat' dir='ltr'>potest</span> <span class='ocrx_word' id='word_1_14' title='bbox 1556 544 1758 610; x_wconf 90' lang='lat' dir='ltr'>stare</span> <span class='ocrx_word' id='word_1_15' title='bbox 1810 559 1986 611; x_wconf 91' lang='lat' dir='ltr'>cum</span> <span class='ocrx_word' id='word_1_16' title='bbox 2053 536 2203 613; x_wconf 85' lang='lat' dir='ltr'>fide</span> 
     </span>
     <span class='ocr_line' id='line_1_10' title="bbox 654 651 2200 751; baseline 0.005 -31"><span class='ocrx_word' id='word_1_17' title='bbox 654 659 1005 747; x_wconf 88' lang='lat' dir='ltr'>respectu</span> <span class='ocrx_word' id='word_1_18' title='bbox 1099 651 1475 749; x_wconf 84' lang='lat' dir='ltr'>ejusdem,</span> <span class='ocrx_word' id='word_1_19' title='bbox 1583 652 1938 751; x_wconf 82' lang='lat' dir='ltr'>quamvis</span> <span class='ocrx_word' id='word_1_20' title='bbox 2045 677 2200 727; x_wconf 91' lang='lat' dir='ltr'>non</span> 
     </span>
     <span class='ocr_line' id='line_1_11' title="bbox 655 764 2203 867; baseline 0.003 -28"><span class='ocrx_word' id='word_1_21' title='bbox 655 764 976 841; x_wconf 88' lang='lat' dir='ltr'>scientia</span> <span class='ocrx_word' id='word_1_22' title='bbox 1065 768 1634 863; x_wconf 82' lang='lat' dir='ltr'>subalternanS,</span> <span class='ocrx_word' id='word_1_23' title='bbox 1703 769 1886 867; x_wconf 89' lang='lat' dir='ltr'>quia</span> <span class='ocrx_word' id='word_1_24' title='bbox 1963 770 2203 845; x_wconf 87' lang='lat' dir='ltr'>scien-</span> 
     </span>
     <span class='ocr_line' id='line_1_12' title="bbox 654 880 2200 961; baseline 0.006 -9"><span class='ocrx_word' id='word_1_25' title='bbox 654 880 758 955; x_wconf 87' lang='lat' dir='ltr'>tia</span> <span class='ocrx_word' id='word_1_26' title='bbox 825 883 1366 958; x_wconf 86' lang='lat' dir='ltr'>subalternans</span> <span class='ocrx_word' id='word_1_27' title='bbox 1432 884 1662 959; x_wconf 88' lang='lat' dir='ltr'>habet</span> <span class='ocrx_word' id='word_1_28' title='bbox 1735 884 2200 961; x_wconf 88' lang='lat' dir='ltr'>evidentiam</span> 
     </span>
     <span class='ocr_line' id='line_1_13' title="bbox 654 1002 2200 1101; baseline 0.001 -24"><span class='ocrx_word' id='word_1_29' title='bbox 654 1024 972 1077; x_wconf 86' lang='lat' dir='ltr'>suorum</span> <span class='ocrx_word' id='word_1_30' title='bbox 1041 1002 1600 1101; x_wconf 77' lang='lat' dir='ltr'>principiorum</span> <span class='ocrx_word' id='word_1_31' title='bbox 1687 1028 1780 1078; x_wconf 87' lang='lat' dir='ltr'>ex</span> <span class='ocrx_word' id='word_1_32' title='bbox 1849 1005 2200 1079; x_wconf 89' lang='lat' dir='ltr'>terminis</span> 
     </span>
     <span class='ocr_line' id='line_1_14' title="bbox 652 1122 2200 1214; baseline 0.005 -21"><span class='ocrx_word' id='word_1_33' title='bbox 652 1141 951 1214; x_wconf 87' lang='lat' dir='ltr'>eorum,</span> <span class='ocrx_word' id='word_1_34' title='bbox 976 1129 1050 1195; x_wconf 89' lang='lat' dir='ltr'>et</span> <span class='ocrx_word' id='word_1_35' title='bbox 1077 1122 1391 1196; x_wconf 91' lang='lat' dir='ltr'>resolvit</span> <span class='ocrx_word' id='word_1_36' title='bbox 1414 1147 1594 1198; x_wconf 89' lang='lat' dir='ltr'>suas</span> <span class='ocrx_word' id='word_1_37' title='bbox 1657 1125 2200 1202; x_wconf 80' lang='lat' dir='ltr'>conclusiones</span> 
     </span>
     <span class='ocr_line' id='line_1_15' title="bbox 652 1236 2199 1333; baseline 0.006 -24"><span class='ocrx_word' id='word_1_38' title='bbox 652 1236 744 1309; x_wconf 90' lang='lat' dir='ltr'>ad</span> <span class='ocrx_word' id='word_1_39' title='bbox 781 1236 1266 1333; x_wconf 85' lang='lat' dir='ltr'>immediata3</span> <span class='ocrx_word' id='word_1_40' title='bbox 1327 1240 1458 1314; x_wconf 89' lang='lat' dir='ltr'>sed</span> <span class='ocrx_word' id='word_1_41' title='bbox 1503 1242 2030 1317; x_wconf 90' lang='lat' dir='ltr'>subalternata</span> <span class='ocrx_word' id='word_1_42' title='bbox 2082 1267 2199 1318; x_wconf 89' lang='lat' dir='ltr'>ac-</span> 
     </span>
     <span class='ocr_line' id='line_1_16' title="bbox 651 1353 2199 1458; baseline 0.006 -31"><span class='ocrx_word' id='word_1_43' title='bbox 651 1353 835 1451; x_wconf 86' lang='lat' dir='ltr'>cipit</span> <span class='ocrx_word' id='word_1_44' title='bbox 874 1378 1017 1429; x_wconf 87' lang='lat' dir='ltr'>sua</span> <span class='ocrx_word' id='word_1_45' title='bbox 1076 1356 1456 1454; x_wconf 86' lang='lat' dir='ltr'>principia</span> <span class='ocrx_word' id='word_1_46' title='bbox 1520 1366 1839 1456; x_wconf 80' lang='lat' dir='ltr'>propter</span> <span class='ocrx_word' id='word_1_47' title='bbox 1886 1360 2078 1458; x_wconf 78' lang='lat' dir='ltr'>quid</span> <span class='ocrx_word' id='word_1_48' title='bbox 2153 1386 2199 1437; x_wconf 87' lang='lat' dir='ltr'>a</span> 
     </span>
     <span class='ocr_line' id='line_1_17' title="bbox 646 1470 2198 1552; baseline 0.006 -10"><span class='ocrx_word' id='word_1_49' title='bbox 646 1470 971 1545; x_wconf 89' lang='lat' dir='ltr'>scientia</span> <span class='ocrx_word' id='word_1_50' title='bbox 1064 1473 1670 1549; x_wconf 88' lang='lat' dir='ltr'>subalternante.</span> <span class='ocrx_word' id='word_1_51' title='bbox 1746 1478 1836 1550; x_wconf 88' lang='lat' dir='ltr'>Et</span> <span class='ocrx_word' id='word_1_52' title='bbox 1929 1500 2198 1552; x_wconf 91' lang='lat' dir='ltr'>secun-</span> 
     </span>
     <span class='ocr_line' id='line_1_18' title="bbox 649 1589 2191 1688; baseline 0.006 -25"><span class='ocrx_word' id='word_1_53' title='bbox 649 1589 833 1663; x_wconf 92' lang='lat' dir='ltr'>dum</span> <span class='ocrx_word' id='word_1_54' title='bbox 870 1591 1015 1665; x_wconf 89' lang='lat' dir='ltr'>hoc</span> <span class='ocrx_word' id='word_1_55' title='bbox 1040 1615 1454 1688; x_wconf 89' lang='lat' dir='ltr'>possumus</span> <span class='ocrx_word' id='word_1_56' title='bbox 1481 1594 1762 1668; x_wconf 90' lang='lat' dir='ltr'>habere</span> <span class='ocrx_word' id='word_1_57' title='bbox 1792 1595 2191 1671; x_wconf 85' lang='lat' dir='ltr'>scientiam</span> 
     </span>
     <span class='ocr_line' id='line_1_19' title="bbox 650 1705 2196 1811; baseline 0.005 -32"><span class='ocrx_word' id='word_1_58' title='bbox 650 1705 742 1779; x_wconf 98' lang='grc'>(19</span> <span class='ocrx_word' id='word_1_59' title='bbox 803 1706 1328 1799; x_wconf 80' lang='lat' dir='ltr'>credibilibus,</span> <span class='ocrx_word' id='word_1_60' title='bbox 1395 1731 1569 1806; x_wconf 77' lang='lat' dir='ltr'>quae</span> <span class='ocrx_word' id='word_1_61' title='bbox 1665 1714 2196 1811; x_wconf 80' lang='lat' dir='ltr'>praesupponit</span> 
     </span>
     <span class='ocr_line' id='line_1_20' title="bbox 648 1822 2195 1921; baseline 0.005 -25"><span class='ocrx_word' id='word_1_62' title='bbox 648 1845 792 1896; x_wconf 87' lang='lat' dir='ltr'>sua</span> <span class='ocrx_word' id='word_1_63' title='bbox 858 1822 1237 1921; x_wconf 90' lang='lat' dir='ltr'>principia</span> <span class='ocrx_word' id='word_1_64' title='bbox 1345 1848 1511 1899; x_wconf 87' lang='lat' dir='ltr'>esse</span> <span class='ocrx_word' id='word_1_65' title='bbox 1601 1835 1786 1902; x_wconf 87' lang='lat' dir='ltr'>nota</span> <span class='ocrx_word' id='word_1_66' title='bbox 1870 1828 1947 1901; x_wconf 94' lang='lat' dir='ltr'>in</span> <span class='ocrx_word' id='word_1_67' title='bbox 2043 1830 2195 1904; x_wconf 86' lang='lat' dir='ltr'>alia</span> 
     </span>
     <span class='ocr_line' id='line_1_21' title="bbox 648 1937 2194 2041; baseline 0.005 -29"><span class='ocrx_word' id='word_1_68' title='bbox 648 1937 969 2012; x_wconf 87' lang='lat' dir='ltr'>scientia</span> <span class='ocrx_word' id='word_1_69' title='bbox 1072 1940 1679 2036; x_wconf 87' lang='lat' dir='ltr'>subalternante,</span> <span class='ocrx_word' id='word_1_70' title='bbox 1748 1966 1979 2041; x_wconf 88' lang='lat' dir='ltr'>quam</span> <span class='ocrx_word' id='word_1_71' title='bbox 2050 1947 2194 2019; x_wconf 90' lang='lat' dir='ltr'>ha-</span> 
     </span>
     <span class='ocr_line' id='line_1_22' title="bbox 646 2052 2191 2151; baseline 0.006 -25"><span class='ocrx_word' id='word_1_72' title='bbox 646 2052 830 2127; x_wconf 85' lang='lat' dir='ltr'>bent</span> <span class='ocrx_word' id='word_1_73' title='bbox 898 2054 1158 2129; x_wconf 88' lang='lat' dir='ltr'>Sancti</span> <span class='ocrx_word' id='word_1_74' title='bbox 1235 2055 1312 2128; x_wconf 89' lang='lat' dir='ltr'>in</span> <span class='ocrx_word' id='word_1_75' title='bbox 1368 2056 1668 2133; x_wconf 81' lang='lat' dir='ltr'>visione</span> <span class='ocrx_word' id='word_1_76' title='bbox 1736 2060 1983 2151; x_wconf 87' lang='lat' dir='ltr'>beata,</span> <span class='ocrx_word' id='word_1_77' title='bbox 2057 2063 2191 2137; x_wconf 91' lang='lat' dir='ltr'>sed</span> 
     </span>
     <span class='ocr_line' id='line_1_23' title="bbox 649 2168 2087 2270; baseline 0.006 -30"><span class='ocrx_word' id='word_1_78' title='bbox 649 2168 979 2268; x_wconf 80' lang='lat' dir='ltr'>primam</span> <span class='ocrx_word' id='word_1_79' title='bbox 1015 2172 1301 2246; x_wconf 90' lang='lat' dir='ltr'>habent</span> <span class='ocrx_word' id='word_1_80' title='bbox 1330 2172 1692 2270; x_wconf 89' lang='lat' dir='ltr'>Theologi</span> <span class='ocrx_word' id='word_1_81' title='bbox 1727 2175 2087 2251; x_wconf 78' lang='lat' dir='ltr'>viatores,</span> 
     </span>
    </p>

    <p class='ocr_par' dir='ltr' id='par_1_5' title="bbox 632 2288 2193 3769">
     <span class='ocr_line' id='line_1_24' title="bbox 749 2288 2193 2391; baseline 0.008 -33"><span class='ocrx_word' id='word_1_82' title='bbox 749 2289 858 2359; x_wconf 82' lang='lat' dir='ltr'>Ex</span> <span class='ocrx_word' id='word_1_83' title='bbox 889 2288 1034 2362; x_wconf 92' lang='lat' dir='ltr'>hoc</span> <span class='ocrx_word' id='word_1_84' title='bbox 1077 2312 1212 2385; x_wconf 92' lang='lat' dir='ltr'>pro</span> <span class='ocrx_word' id='word_1_85' title='bbox 1255 2288 1400 2363; x_wconf 90' lang='lat' dir='ltr'>ista</span> <span class='ocrx_word' id='word_1_86' title='bbox 1439 2290 1804 2388; x_wconf 89' lang='lat' dir='ltr'>opinione</span> <span class='ocrx_word' id='word_1_87' title='bbox 1839 2295 2193 2391; x_wconf 80' lang='lat' dir='ltr'>arguitur</span> 
     </span>
     <span class='ocr_line' id='line_1_25' title="bbox 650 2403 2185 2500; baseline 0.005 -22"><span class='ocrx_word' id='word_1_88' title='bbox 650 2403 806 2478; x_wconf 90' lang='lat' dir='ltr'>sic:</span> <span class='ocrx_word' id='word_1_89' title='bbox 882 2404 1422 2480; x_wconf 88' lang='lat' dir='ltr'>Subalternata</span> <span class='ocrx_word' id='word_1_90' title='bbox 1478 2416 1591 2482; x_wconf 90' lang='lat' dir='ltr'>est</span> <span class='ocrx_word' id='word_1_91' title='bbox 1648 2409 2008 2500; x_wconf 87' lang='lat' dir='ltr'>scientia;</span> <span class='ocrx_word' id='word_1_92' title='bbox 2055 2413 2185 2486; x_wconf 84' lang='lat' dir='ltr'>sed</span> 
     </span>
     <span class='ocr_line' id='line_1_26' title="bbox 647 2518 2183 2623; baseline 0.007 -32"><span class='ocrx_word' id='word_1_93' title='bbox 647 2518 814 2617; x_wconf 86' lang='lat' dir='ltr'>ipsa</span> <span class='ocrx_word' id='word_1_94' title='bbox 890 2520 1349 2619; x_wconf 78' lang='lat' dir='ltr'>inquantum</span> <span class='ocrx_word' id='word_1_95' title='bbox 1445 2534 1559 2597; x_wconf 88' lang='lat' dir='ltr'>est</span> <span class='ocrx_word' id='word_1_96' title='bbox 1634 2525 2183 2623; x_wconf 88' lang='lat' dir='ltr'>subalternata,</span> 
     </span>
     <span class='ocr_line' id='line_1_27' title="bbox 647 2638 2190 2744; baseline 0.007 -34"><span class='ocrx_word' id='word_1_97' title='bbox 647 2638 1177 2736; x_wconf 81' lang='lat' dir='ltr'>proesupponit</span> <span class='ocrx_word' id='word_1_98' title='bbox 1206 2663 1347 2714; x_wconf 85' lang='lat' dir='ltr'>sua</span> <span class='ocrx_word' id='word_1_99' title='bbox 1403 2640 1780 2740; x_wconf 90' lang='lat' dir='ltr'>principia</span> <span class='ocrx_word' id='word_1_100' title='bbox 1822 2667 1989 2720; x_wconf 89' lang='lat' dir='ltr'>esse</span> <span class='ocrx_word' id='word_1_101' title='bbox 2021 2669 2190 2744; x_wconf 90' lang='lat' dir='ltr'>pro-</span> 
     </span>
     <span class='ocr_line' id='line_1_28' title="bbox 646 2754 2184 2859; baseline 0.006 -30"><span class='ocrx_word' id='word_1_102' title='bbox 646 2755 822 2829; x_wconf 88' lang='lat' dir='ltr'>bata</span> <span class='ocrx_word' id='word_1_103' title='bbox 859 2754 938 2828; x_wconf 92' lang='lat' dir='ltr'>in</span> <span class='ocrx_word' id='word_1_104' title='bbox 1008 2755 1158 2830; x_wconf 88' lang='lat' dir='ltr'>alia</span> <span class='ocrx_word' id='word_1_105' title='bbox 1213 2757 1561 2849; x_wconf 90' lang='lat' dir='ltr'>scientia,</span> <span class='ocrx_word' id='word_1_106' title='bbox 1642 2759 1747 2835; x_wconf 89' lang='lat' dir='ltr'>ita</span> <span class='ocrx_word' id='word_1_107' title='bbox 1778 2761 1985 2859; x_wconf 92' lang='lat' dir='ltr'>quod</span> <span class='ocrx_word' id='word_1_108' title='bbox 2026 2787 2184 2838; x_wconf 91' lang='lat' dir='ltr'>non</span> 
     </span>
     <span class='ocr_line' id='line_1_29' title="bbox 641 2870 2187 2973; baseline 0.005 -26"><span class='ocrx_word' id='word_1_109' title='bbox 641 2870 1035 2968; x_wconf 84' lang='lat' dir='ltr'>cognoscit</span> <span class='ocrx_word' id='word_1_110' title='bbox 1075 2895 1165 2947; x_wconf 89' lang='lat' dir='ltr'>ea</span> <span class='ocrx_word' id='word_1_111' title='bbox 1220 2885 1546 2972; x_wconf 80' lang='lat' dir='ltr'>propter</span> <span class='ocrx_word' id='word_1_112' title='bbox 1571 2876 1784 2973; x_wconf 77' lang='lat' dir='ltr'>quid,</span> <span class='ocrx_word' id='word_1_113' title='bbox 1823 2900 1963 2952; x_wconf 90' lang='lat' dir='ltr'>nec</span> <span class='ocrx_word' id='word_1_114' title='bbox 2004 2889 2187 2954; x_wconf 90' lang='lat' dir='ltr'>sunt</span> 
     </span>
     <span class='ocr_line' id='line_1_30' title="bbox 639 2986 2185 3095; baseline 0.005 -32"><span class='ocrx_word' id='word_1_115' title='bbox 639 2986 1053 3083; x_wconf 88' lang='lat' dir='ltr'>evidentia,</span> <span class='ocrx_word' id='word_1_116' title='bbox 1090 2989 1219 3064; x_wconf 88' lang='lat' dir='ltr'>sed</span> <span class='ocrx_word' id='word_1_117' title='bbox 1260 2999 1550 3065; x_wconf 91' lang='lat' dir='ltr'>tantum</span> <span class='ocrx_word' id='word_1_118' title='bbox 1584 2993 1898 3087; x_wconf 88' lang='lat' dir='ltr'>credita,</span> <span class='ocrx_word' id='word_1_119' title='bbox 1944 3004 2017 3070; x_wconf 90' lang='lat' dir='ltr'>et</span> <span class='ocrx_word' id='word_1_120' title='bbox 2047 3021 2185 3095; x_wconf 88' lang='lat' dir='ltr'>per</span> 
     </span>
     <span class='ocr_line' id='line_1_31' title="bbox 636 3112 2180 3215; baseline 0.006 -32"><span class='ocrx_word' id='word_1_121' title='bbox 636 3131 1122 3207; x_wconf 88' lang='lat' dir='ltr'>consequens</span> <span class='ocrx_word' id='word_1_122' title='bbox 1196 3132 1370 3185; x_wconf 87' lang='lat' dir='ltr'>cum</span> <span class='ocrx_word' id='word_1_123' title='bbox 1450 3112 1771 3188; x_wconf 86' lang='lat' dir='ltr'>scientia</span> <span class='ocrx_word' id='word_1_124' title='bbox 1830 3127 2180 3215; x_wconf 86' lang='lat' dir='ltr'>respectu</span> 
     </span>
     <span class='ocr_line' id='line_1_32' title="bbox 634 3223 2183 3323; baseline 0.006 -24"><span class='ocrx_word' id='word_1_125' title='bbox 634 3225 979 3322; x_wconf 79' lang='lat' dir='ltr'>ejusdem</span> <span class='ocrx_word' id='word_1_126' title='bbox 1020 3226 1294 3323; x_wconf 88' lang='lat' dir='ltr'>objecti</span> <span class='ocrx_word' id='word_1_127' title='bbox 1325 3223 1569 3303; x_wconf 60' lang='lat' dir='ltr'>⁴stabit</span> <span class='ocrx_word' id='word_1_128' title='bbox 1638 3228 1852 3305; x_wconf 85' lang='lat' dir='ltr'>fides.</span> <span class='ocrx_word' id='word_1_129' title='bbox 1918 3236 2008 3306; x_wconf 90' lang='lat' dir='ltr'>Et</span> <span class='ocrx_word' id='word_1_130' title='bbox 2056 3258 2183 3309; x_wconf 91' lang='grc'>89-</span> 
     </span>
     <span class='ocr_line' id='line_1_33' title="bbox 632 3341 2182 3447; baseline 0.008 -33"><span class='ocrx_word' id='word_1_131' title='bbox 632 3341 895 3441; x_wconf 92' lang='lat' dir='ltr'>quitur</span> <span class='ocrx_word' id='word_1_132' title='bbox 969 3343 1198 3419; x_wconf 88' lang='lat' dir='ltr'>etiam</span> <span class='ocrx_word' id='word_1_133' title='bbox 1305 3346 1511 3442; x_wconf 91' lang='lat' dir='ltr'>quod</span> <span class='ocrx_word' id='word_1_134' title='bbox 1567 3347 1988 3447; x_wconf 84' lang='lat' dir='ltr'>Theologia</span> <span class='ocrx_word' id='word_1_135' title='bbox 2084 3352 2182 3427; x_wconf 87' lang='lat' dir='ltr'>sit</span> 
     </span>
     <span class='ocr_line' id='line_1_34' title="bbox 632 3459 2182 3565; baseline 0.007 -34"><span class='ocrx_word' id='word_1_136' title='bbox 632 3483 818 3534; x_wconf 88' lang='lat' dir='ltr'>vera</span> <span class='ocrx_word' id='word_1_137' title='bbox 848 3459 1195 3554; x_wconf 88' lang='lat' dir='ltr'>scientia,</span> <span class='ocrx_word' id='word_1_138' title='bbox 1219 3463 1576 3558; x_wconf 88' lang='lat' dir='ltr'>quamvis</span> <span class='ocrx_word' id='word_1_139' title='bbox 1598 3464 1766 3559; x_wconf 88' lang='lat' dir='ltr'>ejus</span> <span class='ocrx_word' id='word_1_140' title='bbox 1799 3466 2182 3565; x_wconf 89' lang='lat' dir='ltr'>principia</span> 
     </span>
     <span class='ocr_line' id='line_1_35' title="bbox 637 3575 2184 3676; baseline 0.006 -28"><span class='ocrx_word' id='word_1_141' title='bbox 637 3575 790 3649; x_wconf 88' lang='lat' dir='ltr'>sint</span> <span class='ocrx_word' id='word_1_142' title='bbox 834 3575 1229 3649; x_wconf 88' lang='lat' dir='ltr'>credibilia</span> <span class='ocrx_word' id='word_1_143' title='bbox 1295 3585 1368 3651; x_wconf 90' lang='lat' dir='ltr'>et</span> <span class='ocrx_word' id='word_1_144' title='bbox 1434 3579 1857 3676; x_wconf 83' lang='lat' dir='ltr'>supposita,</span> <span class='ocrx_word' id='word_1_145' title='bbox 1938 3591 2013 3656; x_wconf 89' lang='lat' dir='ltr'>et</span> <span class='ocrx_word' id='word_1_146' title='bbox 2080 3583 2184 3658; x_wconf 85' lang='lat' dir='ltr'>ita</span> 
     </span>
     <span class='ocr_line' id='line_1_36' title="bbox 639 3691 1733 3769; baseline 0.004 -5"><span class='ocrx_word' id='word_1_147' title='bbox 639 3715 792 3765; x_wconf 89' lang='lat' dir='ltr'>non</span> <span class='ocrx_word' id='word_1_148' title='bbox 828 3702 1008 3766; x_wconf 91' lang='lat' dir='ltr'>nota</span> <span class='ocrx_word' id='word_1_149' title='bbox 1039 3715 1133 3766; x_wconf 88' lang='lat' dir='ltr'>ex</span> <span class='ocrx_word' id='word_1_150' title='bbox 1171 3691 1557 3769; x_wconf 85' lang='lat' dir='ltr'>evidentia</span> <span class='ocrx_word' id='word_1_151' title='bbox 1597 3695 1733 3769; x_wconf 88' lang='lat' dir='ltr'>rei.</span> 
     </span>
    </p>

    <p class='ocr_par' dir='ltr' id='par_1_6' title="bbox 616 3806 2183 5545">
     <span class='ocr_line' id='line_1_37' title="bbox 738 3806 2177 3911; baseline 0.006 -32"><span class='ocrx_word' id='word_1_152' title='bbox 738 3806 1149 3903; x_wconf 85' lang='lat' dir='ltr'>Praeterea,</span> <span class='ocrx_word' id='word_1_153' title='bbox 1187 3808 1678 3908; x_wconf 79' lang='lat' dir='ltr'>perspectiva</span> <span class='ocrx_word' id='word_1_154' title='bbox 1717 3811 2177 3911; x_wconf 83' lang='lat' dir='ltr'>inquantum</span> 
     </span>
     <span class='ocr_line' id='line_1_38' title="bbox 639 3925 2183 4028; baseline 0.004 -28"><span class='ocrx_word' id='word_1_155' title='bbox 639 3925 1158 4024; x_wconf 81' lang='lat' dir='ltr'>perspectiva,</span> <span class='ocrx_word' id='word_1_156' title='bbox 1215 3935 1329 4002; x_wconf 88' lang='lat' dir='ltr'>est</span> <span class='ocrx_word' id='word_1_157' title='bbox 1368 3928 1736 4024; x_wconf 82' lang='lat' dir='ltr'>scientia3</span> <span class='ocrx_word' id='word_1_158' title='bbox 1791 3955 1973 4028; x_wconf 86' lang='lat' dir='ltr'>ergo</span> <span class='ocrx_word' id='word_1_159' title='bbox 2007 3932 2183 4006; x_wconf 91' lang='lat' dir='ltr'>Per-</span> 
     </span>
     <span class='ocr_line' id='line_1_39' title="bbox 637 4044 2175 4147; baseline 0.004 -28"><span class='ocrx_word' id='word_1_160' title='bbox 637 4044 1026 4142; x_wconf 89' lang='lat' dir='ltr'>spectivus</span> <span class='ocrx_word' id='word_1_161' title='bbox 1084 4044 1544 4144; x_wconf 90' lang='lat' dir='ltr'>inquantum</span> <span class='ocrx_word' id='word_1_162' title='bbox 1605 4047 2175 4147; x_wconf 82' lang='lat' dir='ltr'>PerspectivuS,</span> 
     </span>
     <span class='ocr_line' id='line_1_40' title="bbox 633 4160 2177 4264; baseline 0.005 -29"><span class='ocrx_word' id='word_1_163' title='bbox 633 4168 747 4235; x_wconf 89' lang='lat' dir='ltr'>est</span> <span class='ocrx_word' id='word_1_164' title='bbox 788 4160 1066 4249; x_wconf 89' lang='lat' dir='ltr'>sciens,</span> <span class='ocrx_word' id='word_1_165' title='bbox 1150 4162 1589 4259; x_wconf 87' lang='lat' dir='ltr'>replicando</span> <span class='ocrx_word' id='word_1_166' title='bbox 1661 4164 1850 4238; x_wconf 88' lang='lat' dir='ltr'>illud</span> <span class='ocrx_word' id='word_1_167' title='bbox 1912 4189 1957 4240; x_wconf 87' lang='lat' dir='ltr'>a</span> <span class='ocrx_word' id='word_1_168' title='bbox 2024 4191 2177 4264; x_wconf 92' lang='lat' dir='ltr'>quo</span> 
     </span>
     <span class='ocr_line' id='line_1_41' title="bbox 630 4276 2177 4378; baseline 0.004 -28"><span class='ocrx_word' id='word_1_169' title='bbox 630 4276 1174 4352; x_wconf 88' lang='lat' dir='ltr'>denominatur</span> <span class='ocrx_word' id='word_1_170' title='bbox 1304 4278 1887 4378; x_wconf 87' lang='lat' dir='ltr'>Perspectivus.</span> <span class='ocrx_word' id='word_1_171' title='bbox 2027 4284 2177 4359; x_wconf 87' lang='lat' dir='ltr'>Sed</span> 
     </span>
     <span class='ocr_line' id='line_1_42' title="bbox 628 4393 2175 4493; baseline 0.003 -26"><span class='ocrx_word' id='word_1_172' title='bbox 628 4393 1170 4490; x_wconf 86' lang='lat' dir='ltr'>Perspectivus</span> <span class='ocrx_word' id='word_1_173' title='bbox 1220 4394 1685 4490; x_wconf 89' lang='lat' dir='ltr'>inquantum</span> <span class='ocrx_word' id='word_1_174' title='bbox 1729 4397 2175 4493; x_wconf 91' lang='lat' dir='ltr'>hujusmodi</span> 
     </span>
     <span class='ocr_line' id='line_1_43' title="bbox 623 4509 2175 4609; baseline 0.003 -26"><span class='ocrx_word' id='word_1_175' title='bbox 623 4534 780 4584; x_wconf 91' lang='lat' dir='ltr'>non</span> <span class='ocrx_word' id='word_1_176' title='bbox 851 4510 1081 4584; x_wconf 88' lang='lat' dir='ltr'>habet</span> <span class='ocrx_word' id='word_1_177' title='bbox 1155 4509 1537 4609; x_wconf 88' lang='lat' dir='ltr'>principia</span> <span class='ocrx_word' id='word_1_178' title='bbox 1621 4512 2007 4588; x_wconf 88' lang='lat' dir='ltr'>evidentia</span> <span class='ocrx_word' id='word_1_179' title='bbox 2083 4539 2175 4590; x_wconf 86' lang='lat' dir='ltr'>ex</span> 
     </span>
     <span class='ocr_line' id='line_1_44' title="bbox 622 4625 2176 4725; baseline 0.005 -27"><span class='ocrx_word' id='word_1_180' title='bbox 622 4625 1001 4721; x_wconf 88' lang='lat' dir='ltr'>terminis,</span> <span class='ocrx_word' id='word_1_181' title='bbox 1051 4650 1192 4700; x_wconf 91' lang='lat' dir='ltr'>nec</span> <span class='ocrx_word' id='word_1_182' title='bbox 1248 4626 1711 4725; x_wconf 87' lang='lat' dir='ltr'>inquantum</span> <span class='ocrx_word' id='word_1_183' title='bbox 1772 4630 1969 4725; x_wconf 88' lang='lat' dir='ltr'>talis,</span> <span class='ocrx_word' id='word_1_184' title='bbox 2034 4634 2176 4707; x_wconf 89' lang='lat' dir='ltr'>scit</span> 
     </span>
     <span class='ocr_line' id='line_1_45' title="bbox 622 4743 2166 4846; baseline 0.005 -31"><span class='ocrx_word' id='word_1_185' title='bbox 622 4744 1000 4818; x_wconf 82' lang='lat' dir='ltr'>deducere</span> <span class='ocrx_word' id='word_1_186' title='bbox 1032 4743 1127 4818; x_wconf 92' lang='lat' dir='ltr'>ad</span> <span class='ocrx_word' id='word_1_187' title='bbox 1148 4744 1613 4819; x_wconf 87' lang='lat' dir='ltr'>evidentiam</span> <span class='ocrx_word' id='word_1_188' title='bbox 1647 4770 1739 4820; x_wconf 88' lang='lat' dir='ltr'>ex</span> <span class='ocrx_word' id='word_1_189' title='bbox 1770 4748 2119 4823; x_wconf 90' lang='lat' dir='ltr'>terminis</span> <span class='ocrx_word' id='word_1_190' title='bbox 2146 4778 2166 4846; x_wconf 83' lang='lat'><em>3</em></span> 
     </span>
     <span class='ocr_line' id='line_1_46' title="bbox 620 4858 2173 4962; baseline 0.003 -28"><span class='ocrx_word' id='word_1_191' title='bbox 620 4882 803 4956; x_wconf 89' lang='lat' dir='ltr'>ergo</span> <span class='ocrx_word' id='word_1_192' title='bbox 873 4858 1154 4957; x_wconf 88' lang='lat' dir='ltr'>aliquis</span> <span class='ocrx_word' id='word_1_193' title='bbox 1206 4871 1455 4958; x_wconf 89' lang='lat' dir='ltr'>potest</span> <span class='ocrx_word' id='word_1_194' title='bbox 1513 4885 1680 4936; x_wconf 91' lang='lat' dir='ltr'>esse</span> <span class='ocrx_word' id='word_1_195' title='bbox 1722 4862 2173 4962; x_wconf 89' lang='lat' dir='ltr'>simpliciter</span> 
     </span>
     <span class='ocr_line' id='line_1_47' title="bbox 619 4977 2169 5077; baseline 0.003 -25"><span class='ocrx_word' id='word_1_196' title='bbox 619 4977 898 5065; x_wconf 81' lang='lat' dir='ltr'>scienS,</span> <span class='ocrx_word' id='word_1_197' title='bbox 964 4977 1143 5052; x_wconf 89' lang='lat' dir='ltr'>licet</span> <span class='ocrx_word' id='word_1_198' title='bbox 1175 4979 1556 5077; x_wconf 86' lang='lat' dir='ltr'>principia</span> <span class='ocrx_word' id='word_1_199' title='bbox 1614 5004 1767 5054; x_wconf 91' lang='lat' dir='ltr'>non</span> <span class='ocrx_word' id='word_1_200' title='bbox 1831 4981 1983 5054; x_wconf 90' lang='lat' dir='ltr'>sint</span> <span class='ocrx_word' id='word_1_201' title='bbox 2024 4983 2169 5057; x_wconf 90' lang='lat' dir='ltr'>sibi</span> 
     </span>
     <span class='ocr_line' id='line_1_48' title="bbox 617 5095 2170 5195; baseline 0.005 -27"><span class='ocrx_word' id='word_1_202' title='bbox 617 5104 854 5189; x_wconf 81' lang='lat' dir='ltr'>nota3</span> <span class='ocrx_word' id='word_1_203' title='bbox 915 5095 1198 5193; x_wconf 89' lang='lat' dir='ltr'>aliquis</span> <span class='ocrx_word' id='word_1_204' title='bbox 1245 5096 1449 5171; x_wconf 89' lang='lat' dir='ltr'>enim</span> <span class='ocrx_word' id='word_1_205' title='bbox 1484 5107 1733 5195; x_wconf 88' lang='lat' dir='ltr'>potest</span> <span class='ocrx_word' id='word_1_206' title='bbox 1778 5122 1948 5175; x_wconf 90' lang='lat' dir='ltr'>esse</span> <span class='ocrx_word' id='word_1_207' title='bbox 1993 5100 2170 5178; x_wconf 90' lang='lat' dir='ltr'>Per-</span> 
     </span>
     <span class='ocr_line' id='line_1_49' title="bbox 619 5213 2162 5314; baseline 0.001 -24"><span class='ocrx_word' id='word_1_208' title='bbox 619 5214 1032 5312; x_wconf 85' lang='lat' dir='ltr'>spectivus,</span> <span class='ocrx_word' id='word_1_209' title='bbox 1106 5213 1282 5288; x_wconf 90' lang='lat' dir='ltr'>licet</span> <span class='ocrx_word' id='word_1_210' title='bbox 1352 5239 1500 5288; x_wconf 91' lang='lat' dir='ltr'>non</span> <span class='ocrx_word' id='word_1_211' title='bbox 1581 5215 1676 5291; x_wconf 92' lang='lat' dir='ltr'>sit</span> <span class='ocrx_word' id='word_1_212' title='bbox 1730 5217 2162 5314; x_wconf 87' lang='lat' dir='ltr'>Geometer,</span> 
     </span>
     <span class='ocr_line' id='line_1_50' title="bbox 617 5330 2166 5432; baseline 0.006 -28"><span class='ocrx_word' id='word_1_213' title='bbox 617 5330 749 5428; x_wconf 91' lang='lat' dir='ltr'>qui</span> <span class='ocrx_word' id='word_1_214' title='bbox 801 5340 915 5406; x_wconf 90' lang='lat' dir='ltr'>est</span> <span class='ocrx_word' id='word_1_215' title='bbox 982 5331 1235 5406; x_wconf 91' lang='lat' dir='ltr'>sciens</span> <span class='ocrx_word' id='word_1_216' title='bbox 1301 5339 1623 5431; x_wconf 74' lang='lat' dir='ltr'>propter</span> <span class='ocrx_word' id='word_1_217' title='bbox 1687 5334 1878 5432; x_wconf 74' lang='lat' dir='ltr'>quid</span> <span class='ocrx_word' id='word_1_218' title='bbox 1897 5363 1916 5429; x_wconf 84' lang='lat'>3</span> <span class='ocrx_word' id='word_1_219' title='bbox 1982 5359 2166 5432; x_wconf 89' lang='lat' dir='ltr'>ergo</span> 
     </span>
     <span class='ocr_line' id='line_1_51' title="bbox 616 5445 2168 5545; baseline 0.005 -26"><span class='ocrx_word' id='word_1_220' title='bbox 616 5446 928 5519; x_wconf 89' lang='lat' dir='ltr'>stabunt</span> <span class='ocrx_word' id='word_1_221' title='bbox 981 5445 1238 5540; x_wconf 89' lang='lat' dir='ltr'>simul,</span> <span class='ocrx_word' id='word_1_222' title='bbox 1312 5448 1516 5543; x_wconf 92' lang='lat' dir='ltr'>quod</span> <span class='ocrx_word' id='word_1_223' title='bbox 1612 5448 1892 5545; x_wconf 87' lang='lat' dir='ltr'>aliquis</span> <span class='ocrx_word' id='word_1_224' title='bbox 1973 5451 2168 5527; x_wconf 86' lang='lat' dir='ltr'>sciat</span> 
     </span>
    </p>
   </div>
   <div class='ocr_carea' id='block_1_5' title="bbox 2080 363 2489 441">
    <p class='ocr_par' dir='ltr' id='par_1_7' title="bbox 2080 363 2489 441">
     <span class='ocr_line' id='line_1_52' title="bbox 2080 363 2489 441; baseline 0.024 -11"><span class='ocrx_word' id='word_1_225' title='bbox 2080 363 2322 435; x_wconf 85' lang='lat' dir='ltr'>LIBRI</span> <span class='ocrx_word' id='word_1_226' title='bbox 2369 368 2489 441; x_wconf 92' lang='lat' dir='ltr'>III.</span> 
     </span>
    </p>
   </div>
   <div class='ocr_carea' id='block_1_6' title="bbox 2321 550 3866 735">
    <p class='ocr_par' dir='ltr' id='par_1_8' title="bbox 2321 550 3866 735">
     <span class='ocr_line' id='line_1_53' title="bbox 2321 550 3866 731; baseline 0.019 -116"><span class='ocrx_word' id='word_1_227' title='bbox 2321 556 2675 731; x_wconf 57' lang='lat' dir='ltr'>reslpectu</span> <span class='ocrx_word' id='word_1_228' title='bbox 2738 550 3110 651; x_wconf 88' lang='lat' dir='ltr'>ejusdem,</span> <span class='ocrx_word' id='word_1_229' title='bbox 3174 563 3376 658; x_wconf 93' lang='lat' dir='ltr'>quod</span> <span class='ocrx_word' id='word_1_230' title='bbox 3447 564 3726 642; x_wconf 90' lang='lat' dir='ltr'>dicitur</span> <span class='ocrx_word' id='word_1_231' title='bbox 3770 570 3866 645; x_wconf 91' lang='lat' dir='ltr'>ab</span> 
     </span>
     <span class='ocr_line' id='line_1_54' title="bbox 2321 681 2618 735; baseline 0 -1"><span class='ocrx_word' id='word_1_232' title='bbox 2321 681 2411 734; x_wconf 91' lang='lat' dir='ltr'>eo</span> <span class='ocrx_word' id='word_1_233' title='bbox 2471 684 2618 735; x_wconf 88' lang='lat' dir='ltr'>em.</span> 
     </span>
    </p>
   </div>
   <div class='ocr_carea' id='block_1_7' title="bbox 2310 782 4183 1483">
    <p class='ocr_par' dir='ltr' id='par_1_9' title="bbox 2310 782 4183 1483">
     <span class='ocr_line' id='line_1_55' title="bbox 2416 782 4090 901; baseline 0.022 -49"><span class='ocrx_word' id='word_1_234' title='bbox 2416 782 2936 863; x_wconf 83' lang='lat' dir='ltr'>Confirmatur</span> <span class='ocrx_word' id='word_1_235' title='bbox 3000 817 3140 892; x_wconf 86' lang='lat' dir='ltr'>per</span> <span class='ocrx_word' id='word_1_236' title='bbox 3192 796 3757 901; x_wconf 83' lang='lat' dir='ltr'>Philosophum</span> <span class='ocrx_word' id='word_1_237' title='bbox 3791 818 3867 883; x_wconf 89' lang='lat' dir='ltr'>et</span> <span class='ocrx_word' id='word_1_238' title='bbox 4026 807 4090 872; x_wconf 75' lang='lat'>5·</span> 
     </span>
     <span class='ocr_line' id='line_1_56' title="bbox 2315 898 4183 1020; baseline 0.019 -50"><span class='ocrx_word' id='word_1_239' title='bbox 2315 898 3013 981; x_wconf 90' lang='lat' dir='ltr'>Commentatorem</span> <span class='ocrx_word' id='word_1_240' title='bbox 3076 912 3146 984; x_wconf 87' lang='grc'>6.</span> <span class='ocrx_word' id='word_1_241' title='bbox 3216 916 3474 992; x_wconf 79' lang='lat' dir='ltr'>Eclzz&#39;c.</span> <span class='ocrx_word' id='word_1_242' title='bbox 3557 946 3721 1020; x_wconf 81' lang='lat' dir='ltr'>cap.</span> <span class='ocrx_word' id='word_1_243' title='bbox 3787 926 3855 1000; x_wconf 74' lang='lat'>4.</span> <span class='ocrx_word' id='word_1_244' title='bbox 3932 923 4183 973; x_wconf 78' lang='lat' dir='ltr'>Tertium.</span> 
     </span>
     <span class='ocr_line' id='line_1_57' title="bbox 2318 1014 3863 1137; baseline 0.019 -50"><span class='ocrx_word' id='word_1_245' title='bbox 2318 1014 2451 1111; x_wconf 93' lang='lat' dir='ltr'>qui</span> <span class='ocrx_word' id='word_1_246' title='bbox 2493 1016 2760 1093; x_wconf 91' lang='lat' dir='ltr'>dicunt</span> <span class='ocrx_word' id='word_1_247' title='bbox 2792 1022 2950 1098; x_wconf 91' lang='lat' dir='ltr'>sic:</span> <span class='ocrx_word' id='word_1_248' title='bbox 3005 1026 3197 1104; x_wconf 84' lang='lat' dir='ltr'>Cum</span> <span class='ocrx_word' id='word_1_249' title='bbox 3246 1034 3452 1110; x_wconf 77' lang='lat' dir='ltr'>enim</span> <span class='ocrx_word' id='word_1_250' title='bbox 3500 1036 3863 1137; x_wconf 72' lang='lat' dir='ltr'>aliquali-</span> 
     </span>
     <span class='ocr_line' id='line_1_58' title="bbox 2311 1137 3862 1254; baseline 0.019 -50"><span class='ocrx_word' id='word_1_251' title='bbox 2311 1137 2428 1205; x_wconf 79' lang='lat' dir='ltr'>ter</span> <span class='ocrx_word' id='word_1_252' title='bbox 2465 1138 2769 1231; x_wconf 73' lang='lat' dir='ltr'>coqnz&#39;ta</span> <span class='ocrx_word' id='word_1_253' title='bbox 2808 1144 2883 1214; x_wconf 82' lang='lat' dir='ltr'>et</span> <span class='ocrx_word' id='word_1_254' title='bbox 2910 1144 3204 1221; x_wconf 79' lang='lat' dir='ltr'>credita</span> <span class='ocrx_word' id='word_1_255' title='bbox 3250 1148 3419 1249; x_wconf 79' lang='lat' dir='ltr'>ipsa</span> <span class='ocrx_word' id='word_1_256' title='bbox 3446 1157 3862 1254; x_wconf 77' lang='lat' dir='ltr'>suntprin-</span> 
     </span>
     <span class='ocr_line' id='line_1_59' title="bbox 2310 1249 3855 1370; baseline 0.019 -49"><span class='ocrx_word' id='word_1_257' title='bbox 2310 1249 2518 1347; x_wconf 72' lang='lat' dir='ltr'>cipio</span> <span class='ocrx_word' id='word_1_258' title='bbox 2538 1279 2556 1345; x_wconf 89' lang='lat'>;</span> <span class='ocrx_word' id='word_1_259' title='bbox 2587 1253 2869 1330; x_wconf 84' lang='lat' dir='ltr'>sufficit</span> <span class='ocrx_word' id='word_1_260' title='bbox 2900 1282 3084 1357; x_wconf 91' lang='lat' dir='ltr'>ergo</span> <span class='ocrx_word' id='word_1_261' title='bbox 3125 1265 3408 1343; x_wconf 88' lang='lat' dir='ltr'>habere</span> <span class='ocrx_word' id='word_1_262' title='bbox 3442 1270 3855 1370; x_wconf 90' lang='lat' dir='ltr'>aliqualem</span> 
     </span>
     <span class='ocr_line' id='line_1_60' title="bbox 2310 1370 3857 1483; baseline 0.021 -44"><span class='ocrx_word' id='word_1_263' title='bbox 2310 1370 2829 1465; x_wconf 80' lang='lat' dir='ltr'>cognitionem</span> <span class='ocrx_word' id='word_1_264' title='bbox 2900 1379 3486 1483; x_wconf 90' lang='lat' dir='ltr'>principiorum,</span> <span class='ocrx_word' id='word_1_265' title='bbox 3571 1402 3652 1466; x_wconf 89' lang='lat' dir='ltr'>ut</span> <span class='ocrx_word' id='word_1_266' title='bbox 3727 1396 3857 1470; x_wconf 88' lang='lat' dir='ltr'>ha-</span> 
     </span>
    </p>
   </div>
   <div class='ocr_carea' id='block_1_8' title="bbox 2238 1486 4202 1586">
    <p class='ocr_par' dir='ltr' id='par_1_10' title="bbox 2238 1486 4202 1586">
     <span class='ocr_line' id='line_1_61' title="bbox 2238 1486 4202 1586; baseline 0.017 -28"><span class='ocrx_word' id='word_1_267' title='bbox 2238 1571 2242 1575; x_wconf 36' lang='grc'>,</span> <span class='ocrx_word' id='word_1_268' title='bbox 2306 1486 2580 1562; x_wconf 88' lang='lat' dir='ltr'>beatur</span> <span class='ocrx_word' id='word_1_269' title='bbox 2614 1491 2935 1569; x_wconf 87' lang='lat' dir='ltr'>scientia</span> <span class='ocrx_word' id='word_1_270' title='bbox 2990 1497 3080 1574; x_wconf 92' lang='lat' dir='ltr'>de</span> <span class='ocrx_word' id='word_1_271' title='bbox 3124 1506 3650 1584; x_wconf 89' lang='lat' dir='ltr'>conclusione.</span> <span class='ocrx_word' id='word_1_272' title='bbox 3700 1510 3852 1586; x_wconf 90' lang='lat' dir='ltr'>Un-</span> <span class='ocrx_word' id='word_1_273' title='bbox 3885 1522 4202 1582; x_wconf 63' lang='lat' dir='ltr'>eustratius.</span> 
     </span>
    </p>
   </div>
   <div class='ocr_carea' id='block_1_9' title="bbox 2274 1602 4165 5564">
    <p class='ocr_par' dir='ltr' id='par_1_11' title="bbox 2298 1602 3852 2642">
     <span class='ocr_line' id='line_1_62' title="bbox 2308 1602 3849 1725; baseline 0.018 -50"><span class='ocrx_word' id='word_1_274' title='bbox 2308 1602 2400 1676; x_wconf 92' lang='lat' dir='ltr'>de</span> <span class='ocrx_word' id='word_1_275' title='bbox 2451 1604 3022 1687; x_wconf 89' lang='lat' dir='ltr'>Commentator</span> <span class='ocrx_word' id='word_1_276' title='bbox 3098 1617 3379 1695; x_wconf 69' lang='lat' dir='ltr'>ibidem</span> <span class='ocrx_word' id='word_1_277' title='bbox 3448 1627 3849 1725; x_wconf 87' lang='lat' dir='ltr'>vultquod</span> 
     </span>
     <span class='ocr_line' id='line_1_63' title="bbox 2308 1720 3851 1821; baseline 0.019 -30"><span class='ocrx_word' id='word_1_278' title='bbox 2308 1720 2400 1793; x_wconf 83' lang='lat' dir='ltr'>ad</span> <span class='ocrx_word' id='word_1_279' title='bbox 2437 1723 2869 1800; x_wconf 87' lang='lat' dir='ltr'>habendam</span> <span class='ocrx_word' id='word_1_280' title='bbox 2940 1731 3344 1811; x_wconf 90' lang='lat' dir='ltr'>scientiam</span> <span class='ocrx_word' id='word_1_281' title='bbox 3404 1741 3687 1817; x_wconf 82' lang='lat' dir='ltr'>sufficit</span> <span class='ocrx_word' id='word_1_282' title='bbox 3724 1746 3851 1821; x_wconf 89' lang='lat' dir='ltr'>in-</span> 
     </span>
     <span class='ocr_line' id='line_1_64' title="bbox 2305 1835 3847 1950; baseline 0.019 -43"><span class='ocrx_word' id='word_1_283' title='bbox 2305 1835 2592 1931; x_wconf 83' lang='lat' dir='ltr'>ductiO,</span> <span class='ocrx_word' id='word_1_284' title='bbox 2639 1861 2815 1938; x_wconf 80' lang='lat' dir='ltr'>quae</span> <span class='ocrx_word' id='word_1_285' title='bbox 2863 1854 2976 1918; x_wconf 89' lang='lat' dir='ltr'>est</span> <span class='ocrx_word' id='word_1_286' title='bbox 3034 1871 3125 1923; x_wconf 86' lang='lat' dir='ltr'>ex</span> <span class='ocrx_word' id='word_1_287' title='bbox 3166 1850 3695 1950; x_wconf 87' lang='lat' dir='ltr'>singularibus</span> <span class='ocrx_word' id='word_1_288' title='bbox 3752 1864 3847 1936; x_wconf 90' lang='lat' dir='ltr'>ad</span> 
     </span>
     <span class='ocr_line' id='line_1_65' title="bbox 2307 1955 3852 2066; baseline 0.019 -38"><span class='ocrx_word' id='word_1_289' title='bbox 2307 1955 2771 2056; x_wconf 88' lang='lat' dir='ltr'>universale,</span> <span class='ocrx_word' id='word_1_290' title='bbox 2831 1972 2905 2037; x_wconf 89' lang='lat' dir='ltr'>et</span> <span class='ocrx_word' id='word_1_291' title='bbox 2976 1970 3302 2066; x_wconf 90' lang='lat' dir='ltr'>cognitis</span> <span class='ocrx_word' id='word_1_292' title='bbox 3370 1974 3479 2050; x_wconf 91' lang='lat' dir='ltr'>sic</span> <span class='ocrx_word' id='word_1_293' title='bbox 3531 1978 3852 2056; x_wconf 88' lang='lat' dir='ltr'>univer-</span> 
     </span>
     <span class='ocr_line' id='line_1_66' title="bbox 2303 2072 3845 2193; baseline 0.018 -46"><span class='ocrx_word' id='word_1_294' title='bbox 2303 2072 2594 2150; x_wconf 89' lang='lat' dir='ltr'>salibus</span> <span class='ocrx_word' id='word_1_295' title='bbox 2695 2079 3097 2180; x_wconf 90' lang='lat' dir='ltr'>principiis</span> <span class='ocrx_word' id='word_1_296' title='bbox 3186 2111 3279 2163; x_wconf 89' lang='lat' dir='ltr'>ex</span> <span class='ocrx_word' id='word_1_297' title='bbox 3367 2091 3845 2193; x_wconf 87' lang='lat' dir='ltr'>inductione,</span> 
     </span>
     <span class='ocr_line' id='line_1_67' title="bbox 2302 2194 3851 2305; baseline 0.02 -43"><span class='ocrx_word' id='word_1_298' title='bbox 2302 2194 2738 2270; x_wconf 87' lang='lat' dir='ltr'>necessario</span> <span class='ocrx_word' id='word_1_299' title='bbox 2780 2200 3131 2297; x_wconf 83' lang='lat' dir='ltr'>sequitur</span> <span class='ocrx_word' id='word_1_300' title='bbox 3171 2206 3517 2305; x_wconf 89' lang='lat' dir='ltr'>scientia,</span> <span class='ocrx_word' id='word_1_301' title='bbox 3554 2222 3628 2288; x_wconf 89' lang='lat' dir='ltr'>et</span> <span class='ocrx_word' id='word_1_302' title='bbox 3668 2214 3851 2293; x_wconf 91' lang='lat' dir='ltr'>dicit</span> 
     </span>
     <span class='ocr_line' id='line_1_68' title="bbox 2301 2308 3843 2407; baseline 0.018 -28"><span class='ocrx_word' id='word_1_303' title='bbox 2301 2308 2509 2404; x_wconf 90' lang='lat' dir='ltr'>quod</span> <span class='ocrx_word' id='word_1_304' title='bbox 2541 2310 2708 2385; x_wconf 88' lang='lat' dir='ltr'>talis</span> <span class='ocrx_word' id='word_1_305' title='bbox 2739 2312 3059 2392; x_wconf 88' lang='lat' dir='ltr'>scientia</span> <span class='ocrx_word' id='word_1_306' title='bbox 3092 2330 3206 2395; x_wconf 86' lang='lat' dir='ltr'>est</span> <span class='ocrx_word' id='word_1_307' title='bbox 3266 2325 3582 2403; x_wconf 87' lang='lat' dir='ltr'>alterius</span> <span class='ocrx_word' id='word_1_308' title='bbox 3639 2333 3843 2407; x_wconf 92' lang='lat' dir='ltr'>modi</span> 
     </span>
     <span class='ocr_line' id='line_1_69' title="bbox 2300 2425 3846 2537; baseline 0.019 -40"><span class='ocrx_word' id='word_1_309' title='bbox 2300 2425 2394 2499; x_wconf 91' lang='lat' dir='ltr'>ab</span> <span class='ocrx_word' id='word_1_310' title='bbox 2427 2425 2559 2501; x_wconf 87' lang='lat' dir='ltr'>illa</span> <span class='ocrx_word' id='word_1_311' title='bbox 2591 2452 2766 2527; x_wconf 81' lang='lat' dir='ltr'>quae</span> <span class='ocrx_word' id='word_1_312' title='bbox 2799 2433 3131 2510; x_wconf 89' lang='lat' dir='ltr'>habetur</span> <span class='ocrx_word' id='word_1_313' title='bbox 3170 2463 3305 2537; x_wconf 89' lang='lat' dir='ltr'>per</span> <span class='ocrx_word' id='word_1_314' title='bbox 3361 2442 3846 2526; x_wconf 91' lang='lat' dir='ltr'>demonstra-</span> 
     </span>
     <span class='ocr_line' id='line_1_70' title="bbox 2298 2541 3051 2642; baseline 0.016 -29"><span class='ocrx_word' id='word_1_315' title='bbox 2298 2541 2626 2637; x_wconf 84' lang='lat' dir='ltr'>tionem3</span> <span class='ocrx_word' id='word_1_316' title='bbox 2665 2568 2874 2642; x_wconf 89' lang='lat' dir='ltr'>erg0,</span> <span class='ocrx_word' id='word_1_317' title='bbox 2909 2560 3051 2625; x_wconf 90' lang='lat' dir='ltr'>etc.</span> 
     </span>
    </p>

    <p class='ocr_par' dir='ltr' id='par_1_12' title="bbox 2290 2658 4165 4154">
     <span class='ocr_line' id='line_1_71' title="bbox 2395 2658 4165 2778; baseline 0.021 -49"><span class='ocrx_word' id='word_1_318' title='bbox 2395 2658 2677 2734; x_wconf 88' lang='lat' dir='ltr'>Contra</span> <span class='ocrx_word' id='word_1_319' title='bbox 2716 2663 2914 2738; x_wconf 86' lang='lat' dir='ltr'>hanc</span> <span class='ocrx_word' id='word_1_320' title='bbox 2974 2668 3418 2765; x_wconf 90' lang='lat' dir='ltr'>opinionem</span> <span class='ocrx_word' id='word_1_321' title='bbox 3454 2681 3828 2776; x_wconf 87' lang='lat' dir='ltr'>arguitur,</span> <span class='ocrx_word' id='word_1_322' title='bbox 3871 2714 4023 2778; x_wconf 73' lang='lat' dir='ltr'>impu</span> <span class='ocrx_word' id='word_1_323' title='bbox 4070 2722 4165 2767; x_wconf 73' lang='lat' dir='ltr'>nat</span> 
     </span>
     <span class='ocr_line' id='line_1_72' title="bbox 2296 2775 4150 2894; baseline 0.018 -46"><span class='ocrx_word' id='word_1_324' title='bbox 2296 2783 2368 2848; x_wconf 90' lang='lat' dir='ltr'>et</span> <span class='ocrx_word' id='word_1_325' title='bbox 2427 2775 2670 2873; x_wconf 90' lang='lat' dir='ltr'>primo</span> <span class='ocrx_word' id='word_1_326' title='bbox 2774 2791 3040 2858; x_wconf 88' lang='lat' dir='ltr'>contra</span> <span class='ocrx_word' id='word_1_327' title='bbox 3137 2788 3545 2868; x_wconf 83' lang='lat' dir='ltr'>dicentem.</span> <span class='ocrx_word' id='word_1_328' title='bbox 3640 2798 3840 2875; x_wconf 89' lang='lat' dir='ltr'>Dicit</span> <span class='ocrx_word' id='word_1_329' title='bbox 3926 2778 4150 2894; x_wconf 41' lang='lat'>2022&amp;</span> 
     </span>
     <span class='ocr_line' id='line_1_73' title="bbox 2294 2892 3837 3009; baseline 0.017 -43"><span class='ocrx_word' id='word_1_330' title='bbox 2294 2892 2499 2966; x_wconf 90' lang='lat' dir='ltr'>enim</span> <span class='ocrx_word' id='word_1_331' title='bbox 2559 2892 2699 2970; x_wconf 91' lang='lat' dir='ltr'>iste</span> <span class='ocrx_word' id='word_1_332' title='bbox 2759 2898 2839 2972; x_wconf 79' lang='lat' dir='ltr'>in</span> <span class='ocrx_word' id='word_1_333' title='bbox 2897 2900 2968 2974; x_wconf 83' lang='lat'>2.</span> <span class='ocrx_word' id='word_1_334' title='bbox 3021 2907 3377 2983; x_wconf 63' lang='lat' dir='ltr'>secundae</span> <span class='ocrx_word' id='word_1_335' title='bbox 3434 2924 3698 3009; x_wconf 76' lang='lat' dir='ltr'>quaest.</span> <span class='ocrx_word' id='word_1_336' title='bbox 3766 2918 3837 2993; x_wconf 89' lang='lat'>1.</span> 
     </span>
     <span class='ocr_line' id='line_1_74' title="bbox 2294 3008 3836 3110; baseline 0.019 -29"><span class='ocrx_word' id='word_1_337' title='bbox 2294 3013 2438 3081; x_wconf 81' lang='lat' dir='ltr'>art.</span> <span class='ocrx_word' id='word_1_338' title='bbox 2504 3008 2573 3082; x_wconf 78' lang='lat'>5.</span> <span class='ocrx_word' id='word_1_339' title='bbox 2639 3014 2844 3110; x_wconf 94' lang='lat' dir='ltr'>quod</span> <span class='ocrx_word' id='word_1_340' title='bbox 2904 3014 3095 3093; x_wconf 88' lang='lat' dir='ltr'>fides</span> <span class='ocrx_word' id='word_1_341' title='bbox 3162 3029 3235 3095; x_wconf 91' lang='lat' dir='ltr'>et</span> <span class='ocrx_word' id='word_1_342' title='bbox 3294 3024 3614 3105; x_wconf 87' lang='lat' dir='ltr'>scientia</span> <span class='ocrx_word' id='word_1_343' title='bbox 3679 3057 3836 3110; x_wconf 91' lang='lat' dir='ltr'>non</span> 
     </span>
     <span class='ocr_line' id='line_1_75' title="bbox 2293 3126 3841 3250; baseline 0.021 -54"><span class='ocrx_word' id='word_1_344' title='bbox 2293 3133 2499 3199; x_wconf 90' lang='lat' dir='ltr'>stant</span> <span class='ocrx_word' id='word_1_345' title='bbox 2522 3126 2760 3204; x_wconf 78' lang='lat' dir='ltr'>‘simul</span> <span class='ocrx_word' id='word_1_346' title='bbox 2794 3129 2873 3204; x_wconf 91' lang='lat' dir='ltr'>in</span> <span class='ocrx_word' id='word_1_347' title='bbox 2907 3134 3176 3212; x_wconf 89' lang='lat' dir='ltr'>eodem</span> <span class='ocrx_word' id='word_1_348' title='bbox 3236 3154 3586 3242; x_wconf 86' lang='lat' dir='ltr'>respectu</span> <span class='ocrx_word' id='word_1_349' title='bbox 3630 3150 3841 3250; x_wconf 89' lang='lat' dir='ltr'>ejus-</span> 
     </span>
     <span class='ocr_line' id='line_1_76' title="bbox 2294 3243 3838 3365; baseline 0.019 -50"><span class='ocrx_word' id='word_1_350' title='bbox 2294 3243 2497 3338; x_wconf 92' lang='lat' dir='ltr'>dem,</span> <span class='ocrx_word' id='word_1_351' title='bbox 2548 3254 2624 3320; x_wconf 90' lang='lat' dir='ltr'>et</span> <span class='ocrx_word' id='word_1_352' title='bbox 2663 3246 2921 3342; x_wconf 88' lang='lat' dir='ltr'>simul,</span> <span class='ocrx_word' id='word_1_353' title='bbox 2993 3263 3068 3327; x_wconf 93' lang='lat' dir='ltr'>et</span> <span class='ocrx_word' id='word_1_354' title='bbox 3127 3261 3395 3348; x_wconf 87' lang='lat' dir='ltr'>semel,</span> <span class='ocrx_word' id='word_1_355' title='bbox 3469 3263 3575 3339; x_wconf 90' lang='lat' dir='ltr'>ita</span> <span class='ocrx_word' id='word_1_356' title='bbox 3632 3272 3838 3365; x_wconf 93' lang='lat' dir='ltr'>quod</span> 
     </span>
     <span class='ocr_line' id='line_1_77' title="bbox 2293 3364 3835 3460; baseline 0.02 -30"><span class='ocrx_word' id='word_1_357' title='bbox 2293 3382 2447 3432; x_wconf 90' lang='lat' dir='ltr'>non</span> <span class='ocrx_word' id='word_1_358' title='bbox 2499 3364 2861 3438; x_wconf 90' lang='lat' dir='ltr'>convenit</span> <span class='ocrx_word' id='word_1_359' title='bbox 2915 3367 3144 3444; x_wconf 91' lang='lat' dir='ltr'>simul</span> <span class='ocrx_word' id='word_1_360' title='bbox 3225 3398 3394 3450; x_wconf 90' lang='lat' dir='ltr'>esse</span> <span class='ocrx_word' id='word_1_361' title='bbox 3462 3383 3835 3460; x_wconf 89' lang='lat' dir='ltr'>creditum</span> 
     </span>
     <span class='ocr_line' id='line_1_78' title="bbox 2295 3475 3840 3593; baseline 0.019 -44"><span class='ocrx_word' id='word_1_362' title='bbox 2295 3475 2389 3549; x_wconf 91' lang='lat' dir='ltr'>ab</span> <span class='ocrx_word' id='word_1_363' title='bbox 2431 3478 2731 3574; x_wconf 89' lang='lat' dir='ltr'>eodem,</span> <span class='ocrx_word' id='word_1_364' title='bbox 2776 3491 2850 3557; x_wconf 90' lang='lat' dir='ltr'>et</span> <span class='ocrx_word' id='word_1_365' title='bbox 2917 3486 3235 3585; x_wconf 85' lang='lat' dir='ltr'>scitum3</span> <span class='ocrx_word' id='word_1_366' title='bbox 3282 3493 3345 3567; x_wconf 94' lang='lat' dir='ltr'>si</span> <span class='ocrx_word' id='word_1_367' title='bbox 3379 3519 3560 3593; x_wconf 90' lang='lat' dir='ltr'>ergo</span> <span class='ocrx_word' id='word_1_368' title='bbox 3591 3500 3840 3577; x_wconf 91' lang='lat' dir='ltr'>Theo-</span> 
     </span>
     <span class='ocr_line' id='line_1_79' title="bbox 2293 3592 3834 3715; baseline 0.02 -51"><span class='ocrx_word' id='word_1_369' title='bbox 2293 3592 2526 3688; x_wconf 89' lang='lat' dir='ltr'>logia,</span> <span class='ocrx_word' id='word_1_370' title='bbox 2568 3605 2652 3669; x_wconf 92' lang='lat' dir='ltr'>ut</span> <span class='ocrx_word' id='word_1_371' title='bbox 2718 3601 3274 3702; x_wconf 80' lang='lat' dir='ltr'>subalternata,</span> <span class='ocrx_word' id='word_1_372' title='bbox 3337 3613 3459 3686; x_wconf 88' lang='lat' dir='ltr'>vel</span> <span class='ocrx_word' id='word_1_373' title='bbox 3508 3615 3834 3715; x_wconf 83' lang='lat' dir='ltr'>Musica,</span> 
     </span>
     <span class='ocr_line' id='line_1_80' title="bbox 2290 3709 3841 3822; baseline 0.021 -43"><span class='ocrx_word' id='word_1_374' title='bbox 2290 3709 2413 3781; x_wconf 88' lang='lat' dir='ltr'>vel</span> <span class='ocrx_word' id='word_1_375' title='bbox 2462 3709 2612 3785; x_wconf 88' lang='lat' dir='ltr'>alia</span> <span class='ocrx_word' id='word_1_376' title='bbox 2643 3713 3115 3815; x_wconf 87' lang='lat' dir='ltr'>hujusmodi,</span> <span class='ocrx_word' id='word_1_377' title='bbox 3174 3723 3271 3797; x_wconf 90' lang='lat' dir='ltr'>sit</span> <span class='ocrx_word' id='word_1_378' title='bbox 3311 3726 3653 3822; x_wconf 87' lang='lat' dir='ltr'>scientia,</span> <span class='ocrx_word' id='word_1_379' title='bbox 3691 3735 3841 3810; x_wconf 91' lang='lat' dir='ltr'>im-</span> 
     </span>
     <span class='ocr_line' id='line_1_81' title="bbox 2292 3826 3839 3928; baseline 0.022 -33"><span class='ocrx_word' id='word_1_380' title='bbox 2292 3826 2656 3921; x_wconf 86' lang='lat' dir='ltr'>possibile</span> <span class='ocrx_word' id='word_1_381' title='bbox 2689 3840 2803 3905; x_wconf 90' lang='lat' dir='ltr'>est</span> <span class='ocrx_word' id='word_1_382' title='bbox 2843 3834 3239 3913; x_wconf 89' lang='lat' dir='ltr'>scientiam</span> <span class='ocrx_word' id='word_1_383' title='bbox 3309 3846 3540 3920; x_wconf 85' lang='lat' dir='ltr'>talem</span> <span class='ocrx_word' id='word_1_384' title='bbox 3573 3851 3839 3928; x_wconf 87' lang='lat' dir='ltr'>subal-</span> 
     </span>
     <span class='ocr_line' id='line_1_82' title="bbox 2294 3950 3836 4066; baseline 0.021 -52"><span class='ocrx_word' id='word_1_385' title='bbox 2294 3950 2664 4018; x_wconf 87' lang='lat' dir='ltr'>ternatam</span> <span class='ocrx_word' id='word_1_386' title='bbox 2728 3957 2929 4053; x_wconf 84' lang='lat' dir='ltr'>stare</span> <span class='ocrx_word' id='word_1_387' title='bbox 2997 3978 3170 4028; x_wconf 91' lang='lat' dir='ltr'>cum</span> <span class='ocrx_word' id='word_1_388' title='bbox 3243 3957 3391 4036; x_wconf 87' lang='lat' dir='ltr'>fide</span> <span class='ocrx_word' id='word_1_389' title='bbox 3483 3980 3836 4066; x_wconf 86' lang='lat' dir='ltr'>respectu</span> 
     </span>
     <span class='ocr_line' id='line_1_83' title="bbox 2292 4056 2667 4154; baseline 0.008 -23"><span class='ocrx_word' id='word_1_390' title='bbox 2292 4056 2667 4154; x_wconf 85' lang='lat' dir='ltr'>ejusdem.</span> 
     </span>
    </p>

    <p class='ocr_par' dir='ltr' id='par_1_13' title="bbox 2274 4175 3837 5564">
     <span class='ocr_line' id='line_1_84' title="bbox 2388 4175 3837 4286; baseline 0.021 -39"><span class='ocrx_word' id='word_1_391' title='bbox 2388 4175 2598 4250; x_wconf 86' lang='lat' dir='ltr'>Istud</span> <span class='ocrx_word' id='word_1_392' title='bbox 2629 4188 2742 4252; x_wconf 89' lang='lat' dir='ltr'>est</span> <span class='ocrx_word' id='word_1_393' title='bbox 2777 4191 3045 4259; x_wconf 90' lang='lat' dir='ltr'>contra</span> <span class='ocrx_word' id='word_1_394' title='bbox 3113 4212 3319 4286; x_wconf 86' lang='lat' dir='ltr'>eum,</span> <span class='ocrx_word' id='word_1_395' title='bbox 3366 4194 3516 4268; x_wconf 91' lang='lat' dir='ltr'>nisi</span> <span class='ocrx_word' id='word_1_396' title='bbox 3559 4198 3837 4276; x_wconf 88' lang='lat' dir='ltr'>distin-</span> 
     </span>
     <span class='ocr_line' id='line_1_85' title="bbox 2288 4293 3835 4405; baseline 0.021 -43"><span class='ocrx_word' id='word_1_397' title='bbox 2288 4299 2472 4386; x_wconf 90' lang='lat' dir='ltr'>guat</span> <span class='ocrx_word' id='word_1_398' title='bbox 2502 4293 2899 4371; x_wconf 89' lang='lat' dir='ltr'>scientiam</span> <span class='ocrx_word' id='word_1_399' title='bbox 2942 4301 3142 4378; x_wconf 91' lang='lat' dir='ltr'>sicut</span> <span class='ocrx_word' id='word_1_400' title='bbox 3202 4317 3436 4405; x_wconf 89' lang='lat' dir='ltr'>patet,</span> <span class='ocrx_word' id='word_1_401' title='bbox 3496 4324 3569 4387; x_wconf 89' lang='lat' dir='ltr'>et</span> <span class='ocrx_word' id='word_1_402' title='bbox 3636 4317 3835 4395; x_wconf 91' lang='lat' dir='ltr'>dicat</span> 
     </span>
     <span class='ocr_line' id='line_1_86' title="bbox 2288 4409 3836 4527; baseline 0.019 -44"><span class='ocrx_word' id='word_1_403' title='bbox 2288 4432 2368 4483; x_wconf 88' lang='lat' dir='ltr'>se</span> <span class='ocrx_word' id='word_1_404' title='bbox 2423 4409 2854 4510; x_wconf 87' lang='lat' dir='ltr'>intelligere</span> <span class='ocrx_word' id='word_1_405' title='bbox 2914 4418 3006 4492; x_wconf 92' lang='lat' dir='ltr'>de</span> <span class='ocrx_word' id='word_1_406' title='bbox 3074 4424 3679 4527; x_wconf 84' lang='lat' dir='ltr'>subalternante,</span> <span class='ocrx_word' id='word_1_407' title='bbox 3762 4447 3836 4511; x_wconf 89' lang='lat' dir='ltr'>et</span> 
     </span>
     <span class='ocr_line' id='line_1_87' title="bbox 2285 4530 3833 4627; baseline 0.019 -29"><span class='ocrx_word' id='word_1_408' title='bbox 2285 4549 2439 4600; x_wconf 90' lang='lat' dir='ltr'>non</span> <span class='ocrx_word' id='word_1_409' title='bbox 2472 4530 3020 4609; x_wconf 87' lang='lat' dir='ltr'>subalternata.</span> <span class='ocrx_word' id='word_1_410' title='bbox 3094 4538 3242 4615; x_wconf 87' lang='lat' dir='ltr'>Sed</span> <span class='ocrx_word' id='word_1_411' title='bbox 3313 4545 3459 4620; x_wconf 93' lang='lat' dir='ltr'>hoc</span> <span class='ocrx_word' id='word_1_412' title='bbox 3526 4573 3679 4625; x_wconf 91' lang='lat' dir='ltr'>non</span> <span class='ocrx_word' id='word_1_413' title='bbox 3727 4554 3833 4627; x_wconf 81' lang='lat' dir='ltr'>vi-</span> 
     </span>
     <span class='ocr_line' id='line_1_88' title="bbox 2286 4644 3824 4761; baseline 0.02 -45"><span class='ocrx_word' id='word_1_414' title='bbox 2286 4644 2508 4719; x_wconf 91' lang='lat' dir='ltr'>detur</span> <span class='ocrx_word' id='word_1_415' title='bbox 2556 4671 2723 4724; x_wconf 89' lang='lat' dir='ltr'>esse</span> <span class='ocrx_word' id='word_1_416' title='bbox 2779 4676 3047 4727; x_wconf 75' lang='lat' dir='ltr'>verum</span> <span class='ocrx_word' id='word_1_417' title='bbox 3118 4664 3544 4739; x_wconf 88' lang='lat' dir='ltr'>secundum</span> <span class='ocrx_word' id='word_1_418' title='bbox 3620 4693 3824 4761; x_wconf 89' lang='lat' dir='ltr'>eum,</span> 
     </span>
     <span class='ocr_line' id='line_1_89' title="bbox 2284 4761 3831 4877; baseline 0.019 -45"><span class='ocrx_word' id='word_1_419' title='bbox 2284 4761 2466 4858; x_wconf 89' lang='lat' dir='ltr'>quia</span> <span class='ocrx_word' id='word_1_420' title='bbox 2535 4765 2726 4840; x_wconf 88' lang='lat' dir='ltr'>ratio</span> <span class='ocrx_word' id='word_1_421' title='bbox 2794 4792 2962 4877; x_wconf 89' lang='lat' dir='ltr'>sua,</span> <span class='ocrx_word' id='word_1_422' title='bbox 3007 4796 3145 4870; x_wconf 91' lang='lat' dir='ltr'>per</span> <span class='ocrx_word' id='word_1_423' title='bbox 3207 4798 3437 4873; x_wconf 91' lang='lat' dir='ltr'>quam</span> <span class='ocrx_word' id='word_1_424' title='bbox 3499 4788 3831 4862; x_wconf 86' lang='lat' dir='ltr'>ostendit</span> 
     </span>
     <span class='ocr_line' id='line_1_90' title="bbox 2285 4878 3824 4985; baseline 0.02 -36"><span class='ocrx_word' id='word_1_425' title='bbox 2285 4878 2491 4974; x_wconf 90' lang='lat' dir='ltr'>quod</span> <span class='ocrx_word' id='word_1_426' title='bbox 2550 4879 2751 4956; x_wconf 89' lang='lat' dir='ltr'>idem</span> <span class='ocrx_word' id='word_1_427' title='bbox 2815 4909 2966 4959; x_wconf 91' lang='lat' dir='ltr'>non</span> <span class='ocrx_word' id='word_1_428' title='bbox 3030 4900 3280 4985; x_wconf 90' lang='lat' dir='ltr'>potest</span> <span class='ocrx_word' id='word_1_429' title='bbox 3321 4919 3488 4973; x_wconf 92' lang='grc'>9889</span> <span class='ocrx_word' id='word_1_430' title='bbox 3549 4901 3824 4979; x_wconf 90' lang='lat' dir='ltr'>scitum</span> 
     </span>
     <span class='ocr_line' id='line_1_91' title="bbox 2281 4998 3829 5101; baseline 0.019 -33"><span class='ocrx_word' id='word_1_431' title='bbox 2281 5004 2356 5068; x_wconf 90' lang='lat' dir='ltr'>et</span> <span class='ocrx_word' id='word_1_432' title='bbox 2432 4998 2802 5072; x_wconf 89' lang='lat' dir='ltr'>creditum</span> <span class='ocrx_word' id='word_1_433' title='bbox 2888 5004 2983 5077; x_wconf 91' lang='lat' dir='ltr'>ab</span> <span class='ocrx_word' id='word_1_434' title='bbox 3043 5008 3343 5101; x_wconf 89' lang='lat' dir='ltr'>eodem,</span> <span class='ocrx_word' id='word_1_435' title='bbox 3440 5021 3829 5096; x_wconf 88' lang='lat' dir='ltr'>concludit</span> 
     </span>
     <span class='ocr_line' id='line_1_92' title="bbox 2285 5110 3826 5229; baseline 0.02 -47"><span class='ocrx_word' id='word_1_436' title='bbox 2285 5110 2825 5190; x_wconf 87' lang='lat' dir='ltr'>universaliter</span> <span class='ocrx_word' id='word_1_437' title='bbox 2910 5119 3002 5193; x_wconf 90' lang='grc'>(19</span> <span class='ocrx_word' id='word_1_438' title='bbox 3070 5125 3281 5199; x_wconf 88' lang='lat' dir='ltr'>omni</span> <span class='ocrx_word' id='word_1_439' title='bbox 3343 5129 3690 5229; x_wconf 84' lang='lat' dir='ltr'>scientia,</span> <span class='ocrx_word' id='word_1_440' title='bbox 3753 5147 3826 5213; x_wconf 87' lang='lat' dir='ltr'>et</span> 
     </span>
     <span class='ocr_line' id='line_1_93' title="bbox 2278 5228 3823 5334; baseline 0.019 -32"><span class='ocrx_word' id='word_1_441' title='bbox 2278 5228 3181 5334; x_wconf 85' lang='lat' dir='ltr'>universaliterloquitur</span> <span class='ocrx_word' id='word_1_442' title='bbox 3208 5244 3299 5318; x_wconf 91' lang='lat' dir='ltr'>de</span> <span class='ocrx_word' id='word_1_443' title='bbox 3329 5250 3535 5322; x_wconf 90' lang='lat' dir='ltr'>omni</span> <span class='ocrx_word' id='word_1_444' title='bbox 3572 5253 3823 5329; x_wconf 89' lang='lat' dir='ltr'>scien-</span> 
     </span>
     <span class='ocr_line' id='line_1_94' title="bbox 2277 5343 3824 5467; baseline 0.022 -52"><span class='ocrx_word' id='word_1_445' title='bbox 2277 5343 2405 5418; x_wconf 88' lang='lat' dir='ltr'>tia.</span> <span class='ocrx_word' id='word_1_446' title='bbox 2456 5346 2673 5422; x_wconf 85' lang='lat' dir='ltr'>Unde</span> <span class='ocrx_word' id='word_1_447' title='bbox 2721 5351 2902 5426; x_wconf 89' lang='lat' dir='ltr'>dicit</span> <span class='ocrx_word' id='word_1_448' title='bbox 2956 5354 3063 5428; x_wconf 89' lang='lat' dir='ltr'>sic</span> <span class='ocrx_word' id='word_1_449' title='bbox 3147 5362 3518 5440; x_wconf 90' lang='lat' dir='ltr'>solvendo</span> <span class='ocrx_word' id='word_1_450' title='bbox 3578 5392 3824 5467; x_wconf 85' lang='lat' dir='ltr'>quaes-</span> 
     </span>
     <span class='ocr_line' id='line_1_95' title="bbox 2274 5460 3824 5564; baseline 0.019 -30"><span class='ocrx_word' id='word_1_451' title='bbox 2274 5460 2591 5559; x_wconf 85' lang='lat' dir='ltr'>tionem,</span> <span class='ocrx_word' id='word_1_452' title='bbox 2637 5468 2842 5564; x_wconf 92' lang='lat' dir='ltr'>quod</span> <span class='ocrx_word' id='word_1_453' title='bbox 2866 5473 3115 5546; x_wconf 78' lang='lat' dir='ltr'>omnis</span> <span class='ocrx_word' id='word_1_454' title='bbox 3144 5477 3466 5555; x_wconf 80' lang='lat' dir='ltr'>scientia</span> <span class='ocrx_word' id='word_1_455' title='bbox 3500 5483 3824 5562; x_wconf 75' lang='lat' dir='ltr'>habetur</span> 
     </span>
    </p>
   </div>
   <div class='ocr_carea' id='block_1_10' title="bbox 617 5562 3825 5694">
    <p class='ocr_par' dir='ltr' id='par_1_14' title="bbox 617 5562 3825 5694">
     <span class='ocr_line' id='line_1_96' title="bbox 617 5562 3825 5694; baseline 0.014 -57"><span class='ocrx_word' id='word_1_456' title='bbox 617 5562 1095 5660; x_wconf 85' lang='lat' dir='ltr'>simpliciter,</span> <span class='ocrx_word' id='word_1_457' title='bbox 1159 5572 1233 5638; x_wconf 92' lang='lat' dir='ltr'>et</span> <span class='ocrx_word' id='word_1_458' title='bbox 1274 5573 1528 5638; x_wconf 88' lang='lat' dir='ltr'>tamen</span> <span class='ocrx_word' id='word_1_459' title='bbox 1592 5563 1821 5640; x_wconf 87' lang='lat' dir='ltr'>fidem</span> <span class='ocrx_word' id='word_1_460' title='bbox 1883 5567 2167 5644; x_wconf 87' lang='lat' dir='ltr'>habeat</span> <span class='ocrx_word' id='word_1_461' title='bbox 2264 5599 2414 5673; x_wconf 79' lang='lat' dir='ltr'>per</span> <span class='ocrx_word' id='word_1_462' title='bbox 2452 5580 2714 5680; x_wconf 80' lang='lat' dir='ltr'>aliqua</span> <span class='ocrx_word' id='word_1_463' title='bbox 2742 5586 3148 5686; x_wconf 78' lang='lat' dir='ltr'>principia</span> <span class='ocrx_word' id='word_1_464' title='bbox 3174 5615 3324 5689; x_wconf 81' lang='lat' dir='ltr'>per</span> <span class='ocrx_word' id='word_1_465' title='bbox 3371 5622 3451 5672; x_wconf 81' lang='lat' dir='ltr'>se</span> <span class='ocrx_word' id='word_1_466' title='bbox 3494 5606 3700 5694; x_wconf 80' lang='lat' dir='ltr'>nota,</span> <span class='ocrx_word' id='word_1_467' title='bbox 3750 5611 3825 5680; x_wconf 84' lang='lat' dir='ltr'>et</span> 
     </span>
    </p>
   </div>
  </div>
 </body>
</html>
