4295 6326
670 401 801 475 538

678 574 830 648 duo
863 585 1174 672 puncta,
1222 564 1341 649 vel
1382 574 1534 648 duo
1596 575 1789 666 loca,
1852 574 1972 648 vel
2023 593 2217 669 qua-

354 715 613 793 Dii-tantia
679 692 1127 789 lescumque
1212 691 1575 765 terminos
1670 692 1885 764 tales.
1980 689 2218 763 Tanta

323 788 641 897 geugffrvgl
678 808 994 905 praecise
1060 819 1174 882 est
1233 808 1589 881 distantia
1648 808 1846 881 inter
1903 807 2032 879 illa
2084 828 2219 879 ex-

323 910 642 1020 assgffigfflf‘
674 933 945 1016 trema,
982 934 1356 1020 quantum
1392 932 1506 997 est
1537 934 1962 997 extremum
2007 921 2219 994 nobi-

677 1040 854 1133 lius,
889 1041 1009 1113 vel
1046 1040 1405 1114 existens,
1454 1040 1670 1113 Patet
1713 1039 1804 1112 de
1855 1037 2220 1111 distantia

675 1156 831 1248 illa,
914 1178 1089 1252 quae
1147 1153 1458 1252 ponitur
1508 1155 1709 1228 inter
1802 1155 2045 1229 Deum
2144 1163 2219 1227 et

673 1280 1133 1364 creaturam,
1180 1295 1354 1369 quae
1397 1270 1711 1369 ponitur
1760 1269 2059 1344 infinita
2121 1271 2216 1343 ab

673 1388 1099 1482 omnibus3
1172 1390 1306 1463 sed
1375 1389 1574 1463 inter
1640 1398 1980 1462 extrema
2030 1411 2215 1461 con-

672 1506 1149 1580 tradictionis
1203 1508 1419 1580 nulla
1452 1514 1565 1580 est
1599 1503 1846 1580 media
1887 1504 2218 1603 positiva

673 1622 1059 1713 distantia,
1146 1623 1327 1720 quia
1393 1622 1980 1697 contradictoria
2058 1645 2210 1695 non

672 1740 959 1815 habent
1000 1740 1336 1816 medium
1376 1767 1391 1826 ;
1430 1763 1611 1836 ergo
1654 1750 1862 1815 tanta
1910 1748 2022 1814 est
2070 1739 2216 1812 dis-

673 1857 909 1931 tantia
943 1858 1141 1932 inter
1173 1857 1787 1951 contradictoria,
1835 1868 2211 1954 quantum

670 1984 784 2049 est
861 1984 1287 2049 extremum
1373 1975 1739 2067 nobilius,
1840 1985 1922 2049 ut
2010 1975 2212 2049 inter

669 2090 1040 2165 terminos
1081 2092 1494 2166 creationis
1522 2115 1680 2166 6336
1721 2102 1795 2165 et
1833 2115 1986 2165 non
2021 2115 2206 2181 6336,

670 2203 938 2299 gratiae
1007 2212 1081 2277 et
1156 2227 1312 2276 non
1381 2205 1703 2298 gratiae3
1785 2214 2211 2278 extremum

670 2318 1035 2401 nobilius,
1077 2329 1155 2391 ut
1186 2342 1345 2393 6336
1376 2320 1670 2416 gratiae,
1707 2319 2156 2417 est-finitum
2188 2348 2207 2415 ;

673 2456 856 2530 ergo
899 2445 973 2508 et
1004 2434 1366 2509 distantia
1397 2436 1597 2509 inter
1629 2424 1758 2510 illa
1790 2437 1932 2511 erit
1964 2436 2205 2512 finita.

674 2553 764 2624 Et
794 2551 966 2625 ideo
1010 2551 1184 2624 licet
1228 2552 1324 2625 sit
1365 2554 1687 2650 aequalis
1719 2554 2214 2653 incompossi-

670 2665 926 2741 bilitas
987 2665 1182 2742 inter
1257 2668 1519 2743 omnia
1592 2669 2208 2764 contradictoria,

672 2807 826 2857 non
892 2793 1142 2861 tamen
1219 2786 1542 2884 aequalis
1586 2786 1971 2876 distantia,
2031 2788 2217 2885 quia

674 2926 827 2977 non
880 2912 994 2977 est
1050 2903 1373 3001 aequalis
1431 2904 1775 2979 omniurn
1831 2914 2216 2981 extremo-

324 3017 646 3069 ⁰⁰⁰²‘fldi‘2‘
674 3046 845 3097 rum
926 3022 1575 3098 contradictionis.
1648 3024 1946 3099 Dicitur
2005 3025 2212 3102 enim

325 3082 639 3196 ἓξὲῗῑέιῗῠ·
674 3141 1032 3217 distantia
1071 3140 1271 3217 inter
1327 3142 1915 3220 contradictoria
1963 3142 2215 3217 infini-

324 3206 643 3334 exiffiggffi'r-
675 3269 775 3352 ta,
814 3258 889 3331 id
930 3268 1068 3348 est,
1128 3258 1758 3354 indeterminata,
1830 3260 2014 3358 quia
2052 3285 2212 3336 non

673 3373 1130 3449 determinat
1205 3375 1351 3449 sibi
1426 3375 1864 3463 maximam,
1957 3399 2211 3474 neque

676 3491 1097 3565 minimam.
1171 3491 1536 3588 Sequitur
1593 3493 1971 3591 oppositio
2040 3516 2216 3568 con-

673 3606 1148 3683 tradictionis
1187 3608 1280 3682 ad
1344 3607 1741 3683 minimam
1793 3608 2213 3707 oppositio-

669 3746 877 3815 nem,
960 3723 1143 3821 quia
1216 3747 1371 3798 non
1441 3733 1691 3821 potest
1756 3726 1861 3799 ita
1935 3749 2211 3824 parum

670 3841 924 3916 recedi
1012 3843 1102 3916 ab
1175 3865 1331 3916 uno
1408 3842 2207 3937 contradictoriorum,

671 3957 854 4056 quin
928 3958 1178 4033 statim
1239 3958 1370 4032 flat
1435 3960 1579 4034 sub
1648 3959 1796 4034 alio
1839 3970 2205 4037 extremo.

670 4073 1052 4148 Permittit
1127 4075 1351 4149 etiam
1434 4075 1874 4151 distantiam
1969 4080 2213 4154 maxi-

673 4215 905 4282 mam,
987 4191 1170 4289 quia
1235 4189 1299 4266 si
1359 4202 1560 4269 esset
1606 4193 1851 4290 major
1884 4195 2217 4271 maxima

670 4306 1046 4407 possibili,
1076 4308 1327 4383 adhuc
1376 4309 1966 4407 contradictoria
2020 4312 2217 4389 dice-

673 4437 942 4502 rentur
980 4425 1287 4500 divisim
1319 4427 1411 4500 de
1446 4427 1596 4503 illa.

772 4542 989 4636 Item,
1051 4542 1269 4617 tertia
1326 4542 1515 4617 ratio
1585 4566 1737 4618 non
1795 4546 2209 4640 concludit,

674 4683 850 4734 cum
884 4660 1088 4733 enini
1150 4659 1583 4757 dicitquod
1645 4685 1883 4758 agens
1947 4687 2216 4738 secun-

672 4776 973 4850 darium
1017 4780 1547 4876 praesupponit
1596 4777 1950 4854 effectum
1998 4783 2214 4879 prin-

670 4893 939 4989 cipalis
981 4895 1278 4988 agentis
1323 4896 1624 4991 prioriS,
1678 4907 1809 4971 aut
1857 4898 2214 4994 intelligit

669 5011 872 5107 quod
944 5013 1475 5110 praesupponit
1532 5013 1883 5089 effectum
1934 5016 2212 5113 prioris

669 5128 969 5224 agentis
1036 5129 1235 5202 circa
1268 5152 1497 5225 quem
1552 5142 1753 5226 agat,
1821 5143 1902 5206 ut
1960 5135 2212 5230 quod-

666 5244 839 5316 dam
885 5267 1023 5317 ens
1064 5244 1526 5340 subjectum,
1572 5258 1647 5321 et
1687 5258 1868 5322 tunc
1927 5250 2212 5347 petitur

666 5360 1061 5434 conclusio
1096 5361 1199 5434 ibi
1243 5362 1665 5459 praemissa.
1722 5368 1869 5440 Aut
1927 5366 2211 5440 intelli—

665 5480 800 5576 git,
900 5481 1106 5576 quod
1215 5483 1747 5579 praesupponit
1868 5486 2203 5584 aliquem

663 5596 1018 5672 effectum
1100 5597 1326 5703 primi
1395 5600 1720 5698 agentis,
1785 5612 1858 5677 et
1924 5603 2032 5676 sic
2090 5614 2206 5679 est

442 4569 547 4634 11.

322 4685 495 4736 Tertia
534 4698 615 4734 ra·

371 4749 461 4822 tio·
478 4749 611 4810 petit

382 4812 579 4874 punci-

407 4873 573 4934 pium.

2088 392 2332 462 mam
2378 394 2532 493 lv,-

2328 593 2627 662 verum,
2674 568 2857 667 quia
2888 590 3125 663 agens
3185 560 3729 641 secundarium
3795 558 3872 632 in

2325 689 2624 781 agendo
2696 684 3224 784 praesupponit
3280 707 3361 757 se
3430 704 3626 772 esse,
3691 702 3872 776 quo-

2326 807 2530 879 niam
2576 805 2998 878 secundum
3035 826 3115 876 se
3167 810 3401 875 totum
3465 809 3579 872 est
3640 795 3872 871 effec-

2324 933 2448 996 tus
2483 922 2723 1019 ipsius
2764 920 2930 1012 Dei,
2977 930 3051 992 et
3095 929 3278 992 tunc
3312 942 3465 991 non
3520 914 3870 1013 sequitur

2324 1038 2747 1128 conclusio,
2786 1035 2927 1109 isto
2991 1036 3242 1124 modo,
3305 1030 3864 1130 praesupposito

2324 1153 2594 1227 effectu
2667 1152 2888 1249 primi
2967 1150 3263 1245 agentis
3320 1176 3337 1239 3
3410 1170 3552 1221 nec
3619 1169 3866 1219 exem·
3896 1150 4072 1208 Quare
4133 1165 4230 1202 ur-

2323 1270 2531 1368 plum
2568 1268 2979 1342 adductum
3028 1267 3349 1339 multum
3395 1266 3621 1337 valet.
3660 1261 3864 1336 Arti-
3897 1213 4231 1351 ἱίξῗῖιῗῗὲἒὲζ

2325 1388 2440 1460 fex
2497 1385 2701 1459 enim
2767 1382 3291 1483 praesupponit
3346 1379 3735 1455 materiam
3790 1389 3864 1452 et
3898 1344 4207 1464 οιξὲιῗηῗο.

2323 1502 2674 1579 eflectum
2710 1501 3008 1600 agentis
3052 1499 3454 1593 naturalis,
3492 1494 3674 1597 quia
3707 1522 3859 1571 non

2321 1621 2616 1696 inducit
2647 1623 2964 1696 formam
3000 1620 3457 1729 naturalem,
3513 1618 3641 1692 sed
3694 1627 3866 1691 tan-

2320 1747 2482 1812 tum
2542 1740 2859 1813 formam
2923 1737 3501 1825 accidentalem,
3576 1744 3654 1807 ut
3724 1734 3867 1806 for-

2324 1879 2522 1929 mam
2559 1853 3062 1943 artificialem,
3101 1861 3175 1926 et
3203 1851 3370 1925 ideo
3425 1873 3862 1949 praesuppo-

2321 1971 2433 2044 nit
2464 1994 2702 2067 agens
2735 1969 3130 2045 artificiale
3170 1966 3523 2042 effectum
3566 1966 3863 2060 agentis

2324 2087 2723 2180 naturalis,
2787 2087 2968 2183 quia
3015 2097 3129 2159 est
3196 2082 3513 2158 effectus
3580 2105 3861 2157 secun-

2320 2203 2541 2294 darii,
2586 2214 2660 2277 ut
2694 2203 2992 2299 agentis
3052 2199 3450 2274 naturalis.

2419 2323 2707 2410 Quarta
2732 2323 2960 2396 etiam
2989 2320 3206 2405 ratio,
3236 2342 3409 2393 cum
3440 2316 3856 2413 dicitquod
4017 2327 4134 2392 12.

2321 2439 2573 2513 omnis
2605 2438 2800 2513 actio
2835 2438 3133 2533 agentis
3173 2436 3407 2510 creati
3461 2443 3575 2509 est
3626 2434 3861 2507 mixta
3892 2442 4225 2555 33831013·

2321 2580 2495 2630 cum
2566 2556 2931 2655 potentia,
3006 2561 3081 2627 et
3173 2576 3327 2625 non
3421 2574 3640 2650 pura,
3704 2573 3857 2623 non
3951 2570 4037 2638 aa
4071 2582 4196 2630 pro-

2320 2676 2550 2767 valet,
2596 2673 2778 2772 quia
2809 2674 2873 2748 si
2914 2695 3050 2771 per
3091 2672 3310 2746 istam
3342 2668 3859 2766 impuritatem
3951 2644 4162 2694 ‘'⁸¹⁰³'‘

2322 2791 2700 2889 intelligat
2740 2789 3155 2866 carentiam
3212 2787 3565 2886 perlectae
3612 2794 3863 2859 actua-

2323 2908 2580 2998 litatis,
2618 2907 2802 3006 quia
2867 2905 3123 2981 deficit
3180 2930 3227 2979 a
3286 2903 3618 3003 perfecta
3647 2911 3863 2977 actus

2324 3026 2646 3116 ratione,
2692 3023 3073 3124 potensin
3136 3046 3217 3097 se
3280 3018 3638 3114 deficere,
3689 3019 3863 3094 licet

2322 3169 2476 3220 non
2505 3144 2780 3220 habeat
2833 3141 3281 3241 potentiam,
3337 3137 3626 3215 scilicet
3684 3162 3865 3238 parv

2319 3275 2469 3340 tem
2532 3262 3014 3341 essentialem
3097 3261 3240 3335 sibi
3333 3258 3856 3354 intrinsecam,

2319 3382 2429 3457 sic
2470 3380 2806 3455 concedo
2847 3402 3154 3453 omnem
3220 3387 3648 3452 creaturam
3692 3399 3859 3451 esse

2319 3498 2731 3595 impuram,
2821 3494 3005 3592 quia
3101 3493 3416 3569 cuilibet
3485 3503 3859 3568 creaturae

2313 3612 2577 3687 deficit
2607 3609 2891 3709 aliquis
2923 3610 3211 3708 gradus
3237 3609 3436 3684 entis
3475 3608 3863 3708 potentia-

2320 3729 2413 3803 lis
2490 3738 2562 3802 et
2656 3726 3045 3825 possibilis
3111 3726 3365 3800 inesse
3442 3726 3575 3800 toti
3670 3725 3855 3800 enti.

2318 3846 2459 3919 Sed
2508 3844 2655 3918 ista
2715 3843 3119 3941 impuritas
3177 3843 3299 3916 vel
3343 3841 3862 3940 potentialitas

2319 3986 2470 4036 non
2509 3961 2872 4037 convenit
2914 3959 3181 4049 motui,
3253 3961 3371 4035 vel
3427 3957 3859 4047 mutationi,

2318 4079 2500 4178 quia
2531 4086 2808 4171 motuS,
2844 4079 2967 4152 vel
3004 4075 3323 4151 mutatio
3380 4099 3530 4176 non
3570 4084 3684 4149 est
3713 4075 3863 4149 nisi

2318 4197 2394 4270 in
2461 4196 2768 4272 entibus
2849 4194 3124 4269 creatis
3210 4191 3713 4268 mutabilibus
3789 4201 3864 4267 et

2320 4313 2950 4413 corruptibilibus
3003 4310 3495 4410 imperfectis,
3547 4334 3866 4408 compo-

2320 4433 2485 4509 sitis
2561 4458 2653 4508 ex
2704 4441 2871 4507 actu
2928 4442 2999 4506 et
3067 4430 3436 4529 potentia,
3492 4440 3864 4528 tanquam

2319 4575 2412 4626 ex
2445 4551 2788 4649 partibus
2819 4549 3358 4624 essentialibus
3419 4548 3859 4623 intrinsece.

2321 4670 2399 4744 Si
2482 4679 2739 4744 autem
2850 4669 3250 4763 intelligat,
3347 4667 3552 4763 quod
3612 4667 3866 4741 omnis

2320 4789 2600 4862 creatio
2642 4797 3014 4862 creaturae
3055 4798 3169 4860 est
3234 4785 3342 4860 sic
3401 4784 3633 4858 mixta
3686 4810 3859 4859 cum

2319 4905 2659 5002 potentia
2690 4904 3019 5001 impura,
3059 4904 3240 5000 quia
3271 4913 3384 4977 est
3415 4913 3632 4976 actus
3665 4901 3864 4976 entis

2319 5021 2738 5118 imperfecti
2808 5021 2884 5091 in
2975 5019 3341 5117 potentia,
3433 5020 3858 5093 secundum

2319 5139 2522 5235 quod
2565 5138 2639 5210 in
2694 5137 3034 5235 potentia
3084 5137 3174 5210 ad
3214 5136 3654 5211 ulteriorem
3697 5160 3863 5235 per-

2320 5256 2718 5328 fectionem
2832 5253 2903 5323 in
3013 5276 3093 5326 se
3186 5252 3618 5326 hahendam
3724 5277 3864 5353 per

2318 5380 2604 5443 motum
2641 5371 2759 5442 vel
2827 5366 3356 5461 mutationem,
3418 5369 3603 5465 petit
3653 5371 3861 5467 quod

2314 5487 2540 5561 debet
2624 5487 2975 5583 probare,
3066 5484 3249 5581 quia
3343 5508 3500 5572 6336
3559 5496 3860 5562 naturae

2316 5604 2685 5706 simplicis
2731 5615 2810 5678 ut
2848 5603 3149 5701 Angeli,
3181 5604 3300 5676 vel
3345 5603 3652 5696 animae,
3700 5629 3858 5681 non
