4295 6326
366 2727 617 2782 Secundo

427 4950 623 5003 Tertio.

661 439 792 510 470

2061 441 2302 509 LIBRI
2349 442 2470 513 ΙΙΙ.

664 614 863 691 sicut
901 627 1224 716 possunt
1251 642 1417 693 esse
1460 616 1756 714 objecta
1800 614 2206 690 irascibilis
2320 615 2803 715 Philosophi,
2863 618 3170 695 videtur
3221 618 3428 718 quod
3481 616 3573 692 ad
3634 614 3864 690 aliam

665 746 739 808 et
844 735 1495 834 concupiscibilis,
1579 743 1656 808 ut
1734 744 1915 808 sunt
2003 755 2211 806 nunc
2319 745 2481 810 turn
2590 737 2994 834 pertineat,

666 852 897 945 bona,
945 875 1122 950 quae
1165 862 1561 950 ponuntur
1592 851 1666 924 in
1700 863 1912 949 parte
1973 848 2214 924 sensi-

3094 760 3325 835 quam
3422 736 3517 810 ad
3623 733 3860 820 illam,

2323 875 2499 949 quae
2540 852 2890 928 absolute
2944 854 3186 927 tendit
3244 854 3324 926 in
3366 853 3659 926 bonum
3729 871 3863 920 vo-

667 967 848 1056 tiva,
888 969 991 1043 ita
1030 978 1355 1066 possunt
1409 992 1576 1043 esse
1623 967 2007 1063 objectum
2078 990 2212 1040 eo-
2322 970 2578 1063 lendo,
2616 971 2735 1046 vel
2779 971 2856 1044 in
2895 973 3178 1045 malum
3215 969 3580 1066 nolendo.

2424 1087 2586 1159 Hoc
2656 1087 2856 1160 idem
2928 1088 3078 1162 alio
3162 1086 3387 1162 modo
3446 1084 3869 1160 ostendunt
3925 1093 4144 1153 Quarto·

669 1107 754 1157 ru
772 1084 1017 1158 mdem
1049 1084 1121 1156 in
1161 1092 1372 1182 parte
1407 1082 1900 1175 intellectiva,
1930 1090 2216 1156 utsunt

671 1200 874 1274 bona
933 1199 1433 1297 simpliciter;
1498 1222 1680 1295 ergo
1738 1198 1936 1271 sicut
1994 1219 2220 1294 appe-

3914 1152 4207 1206 Irascibilis

2326 1204 2461 1296 sic,
2544 1204 2761 1300 quasi
2830 1203 3236 1287 narrando,
3307 1198 3718 1276 irascibilis
3790 1196 3864 1269 in
3899 1214 4210 1332 ὴὲιὲοῗοιιίῗβ

672 1316 856 1389 titus
886 1316 1306 1390 sensitivus
1331 1325 1581 1413 potest
1610 1315 1923 1390 tendere
1958 1314 2031 1387 in
2077 1313 2220 1387 bo-
2329 1320 2551 1394 nobis
2591 1321 2822 1395 habet
2861 1331 3015 1394 tres
3074 1330 3290 1394 actus
3359 1313 3867 1417 praecedendo
3939 1346 4191 1395 actone-

675 1457 858 1506 num
914 1434 1058 1507 sub
1118 1433 1411 1508 ratione
1464 1432 1713 1525 ardui,
1782 1440 1854 1505 et
1909 1431 2051 1505 sub
2110 1453 2222 1503 ra-

676 1550 885 1624 tione
954 1550 1453 1642 delectabilis,
1539 1558 1619 1623 ut
1675 1572 1908 1641 nunc,
1968 1556 2040 1622 et
2109 1546 2217 1622 sic
2334 1565 2676 1629 mentum
2733 1563 2902 1628 actu
2960 1555 3185 1648 inest,
3217 1564 3291 1628 et
3342 1553 3452 1627 sic
3538 1551 3742 1625 dolet
3800 1555 3876 1621 et

681 1666 1053 1740 dividitur
1116 1666 1190 1740 in
1263 1665 1723 1740 irascibilem
1798 1674 1870 1739 et
1946 1687 2227 1738 concu-

683 1783 1142 1881 piscibilem,
1205 1785 1304 1858 ita
1336 1793 1409 1859 et
1455 1784 1842 1881 appetitus
1902 1782 2229 1857 rationa-

686 1899 781 1973 lis
811 1908 1053 1997 potest
1114 1900 1419 1974 tendere
1473 1899 1550 1974 in
1630 1899 2010 1997 objectum
2083 1897 2227 1970 sub

693 2014 984 2089 ratione
1019 2016 1264 2108 ardui,
1311 2017 1431 2089 vel
1474 2014 1618 2089 sub
1655 2014 1945 2089 ratione
1979 2013 2232 2088 delec-

693 2129 949 2205 tabilis
1015 2130 1489 2227 simpliciter,
1565 2139 1644 2204 ut
1695 2130 1804 2204 sic
1871 2129 2233 2204 voluntas

695 2247 1168 2322 divideretur
1207 2247 1283 2320 in
1314 2247 1779 2322 irascibilem
1821 2258 1895 2321 et
1959 2270 2236 2321 concu-

696 2364 1384 2464 piscibilem3ergo
1436 2374 1662 2439 erunt
1707 2365 1858 2439 duo
1927 2364 2237 2439 habitus

697 2481 1183 2581 perficientes
1243 2492 1498 2582 partes
1541 2482 1740 2576 illas,
1786 2492 1860 2558 et
1927 2482 2237 2557 habitus

696 2610 922 2675 erunt
953 2599 1316 2675 distincti.

797 2719 1013 2810 ltem,
1047 2716 1582 2814 unusquisque
1608 2716 2000 2813 experitur
2031 2716 2236 2813 quod

695 2833 1032 2907 existens
1098 2832 1176 2903 in
1219 2832 1475 2928 quiete
1537 2832 2235 2929 contemplationiS,

695 2969 870 3045 quae
903 2946 994 3021 ad
1026 2946 1705 3043 concupiscibilem
1768 2954 2083 3043 spectat,
2131 2945 2242 3018 ni-

696 3065 882 3138 titur
916 3064 1285 3162 repellere
1319 3064 1394 3136 id
1436 3063 1640 3160 quod
1685 3072 1800 3136 est
1849 3086 2012 3137 suae
2053 3086 2243 3137 con-

695 3182 1216 3280 templationis
1261 3182 1926 3280 impedimentum,
1981 3205 2077 3256 ne
2111 3206 2243 3257 au-

697 3301 889 3377 ferat
912 3301 1386 3391 delectabile,
1433 3311 1503 3375 et
1541 3301 1837 3374 minuat
1910 3301 2244 3375 delecta-

695 3418 1014 3510 tionem,
1086 3440 1176 3491 eo
1244 3417 1448 3513 quod
1539 3416 1632 3491 de
1712 3416 2241 3515 impedimenti

699 3535 1116 3635 praesentia
1183 3536 1547 3621 tristatur,
1612 3535 1812 3609 sicut
1858 3547 2040 3610 sunt
2115 3558 2244 3608 oc-

701 3651 1153 3750 cupationes
1243 3652 1683 3725 exteriores.
1761 3652 2001 3748 lgitur
2066 3676 2243 3726 cum

701 3770 1060 3844 voluntas
1113 3767 1342 3840 habet
1416 3767 1872 3865 impugnare
1935 3768 2249 3866 impedi-

710 3895 1050 3959 mentum
1093 3884 1214 3958 sui
1247 3885 1901 3981 concupiscibilis,
1937 3885 2132 3958 sicut
2175 3894 2249 3959 et

706 4002 1090 4100 appetitus
1157 4001 1600 4091 sensitivuS,
1666 4012 1738 4075 et
1805 4011 2018 4076 actus
2051 4005 2244 4101 ejuS,

708 4142 861 4216 quo
903 4117 1305 4214 impugnat
1345 4117 1980 4214 impedimentum
2035 4128 2250 4193 actus

707 4234 1357 4333 concupiscibilis,
1450 4259 1586 4332 pro
1687 4246 1868 4310 tunc
1944 4236 2245 4326 minuit,

706 4356 950 4431 donec
981 4355 1307 4452 perfecte
1355 4353 1644 4426 amovit
1685 4354 2140 4452 impedienS,
2177 4363 2251 4428 et

708 4493 1062 4546 eumuna
1104 4469 1220 4542 vis
1255 4493 1405 4542 non
1441 4469 1536 4541 sit
1578 4470 1693 4542 sui
1731 4470 1971 4567 ipsius
2018 4472 2250 4567 impe-

709 4587 971 4673 ditiva‚
1057 4594 1356 4682 oportet
1428 4609 1712 4683 ponere
1814 4586 2033 4661 istam
2094 4587 2249 4659 vim

713 4726 879 4778 esse
905 4702 1161 4776 aliam.

815 4825 1030 4911 Item,
1076 4821 1274 4896 sicut
1312 4823 1674 4897 convenit
1733 4825 2119 4899 moderate
2181 4835 2250 4899 et

707 4943 913 5040 juste
965 4942 1542 5039 concupiscere,
1580 4941 1683 5016 ita
1723 4952 1797 5016 et
1855 4943 2078 5016 irasci
2131 4968 2253 5018 se-

715 5058 1055 5133 cundum
1089 5057 1541 5155 appetitum,
1574 5058 1742 5133 dico
1772 5058 2203 5134 intellectus
2230 5087 2247 5147 ;

713 5199 888 5251 cum
934 5174 1171 5271 igitur
1202 5174 1587 5272 objectum
1633 5176 2029 5273 proprium
2106 5177 2251 5250 ira-

712 5291 1003 5369 scibilis
1063 5315 1215 5365 non
1272 5290 1370 5364 sit
1409 5291 1698 5364 bonum
1759 5292 1901 5365 sub
1958 5292 2250 5367 ratione

713 5407 1006 5483 formali
1051 5406 1256 5490 boni,
1291 5407 1422 5481 sed
1476 5407 1718 5502 magis
1763 5407 2052 5503 aliquid
2097 5407 2250 5481 dis·

710 5524 1034 5623 plicens,
1110 5523 1316 5618 quod
1382 5532 1492 5595 est
1577 5523 1766 5595 ratio
1841 5524 2248 5621 appetendi

709 5639 1156 5728 vindictam,
1209 5650 1287 5712 ut
1349 5647 1555 5736 patet
1618 5639 1695 5711 in
1757 5638 2248 5716 distractione

2334 1674 2704 1767 tristatur,
2748 1683 2925 1748 tunc
2982 1674 3189 1749 enim
3260 1669 3668 1747 irascibilis
3709 1690 3877 1742 exe·

2335 1791 2596 1888 quitur
2637 1800 2888 1865 actum
2968 1788 3474 1888 impugnandi
3562 1783 3882 1883 impedi-

2340 1919 2679 1981 mentum
2762 1907 3102 1982 sedando
3161 1902 3874 2002 concupiscibilem,

2343 2033 2422 2097 ut
2464 2024 2702 2122 possit
2778 2024 3201 2121 quiescere.
3278 2021 3496 2096 Unde
3574 2019 3683 2094 sic
3750 2041 3882 2092 ex-

2341 2142 2579 2215 cludit
2635 2142 2976 2216 dolorem
3054 2139 3582 2239 impugnando
3637 2138 3882 2235 impe-

2342 2258 2561 2333 diens
2603 2258 3080 2348 delectabile,
3118 2259 3241 2333 vel
3302 2257 3485 2353 quia
3546 2256 3886 2330 delecta-

2354 2374 2457 2448 tio
2522 2374 2748 2467 inest,
2821 2397 3048 2471 quarn
3121 2374 3337 2448 timet
3398 2371 3776 2463 amittere,
3812 2376 3887 2444 et

2345 2492 2454 2565 sic
2496 2492 2908 2567 irascibilis
2952 2490 3306 2565 fortificat
3336 2514 3430 2565 ea
3479 2487 3887 2565 excluden-

2345 2608 2440 2681 do
2509 2608 2888 2682 timorem.
2935 2607 3187 2682 Tertio
3250 2606 3652 2705 passiones
3711 2628 3891 2679 con-

2343 2725 2620 2798 trarias
2663 2725 2989 2823 repellit,
3063 2726 3225 2800 sive
3282 2725 3693 2820 impugnat
3752 2721 3888 2793 im-

2344 2842 2732 2940 pedientia
2786 2842 3399 2918 delectationem.
3479 2841 3664 2914 Haec
3719 2863 3889 2912 om-

2348 2958 2476 3032 nia
2534 2958 3038 3032 inveniuntur
3086 2957 3165 3031 in
3244 2958 3665 3044 voluntate,
3703 2954 3888 3053 quia

2347 3074 2762 3171 aliquando
2911 3072 3406 3172 impedientia
3549 3071 3886 3171 quietem

2348 3192 3016 3290 contemplationis
3049 3192 3314 3266 insunt
3344 3200 3548 3285 actu,
3595 3199 3668 3265 et
3705 3198 3889 3264 tunc

2346 3309 2717 3383 tristatur.

2447 3427 2661 3512 Item,
2757 3437 2973 3501 actus
3059 3426 3727 3524 contemplationis
3811 3426 3887 3498 in

2349 3544 2641 3618 viatore
2715 3545 2956 3619 amitti
3036 3553 3309 3642 potest,
3393 3544 3573 3617 dum
3662 3544 3886 3632 inest,

2352 3664 2523 3737 ideo
2563 3663 2804 3756 timet,
2864 3661 3291 3736 amovendo
3338 3684 3515 3758 quae
3584 3669 3896 3758 possent

2354 3781 2752 3879 impedire,
2789 3781 2961 3855 ideo
3009 3788 3259 3852 motus
3315 3779 3569 3853 carnis
3636 3778 3897 3852 insur-

2354 3909 2621 3993 gentes
2697 3908 2771 3971 et
2851 3896 3358 3994 impedientes
3422 3903 3812 3993 expugnat
3873 3922 3891 3988 ;

2356 4015 2589 4109 igitur
2629 4022 2742 4087 est
2797 4010 3343 4109 impugnatriX‚
3404 4021 3476 4085 et
3536 4013 3680 4084 hoc
3721 4033 3897 4084 cum

2356 4130 2803 4204 delectabile
2881 4139 2994 4203 est
3090 4151 3504 4225 praesens;
3588 4128 3897 4224 quando

2358 4258 2609 4320 autern
2692 4256 2807 4320 est
2897 4246 3177 4319 absens
3274 4243 3899 4340 concupiscibilis

2361 4363 2590 4436 habet
2631 4362 3094 4437 desiderium
3137 4362 3229 4436 ad
3270 4362 3487 4455 illud,
3526 4385 3667 4436 nec
3700 4371 3902 4436 esset

2359 4479 2625 4554 efficax
2678 4488 3023 4576 respectu
3072 4478 3279 4552 illius
3339 4478 3894 4577 consequendi,

2360 4592 2507 4666 nisi
2605 4592 3012 4667 irascibilis
3091 4600 3483 4665 amoveret
3571 4591 3903 4689 impedi-

2363 4718 2645 4801 menta,
2711 4717 2793 4782 ut
2850 4707 3318 4804 acquiratur.
3402 4708 3592 4781 Cum
3669 4707 3903 4804 igitur

2365 4827 2529 4899 haec
2570 4825 2831 4898 omnia
2861 4824 3016 4898 sint
3065 4824 3138 4895 in
3206 4823 3568 4897 irascibili
3613 4833 3901 4898 etcon-

2360 4940 2790 5039 cupiscibili
2856 4940 2928 5012 in
2977 4940 3319 5037 appetitu
3362 4939 3757 5033 sensitivo,
3794 4940 3903 5015 si-

2361 5059 2744 5132 militeret
2794 5058 2866 5129 in
2928 5058 3351 5149 voluntate,
3397 5080 3572 5130 nam
3643 5058 3906 5131 omnia

2362 5176 2525 5247 haec
2592 5181 2913 5271 possunt
2961 5171 3592 5269 concupiscibilia
3645 5172 3722 5244 in
3765 5197 3905 5246 vo-

2360 5291 2651 5364 luntate
2681 5313 2889 5382 esse3
2939 5288 3110 5362 ideo
3146 5288 3580 5362 necessaria
3603 5297 3716 5363 est
3755 5290 3900 5365 sibi

2359 5407 2792 5499 irascibilis,
2839 5412 3219 5502 quantum
3259 5403 3349 5476 ad
3406 5404 3546 5477 ista
3591 5405 3896 5498 omnia3

2357 5525 2591 5620 igitur
2630 5547 2800 5598 cum
2865 5523 3010 5595 ista
3064 5521 3216 5594 sint
3272 5521 3348 5592 in
3392 5521 3783 5596 voluntate
3827 5533 3902 5597 et

2360 5641 2774 5737 respiciant
2814 5638 3111 5735 objecta
3178 5637 3561 5728 distincta,
3617 5660 3902 5712 secun-

2329 1437 2958 1534 concupiscibile,
3042 1438 3226 1535 quia
3329 1436 3451 1510 vel
3543 1405 4224 1530 impedi-fflfflssffffi

3980 3551 4202 3611 Quinto.
