4295 6326
402 2929 463 2993 1.

632 404 758 472 154

2009 392 2248 462 LIBRI
2299 393 2383 461 ll.

1225 970 2351 1171 DISTINCTIO
2481 965 3242 1164 XXXIII.

1015 1674 1424 1754 QUAESTIO
1477 1672 1776 1743 UNICA.

629 1847 873 1914 Utrum
902 1843 1049 1912 sola
1069 1860 1272 1930 poena
1305 1841 1556 1909 damni
1576 1841 1861 1909 debetur
1884 1846 2167 1925 peccato

1197 1948 1534 2039 oriqinali
1560 1949 1591 2014 ἲ

620 2147 820 2204 Δ1000.
853 2147 906 2201 2.
939 2163 992 2217 p.
1023 2161 1076 2217 q.
1113 2144 1233 2200 122.
1256 2160 1331 2197 m.
1367 2142 1451 2197 10.
1491 2143 1551 2197 D.
1586 2140 1796 2196 Bonav.
1826 2139 1915 2193 hic
1943 2154 1997 2194 α.
2026 2136 2078 2192 3.
2112 2152 2164 2207 q.

694 2236 731 2275 1.
766 2218 830 2273 D.
865 2217 1073 2274 Thom.
1107 2231 1158 2286 q.
1189 2215 1243 2269 2.
1275 2231 1330 2269 a.
1357 2217 1410 2268 2.
1450 2212 1719 2269 Richard.
1751 2228 1804 2264 a.
1838 2210 1892 2264 3.
1934 2226 1984 2281 q.
2034 2225 2074 2261 ι.
2118 2211 2168 2262 et

692 2294 746 2345 2.
803 2289 1055 2345 Rubion.
1109 2286 1297 2358 AEgid.
1377 2284 1636 2341 Durand.
1708 2280 1920 2338 Marsil.
1993 2281 2166 2336 Gabr.

690 2361 949 2422 Ovando.
1015 2361 1229 2431 Angles
1284 2357 1393 2424 hic,
1453 2363 1510 2413 et
1589 2356 1828 2411 Herrera
1887 2354 1946 2407 in
2000 2356 2054 2407 2.
2111 2351 2168 2406 d.

688 2435 780 2490 27.
813 2440 1015 2489 vocant
1045 2435 1307 2487 tenentes
1380 2444 1546 2484 ueros
1580 2426 1774 2498 puniri
1825 2425 1982 2497 igne,
2033 2440 2167 2494 par-

693 2505 960 2561 vulorum
1012 2508 1280 2559 tortores.
1387 2500 1614 2557 ellarm.
1663 2497 1761 2554 tib.
1816 2498 1870 2551 6.
1924 2496 1991 2551 de
2012 2502 2165 2551 statu

689 2579 916 2647 peccati.
948 2592 995 2631 c.
1029 2576 1083 2630 6.
1116 2578 1167 2630 et
1194 2575 1250 2628 7.
1281 2573 1451 2630 Suar.
1497 2582 1630 2627 eom.
1664 2572 1716 2627 3.
1775 2568 1831 2624 d.
1880 2568 1970 2622 57.
2011 2583 2057 2624 s.
2106 2569 2164 2620 6.

686 2654 740 2704 et
785 2648 839 2704 d.
889 2650 980 2703 50.
1028 2663 1073 2703 ε.
1132 2647 1185 2701 5.
1232 2645 1408 2716 Vasq.
1455 2644 1506 2699 1.
1553 2643 1610 2697 2.
1659 2640 1714 2696 d.
1769 2640 1887 2696 134.
1927 2640 2168 2694 Seot.in

686 2723 866 2780 Oxou.
900 2721 1008 2776 hic.

721 2894 941 2970 Circa
980 2893 1202 2968 istam
1246 2886 1816 2965 distinctionem
1857 2884 2168 2981 trigesi-

264 3045 583 3105 Argumem,
624 3038 824 3089 mam
849 3010 1148 3088 tertiam
1174 3007 1551 3107 quaeritur
1568 3004 1815 3102 primo
1841 3031 1856 3076 ε
1892 3003 2166 3079 Utrum

294 3106 548 3173 primum.

316 3714 518 3764 Secun-

330 3777 476 3828 dum.

282 4454 544 4511 Tertium.

265 5039 545 5098 Quartum.

617 3129 788 3206 sola
816 3150 1055 3227 poena
1112 3124 1384 3201 damni
1440 3120 1804 3198 debeatur
1849 3122 2165 3218 peccato

617 3245 1061 3345 oriqinalz'?
1135 3242 1356 3330 Quod
1415 3263 1603 3333 non,
1682 3236 2171 3334 Augustinus

614 3365 707 3440 de
728 3364 926 3440 Fide
966 3362 1070 3438 ad
1085 3362 1300 3436 Petr.
1348 3360 1467 3432 24.
1514 3358 1697 3432 dicit
1732 3382 1746 3432 :
1783 3354 2170 3430 Parvulos

612 3505 768 3556 non
800 3478 1225 3576 baptizatos
1253 3474 1531 3550 aeterni
1550 3472 1753 3571 iqui-5
1780 3470 2162 3569 supplicio

603 3595 1044 3696 puniendos
1089 3622 1107 3688 3
1143 3594 1276 3667 illa
1305 3600 1421 3667 est
1437 3613 1666 3688 poena
1705 3612 2008 3664 sensus.

711 3713 929 3807 Item,
992 3708 1295 3809 parvuli
1354 3731 1507 3782 non
1564 3704 1949 3804 baptizati,
2007 3728 2165 3777 non

614 3829 1010 3905 habebunt
1041 3849 1320 3924 corpus
1379 3823 1798 3921 gloriosum
1844 3850 1863 3916 3
1931 3821 2166 3918 igitur

613 3954 936 4044 possunt
966 3942 1121 4043 pati
1156 3941 1249 4017 ab
1300 3940 1715 4014 intrinseco
1766 3947 1838 4014 et
1888 3935 2165 4012 extrin-

614 4087 818 4157 sece,
855 4085 1029 4137 cum
1091 4082 1372 4157 corpus
1421 4080 1689 4133 eorum
1741 4078 2163 4153 compona-

612 4191 738 4256 tur
777 4202 869 4254 ex
918 4175 1320 4252 contrariis
1355 4202 1374 4268 3
1410 4173 1646 4270 igitur
1693 4195 1848 4246 non
1909 4172 2160 4246 solum

611 4294 1045 4393 puniuntur
1074 4291 1153 4364 in
1195 4313 1350 4365 non
1402 4287 1733 4364 videndo
1782 4286 2057 4360 Deum.

710 4413 929 4504 Item,
998 4409 1359 4484 voluntas
1444 4405 1522 4480 in
1584 4404 1694 4480 eis
1790 4427 1942 4478 non
2015 4404 2163 4478 erit

612 4527 1067 4604 confirmata
1097 4525 1174 4598 in
1216 4524 1420 4599 hono
1465 4550 1483 4616 3
1549 4520 1782 4618 igitur
1837 4529 2164 4617 possunt

613 4667 929 4744 peccare
973 4642 1144 4719 aliis
1183 4639 1514 4740 peccatis
1546 4661 1777 4736 quam
1810 4637 1908 4712 sit
1938 4637 2163 4733 origi-

614 4763 785 4836 nale
823 4788 841 4855 3
877 4759 1114 4854 igitur
1146 4755 1540 4831 habebunt
1579 4754 1804 4829 aliam
1849 4777 2157 4852 poenam

612 4901 657 4953 a
683 4900 912 4976 poena
943 4872 1230 4948 damni.

712 4995 931 5085 Item,
967 4990 1029 5065 si
1060 4987 1492 5087 puniuntur
1522 4987 1667 5061 ista
1707 5010 1960 5084 poena,
2029 4986 2162 5083 igi-

612 5121 738 5185 tur
800 5131 956 5182 non
1013 5107 1176 5181 sola
1246 5105 1415 5198 ista,
1493 5103 1674 5202 quia
1770 5102 2163 5178 habebunt

616 5226 1090 5300 intellectum
1153 5246 1308 5296 non
1366 5221 1473 5295 sic
1551 5220 1899 5317 ligatum,
1971 5221 2158 5316 quin

613 5350 975 5444 poterunt
1024 5339 1452 5434 intelligere
1504 5347 1854 5412 naturam
1909 5361 2158 5430 suam,

616 5473 691 5539 et
739 5468 1101 5561 poterunt
1160 5456 1589 5553 intelligere
1640 5457 1735 5532 ad
1795 5466 2159 5554 quantam

615 5577 1172 5658 beatitudinem
1233 5585 1511 5651 natura
1579 5598 1846 5652 eorum
1900 5572 2168 5649 fuisset

2274 1454 2628 1531 ordinata
2688 1482 2705 1548 3
2774 1451 3008 1549 igitur
3082 1474 3174 1525 ex
3265 1451 3408 1523 hoc
3499 1451 3824 1544 possunt

2275 1571 2556 1649 tristari
2589 1602 2607 1667 3
2646 1595 2798 1646 non
2836 1569 3071 1667 igitur
3096 1569 3345 1642 solum
3391 1563 3826 1664 puniuntur

2275 1690 2352 1764 in
2397 1713 2550 1764 non
2584 1687 2917 1762 videndo
2950 1686 3226 1760 Deum.

2374 1805 2856 1905 Oppositum,
2926 1801 3294 1898 Magister
3360 1799 3438 1872 in
3540 1797 3815 1890 littera,

2278 1924 2481 2025 quod
2531 1946 2769 2020 poena
2812 1944 3077 1995 eoram
3141 1918 3484 1992 omnium
3555 1939 3820 2014 poena-

2278 2067 2450 2116 rum
2479 2042 2626 2115 erit
2663 2039 3071 2113 mitissima
3106 2066 3123 2131 3
3162 2036 3294 2111 sed
3344 2036 3408 2111 si
3452 2034 3821 2109 haberent

2279 2159 2506 2233 aliam
2550 2184 2596 2232 a
2626 2180 2852 2256 poena
2873 2156 3160 2243 damni,
3230 2156 3373 2227 hoc
3436 2177 3587 2227 non
3620 2146 3821 2227 esset

2278 2297 2576 2350 verum.

2824 2606 3188 2664 SCHOLIUM
3244 2605 3287 2661 1.

2347 2763 2642 2820 Sententia
2673 2762 2958 2835 Magistri,
2990 2760 3246 2830 Henriei,
3284 2762 3544 2832 Gregorii
3590 2766 3646 2817 et
3676 2762 3820 2818 alio·

2279 2869 2432 2919 rum,
2465 2850 2746 2921 originale
2774 2854 3074 2922 peecatum
3118 2866 3246 2906 esse
3279 2851 3604 2905 morbidam
3639 2850 3821 2922 quali·

2277 2946 2455 2997 tatem
2492 2965 2506 3009 3
2539 2957 2672 2996 caro
2723 2940 2932 2994 infecta
2978 2939 3298 2995 seminatur
3341 2940 3664 2994 seeundum
3711 2939 3827 2995 Ma-

2277 3031 2549 3103 gistrum,
2609 3030 2748 3100 quia
2796 3027 2940 3083 nibil
2993 3033 3079 3084 est
3127 3029 3197 3084 de
3265 3029 3503 3084 veritate
3553 3028 3823 3084 humanae

2278 3126 2514 3190 naturai,
2548 3118 2658 3174 nisi
2696 3116 2980 3191 particula
3008 3121 3245 3191 accepta
3275 3117 3348 3174 de
3399 3134 3575 3175 carne
3616 3119 3825 3188 Adam,

2278 3216 2337 3267 et
2366 3212 2478 3267 ista
2509 3209 2722 3265 transit
2752 3226 2883 3265 cum
2916 3226 3021 3264 sua
3052 3209 3385 3275 infectione,
3442 3208 3830 3280 multiplicata

2279 3299 2708 3371 sicutquinque
2736 3313 2933 3369 paneS.
2969 3297 3275 3354 Refutatur
3307 3297 3515 3368 primo,
3566 3299 3717 3370 quod
3749 3300 3831 3355 ait

2279 3390 2351 3444 de-
2393 3388 2880 3461 multiplicatione
2934 3389 3148 3455 carnis,
3198 3389 3334 3460 quia
3385 3389 3493 3445 hoc
3532 3389 3654 3445 fieri
3700 3391 3828 3447 sine

2280 3479 2574 3535 additione
2622 3495 2779 3533 novae
2830 3478 3102 3545 materiae,
3144 3487 3233 3534 est
3272 3494 3486 3550 ponere
3551 3494 3826 3550 magnum

2280 3569 2629 3624 miraculum
2664 3567 2720 3624 in
2754 3568 3121 3639 generatione
3168 3567 3487 3638 cujuslibet
3534 3569 3825 3638 hominis3

2278 3658 2325 3712 si
2358 3662 2553 3714 autem
2587 3657 2751 3713 fieret
2779 3656 2983 3713 eadem
3016 3657 3256 3712 materia
3287 3658 3479 3730 posita
3510 3659 3617 3714 sub
3650 3658 3831 3714 diver-

2278 3749 2361 3805 sis
2394 3747 2618 3815 formis,
2650 3752 2878 3820 oportet
2910 3751 3138 3803 tantum
3173 3746 3243 3803 de
3274 3747 3549 3803 universo
3581 3749 3829 3805 conden-

2278 3838 2411 3906 sari,
2436 3843 2716 3911 quantum
2750 3845 2988 3911 occupat
3020 3837 3123 3892 illa
3155 3838 3478 3894 rarefactiO.
3512 3837 3827 3895 Occasione

2282 3928 2457 3998 hujus
2506 3927 2762 3994 resolvit,
2814 3925 3354 3995 multiplicationem
3408 3927 3666 3999 quinque
3719 3944 3823 3999 pa·

2279 4031 2417 4071 num
2452 4016 2663 4071 saetam
2696 4016 2880 4071 fuisse
2929 4031 3045 4070 non
3093 4031 3191 4085 per
3243 4030 3449 4070 novam
3514 4016 3820 4071 materiam

2278 4112 2555 4174 creatam,
2587 4120 2695 4161 nec
2726 4121 2830 4177 per
2865 4104 3264 4161 extensionem
3300 4104 3554 4160 materiae
3578 4121 3821 4177 panum,

2277 4196 2373 4252 ned
2398 4197 2776 4253 conversione
2804 4196 3041 4253 alterius
3071 4196 3328 4270 corporis
3369 4198 3427 4251 in
3488 4213 3718 4268 panem,
3766 4200 3823 4253 et

2276 4285 2469 4359 colligi
2501 4303 2569 4342 ex
2598 4288 2944 4359 Augustino,

2371 4522 2589 4597 Circa
2620 4521 2803 4596 istas
2844 4521 3314 4619 quaestiones
3344 4531 3459 4596 est
3508 4544 3662 4596 una
3690 4522 3819 4596 via

2274 4640 2673 4714 declarans
2732 4638 2937 4736 quod
2986 4649 3383 4737 peccatum
3440 4638 3813 4734 originale

2274 4757 2757 4832 contrahitur
2796 4781 2888 4831 ex
2938 4755 3350 4831 infectione
3406 4755 3687 4849 carniS,
3742 4766 3818 4831 et

2275 4875 2350 4948 in
2414 4874 2660 4972 primo
2715 4872 3037 4948 articulo
3105 4873 3538 4948 declaratur
3612 4874 3818 4971 quod

2277 4991 2522 5091 primo
2555 4990 2696 5066 fuit
2726 4990 2984 5065 anima
3032 4990 3217 5065 Adae
3252 4990 3543 5067 *infecta
3588 5013 3821 5088 quam

2278 5131 2456 5182 caro
2519 5131 2722 5201 sua3
2775 5131 2926 5181 non
2982 5105 3186 5180 enim
3248 5105 3463 5203 prius
3528 5105 3668 5180 fuit
3713 5106 3823 5179 in-

2281 5222 2501 5297 fectio
2573 5222 2645 5295 in
2702 5246 2929 5297 carne
2989 5244 3221 5319 quam
3269 5222 3342 5294 in
3393 5223 3815 5295 voluntate.

2280 5340 2665 5433 Secundo,
2754 5339 3186 5412 declaratur
3252 5337 3581 5436 qualiter
3646 5360 3821 5411 caro

2279 5456 2558 5532 infecta
2601 5456 3048 5532 seminetur.
3114 5454 3391 5549 Tertio,
3432 5454 3819 5554 quomodo

2283 5596 2376 5647 ex
2426 5596 2655 5649 carne
2717 5572 2996 5647 infecta
3048 5571 3451 5662 seminata,
3521 5569 3822 5645 inficia-

3889 1811 4105 1862 Contra.

3966 4533 4034 4597 2.

3871 4644 4113 4703 Quatuor

3861 4706 4136 4769 explican-

3959 4769 4046 4819 da.
