4295 6326
672 402 802 468 418
2093 395 2332 464 LIBRI
2380 394 2501 464 ΙΙΙ.

676 588 791 653 est
827 579 1170 652 futurum
1218 576 1644 651 secundum
1715 597 1988 649 causas
2036 573 2222 646 infe·

679 696 949 789 riores,
1006 718 1180 792 quaa
1250 692 1778 791 impediuntur
1841 700 2220 788 quantum

678 822 796 886 est
852 835 940 885 ex
1006 819 1219 908 parte
1288 834 1454 884 sua.
1521 807 1719 895 Quia
1776 807 1974 881 sicut
2018 829 2221 879 unus

677 928 1000 1000 Planeta
1036 935 1381 1023 respectu
1427 924 1742 1023 pluviae,
1816 932 1889 996 et
1951 944 2223 996 secun-

677 1044 855 1116 dum
958 1043 1484 1119 causalitatem
1556 1065 1773 1114 suam
1868 1037 2223 1137 producit

677 1160 1016 1258 pluviam
1105 1159 1556 1234 adducendo
1643 1160 2003 1232 humores
2100 1157 2218 1229 vel

676 1298 1000 1371 vapores
1034 1276 1418 1362 humidos,
1483 1275 1623 1349 etsi
1665 1275 1761 1348 sit
1811 1274 2008 1347 alius
2043 1273 2222 1345 Pla-

676 1401 852 1464 ncta
909 1391 986 1462 in
1046 1391 1196 1464 alio
1273 1392 1493 1487 signo
1553 1390 1845 1464 habens
1912 1398 2223 1462 contra-

678 1507 869 1581 riam
903 1508 1263 1582 virtutem
1307 1518 1381 1582 et
1443 1508 1837 1603 majorem,
1910 1514 2222 1603 propter

676 1647 903 1722 quam
956 1623 1416 1721 impediatur
1477 1624 1720 1696 virtus
1761 1620 2104 1714 alteriuS,
2156 1619 2220 1694 si

678 1750 862 1814 tunc
950 1740 1326 1838 quaeritur
1407 1749 1659 1814 utrum
1745 1737 2009 1837 pluvia
2077 1736 2220 1811 erit

679 1882 874 1952 craS,
969 1860 1089 1933 vel
1186 1882 1368 1952 non,
1479 1857 1724 1954 magis
1809 1856 2219 1931 dicendum

679 1976 884 2072 quod
927 1999 1110 2065 non,
1149 1999 1378 2073 quam
1415 1975 1619 2073 quod
1653 1974 1787 2050 sic.

777 2095 869 2166 Et
916 2117 1051 2191 per
1091 2093 1237 2167 hoc
1295 2092 1619 2166 solvitur
1656 2090 1808 2165 alia
1861 2089 2215 2188 quaestiO,

681 2231 835 2305 qua
865 2209 1110 2306 quani
1144 2210 1359 2294 solet,
1412 2233 1509 2282 an
1551 2207 1847 2281 dicatur
1887 2230 2054 2281 esse
2101 2207 2219 2279 lu-

679 2336 939 2400 turum
983 2335 1055 2399 et
1095 2324 1488 2422 possibile,
1534 2323 1738 2421 quod
1780 2331 1894 2395 est
1967 2320 2221 2419 possi-

679 2442 829 2516 bile
864 2441 1290 2515 secundum
1321 2463 1592 2515 causas
1616 2439 2054 2537 superiores
2095 2439 2216 2512 vel

677 2558 1078 2631 inferiores
1113 2558 1153 2629 ⁴?
1207 2559 1664 2654 Exemplum
1724 2565 2020 2653 ponunt
2095 2554 2217 2629 isti

675 2674 768 2748 de
801 2676 944 2748 hac
994 2673 1356 2771 opinione
1391 2673 1482 2748 de
1526 2673 1872 2757 Ezechia‚
1917 2672 2038 2745 cui
2100 2671 2219 2743 di-

673 2791 782 2864 xit
814 2792 1076 2884 lsaiaS,
1122 2815 1288 2888 cap.
1343 2790 1461 2862 38.
1511 2790 1715 2887 quod
1761 2797 2214 2882 moreretur,

675 2909 803 3006 qui
906 2919 1156 2981 tamen
1249 2917 1655 3004 postquam
1750 2907 2214 3003 ploraverat,

676 3026 959 3100 dictum
989 3024 1269 3100 estsibi
1294 3048 1338 3098 a
1377 3024 1707 3097 Domino
1740 3046 1877 3120 per
1909 3023 2214 3115 isaiam,

678 3143 883 3241 quod
947 3144 1143 3217 ultra
1218 3140 1510 3214 viveret
1573 3162 1708 3238 per
1775 3137 2217 3237 quindecim

678 3284 926 3334 annos
982 3288 1001 3353 ;
1066 3258 1264 3333 unde
1326 3256 1791 3356 praemonuit
1859 3280 2034 3330 eum
2125 3256 2219 3330 de

683 3387 920 3452 morte
962 3376 1388 3450 secundum
1450 3397 1723 3449 causas
1784 3373 2213 3466 inferioreS,

680 3505 762 3569 ut
801 3493 973 3568 talis
1005 3491 1424 3567 admonitio
1475 3500 1675 3565 esset
1732 3489 1875 3564 sibi
1918 3489 2219 3564 occasio

679 3612 977 3705 orandi,
1055 3620 1134 3686 ut
1196 3610 1305 3684 sic
1377 3618 1685 3707 propter
1753 3608 2023 3683 merita
2081 3630 2223 3682 sua

680 3730 969 3805 diutius
1000 3728 1316 3802 viveret.
1367 3726 1724 3800 Praedixit
1787 3749 1969 3821 ergo
2016 3749 2224 3799 mor-

679 3859 831 3923 tem
875 3871 1091 3921 suam
1135 3844 1561 3920 secundum
1606 3865 1878 3918 causas
1912 3842 2222 3916 inferio-

683 3989 831 4058 res,
868 3973 1228 4038 ettamen
1275 3960 1412 4036 luit
1463 3958 1827 4057 impedita
1866 3982 2004 4056 per
2035 3981 2224 4032 cau-

683 4107 844 4157 sam
889 4078 1393 4177 superiorem,
1454 4085 1528 4150 et
1569 4075 1740 4150 ideo
1774 4074 2225 4171 simpliciter

683 4222 837 4272 non
877 4197 1013 4271 luit
1061 4218 1264 4268 mors
1305 4216 1446 4267 sua
1507 4215 1644 4289 pro
1688 4201 1892 4264 tunc.
1960 4190 2084 4264 Sic
2144 4190 2217 4262 in

683 4314 1099 4415 propositO,
1138 4333 1418 4410 corpus
1472 4307 1748 4381 Christi
1806 4316 1975 4404 post
2016 4331 2225 4381 mor-

682 4441 834 4506 tem
894 4427 1164 4503 habnit
1213 4449 1525 4500 causam
1587 4423 2082 4497 intrinsecam
2154 4433 2228 4497 et

684 4550 1189 4625 extrinsecam
1236 4541 1840 4642 putrefactionis,
1878 4541 1985 4615 sic
2018 4540 2222 4638 quod

683 4667 1031 4741 Christus
1099 4662 1360 4736 luisset
1434 4669 1779 4732 mortuus
1838 4659 1913 4730 in
1977 4657 2222 4750 seniO,

685 4805 953 4858 verum
1012 4790 1261 4853 tamen
1300 4785 1439 4868 est,
1478 4775 1680 4872 quod
1742 4798 1892 4847 non
1959 4775 2228 4849 fuisset

685 4906 1130 4994 corruptum
1184 4904 1258 4967 et
1317 4891 1851 4992 putrefactum,
1917 4899 2229 4988 propter

687 5038 998 5090 causam
1106 5008 1581 5107 superiorem
1680 5006 2225 5104 impedientem

686 5132 1066 5210 actionem
1102 5127 1307 5200 illam
1345 5124 1803 5216 naturalem,
1841 5124 2024 5220 quia
2055 5148 2230 5197 cor-

688 5277 832 5352 pus
912 5249 1057 5322 tale
1123 5244 1257 5318 luit
1324 5240 1878 5317 sanctificatum
1937 5264 2025 5313 ex
2098 5241 2229 5314 tali

687 5370 1005 5457 unione,
1051 5362 1349 5434 dicente
1395 5359 1804 5455 Propheta,
1863 5357 2063 5430 Psal.
2110 5358 2223 5429 15.

686 5488 869 5564 Non
901 5480 1119 5558 dabis
1145 5484 1488 5552 sanctum
1516 5483 1730 5548 tecum
1775 5474 2033 5548 videre
2074 5499 2233 5549 cor-

686 5603 1148 5705 ruptionem.

2429 572 2819 659 Quantum
2877 572 2971 645 ad
3029 574 3204 666 hoc,
3250 582 3434 673 puto
3495 574 3699 671 quod
3742 596 3880 648 ve-

2329 712 2499 762 rum
2545 688 2835 782 dicunt,
2908 689 3114 786 quod
3173 713 3328 763 non
3386 714 3587 765 novo
3646 690 3879 764 mira-

2328 808 2502 879 culo
2536 804 2804 879 fuisset
2847 807 2991 879 hoc
3035 807 3345 900 factum,
3391 817 3622 905 patet,
3696 806 3879 904 quia

2328 946 2608 1020 corpus
2650 923 2817 1018 ejus
2848 924 3116 998 fuisset
3156 924 3265 998 sic
3322 934 3875 1022 praeservatum

2327 1064 2372 1116 a
2449 1042 3031 1139 putrefactione,
3107 1042 3288 1141 quia
3338 1044 3677 1118 Verbum
3751 1067 3879 1117 as-

2329 1158 2657 1254 sumpsit
2726 1158 3120 1233 materiam
3207 1158 3868 1246 indissolubiliter,

2327 1283 2401 1348 et
2444 1273 2689 1347 univit
2730 1274 2876 1347 sibi
2908 1298 3190 1372 corpus
3231 1275 3419 1349 illud
3456 1275 3876 1349 indissolu-

2327 1391 2606 1482 biliter,
2646 1400 2718 1464 et
2749 1389 3017 1464 eadem
3065 1391 3379 1484 unione,
3425 1401 3499 1466 et
3543 1416 3694 1464 non
3733 1416 3876 1465 no-

2326 1530 2424 1578 vo
2471 1506 2840 1580 miraculo
2875 1506 3145 1580 fuisset
3208 1531 3490 1605 corpus
3546 1532 3873 1606 praeser-

2327 1633 2589 1696 vatum
2668 1646 2710 1696 a
2773 1623 3318 1720 corruptione3
3403 1626 3546 1698 hoc
3614 1635 3869 1699 autem

2327 1739 2532 1836 quod
2573 1740 2912 1814 Verbum
2952 1740 3197 1813 univit
3228 1740 3371 1815 sibi
3418 1765 3699 1839 corpus
3750 1742 3873 1815 in-

2326 1854 2879 1929 dissolubiliter
2929 1855 3228 1954 capitur
3272 1882 3317 1930 a
3358 1857 3867 1951 Damascene,

2328 1969 2458 2044 lib.
2498 1971 2567 2043 3.
2616 1996 2781 2070 cap.
2822 1973 2940 2045 27.

2424 2089 2705 2163 Contra
2773 2090 2960 2163 illud
3014 2091 3366 2165 ultimum
3412 2092 3698 2167 dictum
3744 2117 3868 2169 ar·
4013 2114 4077 2179 4,

2324 2228 2477 2301 guo
2524 2204 2763 2278 :Nam
2812 2205 3201 2302 passivum
3245 2209 3698 2282 naturaliter
3894 2201 4204 2252 N⁰V⁰¹¹·³‘⁸·

3730 2233 3865 2307 ἂρ’
3896 2265 4014 2314 culo
4043 2268 4209 2329 impe-

2325 2322 2837 2419 proximatum
2890 2322 3138 2397 activo
3206 2326 3655 2400 naturaliter
3708 2351 3862 2401 non
3897 2327 4206 2453 pffl‘gfauc‘uo

2325 2438 2690 2535 impedito
2747 2462 2882 2535 per
2930 2462 3240 2514 causam
3311 2453 3867 2539 supernatura·
3927 2455 4191 2526 pomam,

2326 2558 2504 2648 lem,
2544 2555 2994 2629 naturaliter
3036 2558 3345 2654 patitur,
3393 2558 3495 2632 ita
3555 2560 3755 2656 quod
3802 2559 3864 2633 si
3897 2530 4209 2649 ⁸2¹iss‘fiss'22‘s‘05'

2326 2671 2827 2768 impediretur
2872 2695 3008 2770 per
3048 2697 3362 2747 causam
3398 2685 3868 2772 supernatu-
3959 2642 4138 2693 ‘mm'

2327 2789 2594 2872 ratem,
2634 2789 2777 2861 hoc
2845 2798 3046 2862 esset
3119 2789 3606 2885 miraculum,
3671 2793 3868 2866 sicut

2327 2908 2862 3006 patetDaniel‚
2929 2932 3093 3006 cap.
3170 2910 3239 2981 3.
3315 2910 3407 2984 dc
3478 2912 3738 3010 pueris
3790 2913 3869 2986 in

2327 3024 2630 3098 camino
2725 3023 2923 3120 ignis
3019 3026 3623 3102 ambulantibus.
3722 3029 3871 3103 Sed

2327 3141 2473 3214 hoc
2506 3163 2786 3237 corpus
2819 3138 3097 3214 Christi
3139 3166 3275 3238 per
3307 3143 3873 3243 separationem

2327 3256 2609 3330 anima}
2704 3256 2841 3329 fuit
2920 3256 3313 3355 passivum
3393 3261 3868 3352 naturaliter,

2329 3373 2513 3470 quia
2570 3397 2723 3446 non
2794 3372 2933 3446 fuit
3026 3373 3541 3471 glorificatum
3629 3377 3877 3473 gloria

2328 3491 2637 3583 animm,
2698 3489 2823 3563 cui
2883 3498 3065 3564 tunc
3099 3515 3250 3565 non
3301 3492 3764 3589 uniebatur3
3810 3494 3874 3570 si

2329 3606 2534 3681 enim
2592 3629 2872 3701 corpus
2922 3607 3110 3680 illud
3174 3609 3440 3683 fuisset
3487 3610 3878 3705 glorifica-

2329 3733 2520 3812 tum,
2555 3722 2865 3819 quando
2920 3723 3133 3811 vixit,
3184 3726 3325 3799 hoc
3396 3750 3550 3799 non
3610 3726 3881 3802 fuisset

2329 3840 2421 3914 de
2465 3864 2665 3912 novo
2738 3838 3135 3930 miracuIO,
3201 3840 3355 3915 imo
3420 3843 3878 3918 miraculum

2333 3955 2475 4029 fuit
2514 3955 2717 4051 quod
2760 3954 3007 4050 gloria
3057 3955 3339 4031 animae
3396 3982 3549 4032 non
3590 3960 3883 4034 redun-

2331 4071 2559 4145 dabat
2622 4070 2696 4142 in
2763 4094 3043 4168 corpus
3111 4071 3304 4168 ejuS‚
3359 4075 3491 4148 sed
3569 4077 3879 4172 quando

2332 4189 2593 4262 anima
2671 4183 3338 4285 separabatur,'et
3403 4193 3647 4286 gloria
3714 4196 3882 4292 ejus

2334 4331 2487 4379 non
2534 4306 3009 4383 redundabat
3050 4307 3124 4379 in
3161 4330 3469 4405 corpus,
3517 4335 3668 4385 non
3720 4325 3884 4387 erat

2337 4421 2795 4496 miraculum
2833 4448 2850 4514 ;
2890 4444 3029 4496 nec
3062 4445 3343 4520 corpus
3385 4435 3566 4499 tunc
3609 4426 3684 4500 in
3743 4427 3879 4500 tri-

2334 4538 2487 4611 duo
2530 4537 2670 4610 fuit
2700 4535 3242 4634 glorificatum,
3281 4542 3643 4616 ethabuit
3673 4543 3877 4641 prin-

2334 4654 2622 4752 cipium
2666 4653 3169 4728 intrinsecum
3203 4659 3761 4756 corruptivum,
3808 4670 3880 4735 et

2334 4793 2472 4868 per
2531 4792 3016 4866 consequens
3079 4772 3391 4847 fuerunt
3441 4776 3746 4870 agentia
3810 4787 3880 4851 et

2337 4887 2703 4986 patientia
2764 4888 3214 4964 naturaliter
3296 4892 3875 4990 approximata3

2336 5031 2517 5104 ergo
2552 5006 2614 5079 si
2662 5030 2815 5079 non
2857 5014 3042 5081 tunc
3102 5019 3427 5103 egerunt
3477 5011 3571 5084 ad
3632 5023 3881 5109 putre·

2335 5123 2770 5215 factionem,
2810 5124 2952 5196 hoc
2996 5124 3292 5222 luitper
3324 5150 3611 5201 novum
3651 5130 3879 5205 mira-

2337 5242 2627 5333 culum,
2660 5263 2749 5312 ex
2783 5233 2950 5332 hoc,
2988 5240 3170 5337 quia
3202 5243 3398 5316 actio
3431 5267 3696 5319 eorum
3743 5249 3880 5322 fuit

2337 5358 2706 5456 impedita
2767 5381 2905 5455 per
2945 5381 3254 5434 causam
3325 5376 3880 5460 supernatura-

2342 5479 2515 5564 lem,
2564 5476 2766 5551 unde
2820 5475 2993 5550 licet
3045 5477 3270 5552 fuerit
3323 5491 3639 5557 unctum
3691 5509 3880 5584 myr-

2340 5595 2477 5668 rha
2520 5602 2593 5667 et
2624 5593 2819 5686 aloe,
2857 5615 3034 5691 quae
3074 5593 3204 5669 diu
3258 5606 3677 5694 potuerunt
3716 5627 3881 5678 ser—-
