4295 6326
624 362 752 431 222
806 360 810 364 ¹

266 542 594 596 eimutustn
627 536 883 611 causis
958 537 1326 614 totalibus
1401 538 1963 615 inconveniens
2058 548 2173 612 est

323 608 550 735 {2223ss
625 675 792 727 esse
835 654 1238 744 circulum,
1284 667 1357 730 et
1399 658 1477 729 in
1544 657 1800 731 causis
1866 657 2172 754 simpli-

351 735 527 785 d⁸²⁰¹²
623 768 810 842 citer
850 769 1264 867 prioribus,
1307 781 1386 845 ut
1436 772 1513 846 in
1557 771 1814 847 causis
1863 781 2170 847 natura-

620 882 821 957 libus
855 908 873 972 ;
917 885 1050 959 sed
1081 910 1228 959 non
1266 896 1379 960 est
1409 886 1968 963 inconveniens
1996 910 2166 962 esse

620 997 1026 1092 circulum,
1092 1000 1224 1076 ubi
1292 985 1529 1075 cau‘sa
1594 1002 1947 1100 superior
2007 1028 2162 1077 non

619 1125 735 1188 est
776 1114 1230 1214 simpliciter
1269 1118 1735 1212 necessaria,
1798 1119 1929 1194 sed
1991 1143 2166 1194 con-

616 1231 856 1304 currit
918 1255 1093 1305 cum
1163 1256 1399 1308 causa
1466 1234 1807 1309 inferiori
1875 1235 2167 1310 contin-

615 1354 928 1442 genter3
992 1348 1103 1422 sic
1160 1357 1272 1423 est
1337 1349 1417 1423 in
1484 1350 1909 1448 proposito,
1979 1352 2164 1450 quia

612 1464 974 1538 voluntas
1014 1488 1164 1537 non
1204 1474 1319 1540 est
1360 1466 1466 1539 ita
1496 1468 1935 1542 necessaria
1972 1492 2167 1545 cau-

614 1603 697 1653 sa
755 1571 1325 1675 intellectioniS,
1376 1582 1578 1679 quod
1642 1582 1806 1658 sine
1859 1607 1948 1659 ea
2002 1608 2161 1659 non

613 1694 856 1793 possit
920 1719 1118 1788 esse,
1172 1698 1300 1771 sed
1365 1707 1480 1771 est
1537 1722 1772 1773 causa
1829 1699 2160 1798 alicujus

614 1812 1104 1909 perfectionis
1144 1812 1221 1885 in
1256 1836 1371 1888 ea.

310 1945 389 2019 Aa
420 1950 520 1994 ter·
712 1928 827 2002 Ad
853 1928 1182 2016 tertium,
1213 1929 1623 2004 dicendum
1665 1930 1869 2028 quod
1900 1954 2157 2008 causae

286 2013 566 2120 pgiffiiur
622 2048 1011 2123 naturales
1105 2046 1575 2122 sufficienter
1662 2059 1903 2145 agunt
1988 2050 2155 2125 sine

263 2139 585 2260 ⁸{2‘t'effi'iff
619 2166 789 2239 aliis
873 2166 1151 2240 causis,
1221 2176 1595 2263 quantum
1682 2166 1774 2241 ad
1843 2191 2149 2242 omnem

284 2273 549 2372 ᾝῗξξῗζξῗ
616 2282 1190 2380 perfectionem,
1263 2305 1493 2380 quam
1575 2293 1901 2381 possunt
1980 2307 2154 2358 cau-

613 2423 811 2492 sare,
862 2410 1221 2475 ettamen
1255 2424 1426 2474 cum
1454 2401 1833 2498 superiori
1875 2412 2150 2499 agente

608 2517 774 2593 ista}
809 2518 1098 2593 effidem
1129 2542 1384 2592 causae
1416 2519 1826 2615 perfectius
1858 2529 2098 2614 agunt
2126 2545 2141 2609 ;

606 2634 978 2709 memoria
1017 2657 1200 2708 vero
1288 2644 1404 2709 est
1469 2633 1865 2710 sufficiens
1913 2659 2154 2711 causa

600 2750 1142 2826 intellectionis
1224 2751 1474 2848 quoad
1565 2752 2139 2848 perfectionem,

600 2890 831 2963 quam
875 2866 1037 2964 ipsa
1094 2874 1343 2963 potest
1387 2889 1706 2941 causare
1773 2867 1849 2940 in
1912 2867 2145 2944 intel-

599 2983 968 3074 lectione3
1041 2981 1172 3056 illa
1237 2992 1495 3056 tamen
1558 2982 1827 3058 eadem
1907 3007 2143 3060 causa

596 3105 1102 3174 concurrente
1135 3120 1370 3172 causa
1415 3097 1840 3196 superiore,
1877 3108 1962 3174 ut
2001 3125 2139 3175 vo-

595 3216 886 3290 luntate
941 3223 1012 3290 et
1086 3224 1358 3311 agente
1401 3215 1605 3289 circa
1663 3215 1867 3292 idem
1936 3219 2139 3317 obje-

594 3338 827 3423 ctum,
872 3328 1282 3427 perfectius
1335 3329 1518 3425 agit,
1556 3340 1865 3428 propter
1905 3343 2137 3406 natu-

592 3449 829 3520 ralem
909 3445 1263 3521 ordinem
1332 3447 1879 3543 potentiarum,
1958 3473 2134 3547 quae

590 3573 794 3637 natae
853 3572 1032 3636 sunt
1098 3587 1179 3637 se
1240 3562 1610 3661 impedire
1653 3564 1730 3638 in
1804 3565 2128 3661 actibus,

593 3680 901 3777 quando
949 3679 1151 3754 circa
1218 3679 1526 3754 diversa
1583 3692 2026 3778 operantur,
2059 3693 2134 3757 et

591 3820 671 3871 se
740 3794 1174 3887 fortificare,
1258 3796 1566 3893 quando
1647 3797 1849 3872 circa
1925 3798 2127 3874 idem

589 3912 1067 3988 concorditer
1173 3921 1590 4009 operantur
1660 3941 1676 4000 ;
1773 3923 1847 3989 et
1957 3916 2127 3992 ideo

590 4030 898 4126 quando
970 4029 1330 4103 voluntas
1397 4030 1562 4102 vult
1625 4030 1824 4106 idem
1906 4032 2122 4127 illud,

587 4148 791 4222 circa
850 4146 1055 4244 quod
1112 4154 1473 4243 operatur
1541 4146 2000 4242 intellectuS,
2049 4150 2125 4224 in

585 4264 1116 4364 perfectiorem
1151 4272 1404 4337 actum
1465 4262 1945 4360 intelligendi
2002 4291 2128 4366 po-

589 4391 729 4456 test
760 4380 1041 4453 anima.
1090 4378 1309 4453 Unde
1350 4378 1410 4453 si
1482 4382 1793 4477 quando
1833 4382 2129 4459 intelle-

582 4507 750 4572 ctus
782 4494 1141 4591 intelligit
1181 4494 1498 4592 aliquid,
1546 4508 1747 4571 esset
1778 4500 2121 4596 operatio

582 4612 1003 4687 voluntatis
1051 4611 1255 4686 circa
1294 4611 1524 4705 idem,
1562 4623 1635 4687 et
1677 4614 2122 4711 imaginatio

582 4739 655 4806 et
687 4753 963 4805 sensus
1023 4727 1225 4802 circa
1263 4727 1461 4803 idem
1506 4730 1991 4827 particulare,
2046 4743 2125 4808 ut

580 4856 793 4946 puta,
865 4844 1070 4942 quod
1147 4853 1346 4918 esset
1412 4867 1767 4942 ¹praesens
1834 4850 2119 4936 sensui,

586 4968 821 5038 multo
900 4961 1302 5061 perfectior
1397 4972 1598 5037 esset
1673 4964 2114 5055 intellecti0‚

581 5082 764 5182 quia
830 5088 1141 5177 propter
1216 5077 1781 5154 distinctionem
1861 5092 2123 5179 poten·

576 5203 858 5275 tiarum
894 5196 1094 5271 circa
1153 5194 1458 5269 diversa
1512 5198 2116 5274 remittunturin

578 5317 876 5394 actibus
940 5313 1127 5389 suis.
1176 5301 1618 5387 Secundum
1689 5316 1833 5390 hoc
1902 5341 2112 5415 erge,

576 5437 1084 5510 concurrente
1162 5434 1334 5500 actu
1414 5429 1831 5505 voluntatis
1916 5432 2119 5510 circa

579 5551 781 5626 idem
853 5546 1263 5643 obiectum,
1302 5546 1506 5642 quod
1571 5559 1935 5646 operatur
1991 5551 2118 5626 jn-

2029 362 2267 436 LIBRI
2316 366 2403 436 ΙΙ.

2287 541 2685 633 tellectuS,
2775 546 3181 643 perfectior
3263 557 3465 636 esset
3539 557 3820 643 actus3

2286 681 2439 731 non
2512 659 2718 756 quod
2784 663 3144 739 voluntas
3220 676 3489 742 causat
3563 666 3828 740 imme-

2282 771 2482 848 diate
2550 775 2886 872 aliquem
2956 789 3239 873 actum,
3291 783 3415 856 vel
3484 782 3822 878 aliquem

2280 888 2601 983 gradum
2692 902 2908 967 actus
2999 894 3075 969 in
3173 897 3596 992 intellectu,
3688 899 3821 974 sed

2280 1015 2593 1103 propter
2632 1009 2978 1085 ordinem
3054 1016 3482 1089 naturalem
3560 1026 3820 1113 poten-

2276 1117 2584 1212 tiarum,
2626 1127 2995 1201 memoria
3033 1130 3443 1226 perfectius
3492 1140 3607 1206 est
3649 1155 3823 1206 cau-

2277 1259 2363 1310 sa
2423 1240 2745 1314 actualis
2812 1242 3133 1338 notitiae,
3180 1269 3355 1320 cum
3423 1246 3568 1321 sibi
3647 1271 3821 1322 con-

2276 1353 2608 1428 corditer
2673 1357 2832 1453 agit
2896 1362 3257 1437 voluntas
3343 1364 3543 1439 circa
3616 1364 3816 1440 idem

2273 1467 2654 1576 obJectum
2719 1474 3073 1564 volendo,
3131 1476 3339 1553 circa
3387 1480 3592 1576 quod
3647 1503 3820 1578 ope-

2274 1596 2489 1664 ratur
2519 1592 2890 1667 memoria
2923 1593 3450 1693 intelligendo,

2366 1706 2612 1783 Aliter
2665 1731 2847 1784 vero
2898 1722 3157 1808 posset
3194 1713 3371 1808 dici,
3417 1716 3622 1811 quod
3691 1741 3816 1789 vo-

2272 1823 2527 1898 luntas
2567 1825 2799 1903 hahet
2851 1826 3370 1906 immediatam
3431 1833 3810 1908 actionem

2214 2031 2222 2038 .
2271 1961 2509 2036 super
2551 1941 3058 2032 intellectum,
3103 1947 3236 2023 sed
3280 1949 3426 2024 hoc
3456 1961 3572 2025 est
3610 1950 3815 2025 diffi-

2269 2053 2493 2129 cilius
2536 2057 2821 2132 videre.
2863 2059 3041 2135 Ideo
3074 2072 3324 2159 potest
3352 2065 3500 2140 dici
3533 2091 3812 2142 secun-

2272 2169 2457 2244 dum
2517 2174 2849 2269 priorem
2893 2175 3126 2272 viam,
3186 2182 3394 2276 quod
3448 2182 3624 2259 licet
3662 2208 3815 2259 me-

2270 2285 2511 2360 moria
2564 2289 2899 2384 perfecta
2948 2291 3045 2365 sit
3084 2293 3478 2370 sufficiens
3518 2298 3811 2395 princi-

2265 2400 2479 2498 pium
2524 2404 3093 2502 intellectioniS,
3131 2420 3205 2484 et
3236 2414 3593 2490 voluntas
3652 2440 3802 2491 non

2264 2519 2541 2596 habeat
2590 2527 3104 2603 necessariam
3156 2531 3533 2609 actionem
3604 2537 3808 2613 circa

2263 2636 2466 2710 idem
2535 2638 2943 2737 obJectum,
3015 2645 3078 2720 si
3167 2657 3418 2724 tamen
3502 2665 3797 2750 coagat‚

2259 2750 2711 2828 fortificatur
2772 2765 2926 2831 tota
2979 2760 3175 2836 actio
3243 2765 3662 2841 memoriae.
3713 2771 3800 2843 Et

2259 2868 2688 2943 secundum
2769 2874 2941 2967 hoc,
2987 2887 3193 2973 patet
3233 2883 3620 2977 quomodo
3682 2909 3801 2961 co-

2254 2982 2518 3079 gitatio
2560 2996 2675 3062 est
2719 2989 2797 3062 in
2833 3001 3201 3086 potestate
3252 2999 3691 3076 voluntatis.

2775 3242 3137 3303 SGHOL1UM
3180 3249 3265 3304 1v.

2324 3383 2770 3445 Delectationem
2828 3390 2899 3448 de
2951 3393 3174 3465 objecto
3230 3395 3404 3467 ma10,
3459 3399 3632 3455 etiam
3667 3401 3793 3459 sine

2249 3490 2536 3535 consensu
2567 3480 2625 3536 in
2658 3499 2825 3553 opus,
2854 3501 2982 3541 esse
3015 3488 3272 3546 mortale.
3309 3491 3394 3546 lta
3436 3494 3788 3552 communis.

2245 3566 2387 3624 Vide
2417 3566 2625 3628 citatos
2693 3574 2753 3629 in
2803 3576 2984 3632 Oxou.
3032 3578 3123 3634 bio
3172 3580 3229 3636 in
3279 3581 3471 3638 Schol.
3506 3601 3665 3641 num.
3701 3588 3787 3641 13.

2245 3656 2493 3721 Quidam
2527 3665 2728 3718 tenent
2760 3664 2830 3720 de
2887 3683 3061 3736 opere
3107 3670 3400 3739 prohibito
3448 3673 3589 3729 ‚Iure
3642 3676 3790 3744 posi-

2244 3745 2379 3813 tivo,
2406 3765 2519 3804 non
2551 3767 2680 3808 esse
2711 3754 2977 3823 mortale,
3010 3758 3221 3816 Sanch.
3250 3760 3408 3817 Lesa.
3432 3763 3596 3835 Vasq.
3622 3765 3787 3822 Cord.

2243 3834 2455 3891 ibidem
2477 3837 2656 3894 citati.
2693 3841 2755 3896 Id
2802 3843 3006 3900 saltem
3083 3848 3403 3918 probabile,
3460 3850 3791 3910 delectatio-

2245 3942 2377 3980 nem
2428 3926 2498 3982 de
2545 3944 2717 4000 opere
2766 3936 3017 4002 mortali,
3080 3938 3190 3993 sub
3251 3940 3586 3996 conditione
3615 3942 3788 4014 justi·

2243 4014 2471 4079 ficante,
2497 4020 2727 4075 etiamsi
2755 4020 2833 4077 sit
2862 4026 3153 4093 appetitus
3186 4028 3474 4097 sensitivi,
3503 4048 3616 4087 non
3660 4049 3790 4089 esse

2242 4105 2504 4174 mortale,
2535 4108 2745 4166 Sancb.
2781 4128 2819 4165 1.
2849 4112 2909 4168 in
2943 4113 3136 4171 Deoal.
3181 4132 3306 4188 cap.
3339 4120 3393 4173 2.

2340 4279 2704 4380 Sequitur
2728 4286 2987 4363 videre
3019 4294 3359 4367 secundo
3393 4301 3781 4394 quomodo
3907 4318 4014 4385 17.

2240 4393 2319 4468 in
2362 4399 2820 4493 cogitatione
2875 4415 3122 4500 potest
3170 4432 3339 4485 esse
3381 4423 3777 4508 peccatum
3812 4433 3972 4507 Actu?
4007 4448 4140 4485 con-

2241 4514 2794 4589 materialiter?
2841 4517 3029 4593 Dico
3089 4523 3294 4617 quod
3354 4525 3597 4624 ipsius
3649 4557 3780 4607 vo-
3809 4508 4115 4609 0335ρέῗῖἓῖ

2239 4626 2556 4702 luntatis
2653 4632 2807 4707 duo
2889 4645 3069 4709 sunt
3156 4647 3398 4734 actm,
3487 4646 3777 4724 scilicet
3809 4623 4111 4747 ρῗὲἕοῗιῗῗὲῖ

2238 4752 2453 4818 actus
2485 4749 3167 4847 concupiscentits,
3204 4764 3278 4829 et
3307 4767 3524 4835 actus
3564 4787 3780 4839 com-

2237 4862 2668 4957 placentiae.
2757 4868 2846 4941 Et
2913 4878 3129 4944 actus
3198 4878 3776 4974 complacentia}

2236 4976 2444 5072 prior
2484 4990 2623 5074 est,
2679 4981 2862 5078 quia
2919 4986 3133 5082 prius
3191 4995 3614 5091 complacet
3653 5028 3779 5077 vo-

2237 5092 2492 5167 luntas
2524 5118 2614 5169 ex
2654 5095 3061 5175 dilectione
3130 5102 3206 5175 in
3275 5106 3405 5183 illo
3447 5113 3567 5185 cui
3603 5140 3777 5191 con-

2236 5208 2586 5305 cupiscit,
2651 5237 2879 5315 quam
2934 5221 3426 5316 concupiscat
3483 5229 3773 5328 aliquid

2235 5324 2378 5400 sibi
2447 5329 2831 5404 voluntas,
2908 5332 3165 5409 Potest
3232 5360 3414 5435 ergo
3482 5346 3773 5445 aliquid

2233 5442 2380 5517 sibi
2412 5443 2844 5524 inordinate
2873 5454 3449 5553 concupiscere,
3478 5464 3774 5561 ethom-

2233 5559 2535 5656 placere
2593 5563 2672 5637 in
2715 5564 2873 5656 illo,
2951 5576 3025 5642 et
3086 5570 3313 5646 etiam
3412 5583 3769 5673 potentiis
