4295 6326
687 441 766 508 16

683 624 830 692 test
869 639 1036 693 esse
1078 617 1250 693 talis
1278 614 1723 717 praedicatio
1777 614 2228 692 denomina-

683 731 840 808 tiva
866 757 1003 832 per
1074 757 1154 809 se
1232 734 1482 833 primo
1554 732 1806 823 mode,
1852 741 1936 807 ut
1999 731 2225 808 homo

683 857 794 924 est
847 851 1167 946 animal,
1211 876 1364 925 non
1445 850 1916 937 animalitas,
1976 860 2051 925 et
2115 849 2226 924 sic

682 970 1193 1067 compositum
1235 979 1349 1045 est
1382 968 1893 1062 materiatum,
1947 977 2021 1043 et
2070 991 2224 1042 non

683 1084 1028 1160 materia.
1092 1087 1245 1161 Ista
1299 1098 1557 1161 tamen
1651 1082 2229 1160 denominativa

682 1201 1124 1298 praedicatio
1157 1227 1312 1277 non
1355 1212 1470 1278 est
1518 1200 1808 1299 aliquid
1863 1200 2228 1277 extrinse-

680 1343 855 1393 cum
899 1319 994 1393 ab
1036 1320 1394 1396 essentia.

1206 1580 1559 1638 SCHOLIUM
1617 1580 1685 1637 11.

746 1731 898 1785 Vera
925 1732 983 1784 et
1011 1728 1341 1786 communis
1372 1728 1687 1797 sententia,
1739 1728 2045 1785 materiam
2094 1744 2225 1786 esse

676 1818 1061 1892 separabilem
1094 1836 1128 1874 a
1170 1819 1377 1875 l'orma.
1428 1819 1647 1888 Prim0,
1696 1818 1838 1890 quia
1886 1818 2222 1875 absolutum

675 1912 836 1982 prius
864 1914 1201 1981 potestesse
1231 1910 1358 1966 sine
1391 1908 1717 1981 posteriori.
1767 1911 2058 1977 SecundO,
2118 1926 2220 1984 po·

675 2003 789 2056 test
820 2005 968 2055 Deus
994 1999 1268 2072 supplere
1297 2015 1531 2055 omnem
1555 2016 1792 2056 causam
1813 1999 2218 2058 extrinsecam.

675 2089 890 2155 Tertio,
925 2089 1224 2146 materiam
1266 2095 1471 2146 causat
1518 2089 1646 2146 sine
1695 2106 1875 2147 causa
1918 2092 2216 2160 secunda;

677 2195 815 2251 ergo
845 2182 928 2236 sic
950 2196 1287 2237 conservare
1319 2186 1528 2253 potest.

464 2386 526 2450 4,
777 2361 955 2435 ldeo
987 2360 1155 2434 dico
1196 2361 1399 2457 quod
1434 2363 1941 2460 compositum
1997 2388 2223 2461 gene-

263 2569 287 2586 ·
328 2501 646 2575 Absolutum
679 2478 915 2554 rabile
950 2503 1085 2577 per
1142 2502 1222 2554 se
1257 2480 1488 2554 habet
1518 2480 1710 2555 duas
1750 2489 2006 2578 partes
2062 2506 2222 2557 rea-

326 2577 647 2698 ξὲἷὲἷιῗέἓο
678 2594 849 2668 liter
901 2594 1270 2688 diversaS,
1310 2602 1383 2670 et
1426 2596 1741 2671 materia
1772 2607 2020 2694 potest
2052 2621 2218 2673 esse

327 2688 624 2815 ⁸1¹3l³0⁸g⁹3ff
676 2710 842 2785 sine
875 2712 1086 2785 omni
1126 2714 1394 2786 forma.

381 2813 580 2864 ‘⁰⁶⁰⁸‘
772 2826 989 2914 Quod
1024 2829 1285 2926 probo,
1333 2830 1579 2927 primo
1648 2829 1783 2923 sic,
1846 2831 2029 2928 quia
2095 2831 2221 2905 ab·

570 3020 575 3025 ,
674 2944 1008 3018 solutum
1051 2932 1267 3043 prius
1324 2943 1677 3018 absoluto
1754 2943 1932 3038 alio,
1967 2953 2219 3044 potest

668 3058 834 3133 sine
912 3058 1513 3135 contradictione
1568 3083 1735 3135 esse
1794 3060 1960 3135 sine
2029 3061 2210 3149 illo;

668 3177 985 3254 materia
1059 3187 1175 3252 est
1227 3178 1669 3253 absolutum
1712 3179 1920 3255 aliud
1962 3204 2007 3256 a
2073 3181 2216 3256 for-

666 3318 816 3389 ma,
863 3303 937 3370 et
965 3295 1182 3394 prius
1218 3323 1236 3389 3
1275 3295 1511 3391 igitur
1552 3295 1719 3370 sine
1778 3297 2213 3372 contradic-

550 3457 555 3466 ·
661 3412 868 3486 tione
909 3421 1159 3510 potest
1190 3434 1359 3486 esse
1389 3411 1555 3486 sine
1590 3411 1747 3487 illa.
1780 3412 2028 3509 Major
2070 3438 2212 3513 pa—

660 3538 789 3617 tet,
827 3530 1010 3627 quia
1065 3531 1280 3629 prius
1343 3554 1497 3604 non
1549 3529 1985 3605 necessario
2046 3556 2211 3607 coe-

656 3645 847 3742 xigit
885 3645 1113 3721 simul
1174 3645 1585 3743 posteriuS,
1631 3645 1778 3720 nisi
1856 3646 2043 3721 illud
2111 3649 2210 3722 sit

659 3763 875 3861 prius
907 3765 1158 3840 solum
1214 3762 1510 3860 origine
1563 3763 1974 3861 coexigeus
2036 3790 2208 3864 pos-

657 3881 895 3955 terius
936 3882 1166 3956 simul
1210 3881 1595 3955 simultate
1647 3882 2141 3957 relativorum
2180 3912 2199 3977 ;

656 3998 789 4072 sed
890 4021 983 4073 ex
1076 4000 1220 4072 hoc
1316 3997 1522 4097 quod
1613 4006 1767 4072 tam
1856 4000 2196 4091 materia,

653 4135 885 4211 quam
929 4113 1173 4187 forma
1204 4122 1320 4188 est
1358 4112 1795 4187 absolutum
1840 4138 2004 4208 ens,
2041 4115 2203 4190 dis-

649 4229 971 4305 tinctum
1016 4231 1109 4305 ab
1151 4230 1329 4323 alic,
1364 4240 1446 4304 ut
1513 4230 1725 4328 prius
1791 4231 2198 4328 probatum

653 4359 793 4443 est,
875 4347 1226 4447 sequitur
1317 4348 1521 4445 quod
1628 4348 1948 4422 materia
2040 4372 2194 4421 non

651 4451 980 4565 coexigit
1029 4468 1350 4541 formam
1408 4467 1795 4541 simultate
1850 4467 2199 4542 relativo-

653 4607 849 4658 rum.
922 4582 1178 4656 Minor
1274 4590 1506 4680 patet,
1602 4581 1894 4659 scilicet
1990 4584 2194 4682 quod

651 4696 970 4771 materia
1059 4696 1156 4770 sit
1241 4696 1451 4792 prior
1546 4697 1787 4770 forma
1864 4696 2191 4793 origine,

648 4814 831 4912 quia
932 4822 1045 4887 est
1135 4812 1606 4910 receptivum
1707 4814 1999 4904 sormae‚
2081 4824 2196 4889 est

648 4930 857 5005 enim
977 4928 1559 5002 fundamentum
1685 4939 1982 5004 naturae
2058 4928 2195 5028 per

650 5045 1209 5144 Philosophum
1281 5045 1351 5116 2.
1442 5044 1785 5143 Metaph.
1851 5053 2035 5121 text.
2117 5046 2188 5118 9.

650 5164 882 5260 igitur
913 5162 1127 5261 prius
1174 5160 1499 5257 origine,
1537 5171 1611 5236 et
1660 5185 1813 5235 non
1873 5172 1988 5236 est
2040 5186 2197 5237 res-

648 5277 1031 5378 pectivum
1089 5305 1107 5370 3
1181 5277 1414 5374 igitur
1471 5277 1897 5352 secundum
1971 5279 2193 5354 ratio-

648 5417 824 5468 nem
873 5393 1237 5491 receptivi
1292 5403 1406 5467 est
1474 5393 1689 5491 prius
1744 5398 1983 5469 torma
2003 5422 2022 5489 3
2060 5396 2193 5492 igi-

645 5522 770 5587 tur
810 5521 1186 5610 quantum
1215 5510 1309 5584 ad
1342 5511 1486 5584 hoc
1541 5534 1694 5583 non
1730 5511 2110 5609 dependet
2147 5537 2193 5587 a

647 5631 918 5705 forma.

2108 438 2345 507 LIBRI
2396 438 2482 505 ΙΙ.

2435 610 2829 707 Similiter,
2858 613 3342 710 Augustinus
3372 609 3490 682 13.
3532 605 3879 705 Confess.

2334 729 2499 802 vult
2538 729 2744 825 quod
2799 729 3115 804 materia
3172 728 3267 803 sit
3317 727 3529 826 prior
3582 723 3881 821 origine

2333 846 2600 936 forma,
2648 846 2831 943 quia
2914 846 3130 943 prius
3208 844 3504 942 origine
3576 851 3881 918 creatur

2333 985 2561 1060 quam
2601 963 2865 1038 forma.

2430 1078 2786 1154 Secunda
2886 1079 3078 1154 ratio
3175 1079 3268 1152 ad
3377 1078 3607 1172 idem,
3667 1075 3880 1174 quid·
4034 1081 4103 1148 5.

2331 1195 2517 1291 quid
2582 1195 2790 1270 Deus
2859 1204 3065 1271 creat
3140 1205 3490 1294 respectu
3548 1190 3878 1269 absoluti

2330 1335 2467 1409 per
2506 1336 2818 1388 causam
2853 1312 3302 1402 secundam,
3340 1335 3514 1410 quae
3565 1334 3720 1384 non
3767 1319 3882 1386 est

2332 1432 2424 1505 de
2467 1433 2802 1508 essentia
2855 1432 2995 1526 rei,
3059 1441 3309 1530 potest
3367 1430 3577 1504 Deus
3619 1428 3883 1502 imme-

2330 1547 2531 1624 diate
2572 1549 2738 1624 sine
2795 1572 3031 1624 causa
3090 1546 3433 1623 secunda
3490 1565 3809 1620 causare
3855 1567 3873 1631 ;

2330 1666 2463 1740 sed
2505 1689 2672 1742 esse
2724 1665 2802 1739 in
2864 1665 3181 1741 materia
3225 1672 3492 1740 causat
3562 1686 3697 1761 per
3736 1661 3881 1735 for-

2335 1807 2563 1878 mam,
2617 1793 2691 1860 et
2746 1783 2913 1882 ipsa
2985 1806 3142 1858 non
3206 1791 3322 1857 est
3380 1779 3472 1855 de
3543 1777 3878 1854 essentia

2332 1901 2671 1976 materies
2699 1928 2718 1995 3
2751 1899 2988 1998 igitur
3038 1909 3289 2000 potest
3334 1922 3500 1975 esse
3552 1919 3875 1976 causare

2330 2017 2407 2090 in
2487 2017 2801 2092 materia
2875 2016 3310 2090 immediate
3375 2015 3541 2089 sine
3602 2014 3869 2087 forma.

2328 2134 2576 2232 Major
2654 2143 2886 2232 patet,
2924 2134 3106 2233 quia
3164 2158 3317 2209 non
3388 2143 3501 2208 est
3566 2141 3875 2208 contra-
3931 2114 4218 2244 ξξῗζξξζζ

2329 2251 2587 2345 dictio,
2613 2260 3014 2326 causatum
3044 2274 3211 2326 esse
3263 2250 3429 2326 sine
3469 2273 3704 2325 causa
3748 2271 3875 2323 se·
3904 2240 4225 2357 pgssffigfflj

2328 2368 2606 2460 cunda,
2637 2391 2813 2466 quae
2854 2392 3010 2443 non
3043 2376 3158 2443 est
3197 2367 3291 2441 de
3333 2365 3670 2442 essentia
3728 2364 3865 2441 rei.
3903 2379 4015 2417 sam
4040 2370 4251 2420 extrin-

2328 2487 2436 2559 Ex
2477 2487 2622 2559 hoc
2673 2484 2880 2560 enim
2951 2486 3203 2558 solum
3271 2494 3386 2559 est
3440 2482 3873 2557 contradic-
3965 2443 4178 2482 secam.

2328 2602 2460 2696 tio,
2506 2603 2710 2701 quod
2769 2604 2978 2679 Deus
3042 2612 3307 2678 causet
3363 2600 3872 2699 compositum

2327 2741 2419 2792 ex
2462 2719 2778 2794 materia
2819 2727 2894 2793 et
2947 2719 3190 2793 forma
3239 2717 3405 2791 sine
3465 2740 3700 2791 causa
3749 2739 3874 2790 se-

2326 2835 2605 2929 cunda,
2669 2834 2852 2934 quia
2945 2835 3099 2909 illae
3168 2857 3422 2909 causae
3508 2831 3872 2907 secundas

2325 2961 2505 3027 sunt
2566 2951 2657 3027 de
2708 2951 3045 3027 essentia
3090 2949 3227 3043 rei,
3279 2959 3353 3025 et
3408 2959 3699 3025 certum
3757 2956 3873 3023 est

2324 3067 2529 3165 quod
2569 3067 2779 3141 Deus
2820 3067 2924 3141 ita
2965 3075 3234 3166 potens
3275 3065 3583 3139 estsine
3635 3085 3870 3139 causa

2322 3185 2688 3278 secunda,
2721 3185 2920 3259 sicut
2960 3207 3138 3280 cum·
3176 3182 3389 3281 ipsa3
3448 3182 3680 3278 igitur
3724 3205 3869 3278 po-

2324 3309 2464 3375 test
2502 3322 2822 3376 causare
2850 3301 3393 3398 quodcumque
3425 3299 3864 3373 absolutum

2318 3418 2485 3493 sine
2527 3418 2671 3492 alio
2705 3417 3086 3508 absolut0,
3124 3415 3330 3514 quod
3388 3439 3542 3489 non
3613 3423 3728 3490 est
3772 3414 3864 3488 de

2316 3534 2648 3610 essentia
2689 3535 2825 3625 rei,
2864 3534 3040 3609 licet
3079 3533 3268 3607 forte
3314 3543 3568 3630 posset
3622 3532 3866 3606 insta-

2316 3650 2379 3723 ri
2441 3650 2534 3725 de
2604 3651 3031 3749 respective
3103 3650 3541 3725 necessario
3606 3672 3868 3723 conse-

2313 3776 2622 3864 quente.
2659 3767 2916 3841 Minor
2950 3777 3179 3865 patet,
3217 3767 3400 3865 quia
3433 3768 3674 3841 forma
3705 3789 3861 3840 non

2310 3892 2425 3958 est
2463 3884 2933 3971 deessentia
2979 3884 3346 3977 materiae,
3385 3906 3638 3981 neque
3703 3906 3861 3957 6336

2309 3997 2569 4073 datum
2615 3999 2958 4074 materiae
3015 4022 3060 4073 a
3109 4000 3350 4073 forma
3404 4007 3519 4072 est
3577 3999 3669 4073 de
3739 4021 3861 4072 es·-

2308 4116 2555 4190 sentia
2595 4115 2962 4209 materiae,
3026 4115 3210 4214 quia
3268 4124 3708 4191 removetur
3766 4139 3857 4190 ea

2306 4232 2398 4308 de
2440 4232 2774 4307 essentia
2813 4232 3183 4325 materiae,
3230 4256 3402 4307 cum
3460 4241 3853 4307 transmu-

2305 4356 2507 4422 tatur
2538 4371 2582 4422 a
2621 4348 2863 4424 forma
2903 4349 2981 4421 in
3016 4349 3363 4434 formam,
3411 4356 3486 4423 Θῐ
3524 4371 3681 4421 6886
3713 4348 3852 4421 (Ῐᾶ-
3883 4348 4248 4472 Ξξθῃῗξξξῖ

2305 4475 2465 4540 tum
2533 4490 2578 4542 a
2634 4468 2874 4542 forma
2938 4466 3192 4567 priore
3257 4491 3411 4541 non
3473 4478 3843 4559 remanet,
3917 4485 4130 4530 manet
4172 4483 4256 4536 α’

2419 4583 2431 4597 ,
2671 4584 2684 4597 ,
2842 4583 2856 4597 ,
3780 4584 3793 4597 ,
3948 4540 4169 4597 forma.

2303 4606 2486 4681 quia
2525 4608 2689 4682 pari
2719 4595 3013 4660 ratione
3047 4608 3204 4659 6336
3237 4585 3497 4659 datum
3541 4583 3635 4657 ab
3696 4586 3848 4658 alia

2302 4699 2546 4774 forma
2594 4710 3052 4791 remaneret,
3100 4710 3175 4776 et
3222 4701 3330 4776 sic
3399 4702 3622 4800 plura
3689 4725 3846 4776 6336

2302 4817 2532 4891 simul
2624 4829 2881 4892 essent
2951 4843 2966 4905 3
3049 4817 3283 4915 igitur
3384 4842 3543 4892 6336
3618 4842 3844 4894 suum

2302 4935 2948 5032 praesuppositum
3046 4934 3467 5034 receptioni
3551 4936 3840 5029 formae,

2302 5074 2455 5125 non
2492 5063 2606 5125 est
2635 5053 2731 5126 ab
2765 5052 3023 5151 aliqua
3049 5053 3320 5129 forma.

2396 5166 2644 5242 Tertia
2672 5168 2862 5242 ratio
2924 5170 3018 5243 ad
3087 5169 3318 5263 idern,
3364 5169 3568 5266 quod
3636 5167 3845 5242 Deus
3999 5195 4075 5264 5·

2299 5282 2736 5359 immediate
2804 5295 3034 5377 creat,
3092 5273 3528 5362 immediate
3596 5293 3845 5384 potest
3922 5310 4176 5370 Materia

2298 5423 2801 5488 conscrvare3
2850 5401 2980 5476 sed
3018 5403 3410 5477 materiam
3456 5401 3844 5476 immedia-

2301 5525 2368 5590 te
2410 5527 2642 5610 creat,
2678 5516 2862 5615 quia
2895 5518 3214 5593 materia
3254 5528 3369 5593 est
3399 5518 3583 5615 quid
3639 5541 3844 5592 crea-

2297 5641 2489 5726 tum,
2526 5656 2683 5706 non
2723 5631 2931 5708 enim
2984 5643 3097 5708 est
3150 5657 3289 5710 ens
3348 5633 3664 5709 omnino
3721 5633 3843 5707 in-

3891 5437 4096 5490 nerabi
4107 5446 4212 5508 tia,

4005 5507 4119 5556 sed

3892 5565 4206 5624 creabilis.

3875 5387 3983 5424 non
4008 5384 4104 5429 est.
4140 5399 4252 5447 ge-
