4295 6326
679 438 810 510 450

682 618 805 684 tus
846 609 1183 685 videndi.
1233 614 1322 686 Et
1377 610 1560 709 quia
1601 609 1939 684 medium
1990 608 2232 705 magis

682 728 1046 802 convenit
1075 752 1248 802 cum
1292 728 1677 821 extremis,
1717 751 1946 825 quam
1992 735 2232 800 extre-

683 871 807 922 ma
841 846 1038 922 inter
1078 872 1187 941 se,
1261 849 1431 923 ideo
1500 872 1652 922 non
1735 855 1936 920 stant
1997 846 2229 920 simul

682 966 762 1038 in
807 965 1072 1039 eodem
1114 976 1463 1063 respectu
1524 965 1870 1061 ejusdem
1925 963 2116 1038 fides
2158 973 2231 1037 et

676 1082 901 1155 visio.
951 1085 1038 1156 Et
1079 1093 1378 1180 ponunt
1435 1084 1874 1180 exemplum
1953 1080 2219 1178 aliqui,

680 1197 888 1270 utin
960 1195 1365 1286 Quodlibet
1440 1199 1555 1271 14.
1620 1185 1960 1271 dicentes
2020 1196 2228 1293 quod

678 1314 787 1389 sic
816 1337 895 1387 se
941 1313 1225 1388 habent
1267 1315 1409 1389 ista
1478 1314 1650 1406 tria,
1724 1313 2055 1397 credere,
2101 1314 2228 1387 in-

680 1426 1023 1524 telliqere
1067 1435 1142 1502 ct
1205 1429 1493 1522 videre,
1569 1427 2222 1524 quemadmodum

682 1543 746 1616 si
786 1544 878 1617 de
911 1543 1170 1641 aliqua
1202 1544 1467 1642 eclipsi
1500 1544 1660 1641 jam
1708 1544 2068 1635 instante,
2106 1542 2226 1614 di-

681 1668 802 1733 cat
834 1660 1112 1756 aliquis
1146 1684 1298 1734 non
1370 1660 1661 1734 videnti
1731 1660 1967 1748 illam,
2017 1659 2223 1755 quod

674 1775 836 1872 jam
869 1776 1088 1851 Luna
1121 1777 1559 1876 eclipsatur,
1625 1787 1698 1851 et
1747 1778 1854 1850 sic
1913 1777 2048 1851 ille.
2083 1799 2227 1850 au-

683 1893 902 1967 diens
936 1906 1353 1992 praesumat
1383 1896 1473 1969 dc
1516 1895 1834 1969 veritate
1870 1894 2219 1987 dicentiS,

671 2009 832 2108 jam
891 2011 1129 2085 credit
1177 2013 1377 2109 quod
1455 2035 1591 2088 nec
1655 2012 1860 2085 videt
1919 2013 2220 2106 oculuS,

676 2151 820 2202 nec
850 2129 1205 2225 intelligit
1246 2153 1381 2226 per
1447 2129 2217 2203 demonstrationem.

675 2244 755 2317 Si
788 2254 1042 2319 autem
1089 2255 1352 2343 postea
1393 2245 1730 2319 addiscat
1766 2269 1899 2343 per
1949 2268 2224 2318 cursus

677 2372 1028 2435 motuum
1087 2361 1543 2454 cmlestium,
1615 2362 1817 2458 quod
1861 2361 1994 2435 tali
2029 2370 2224 2434 tem-

673 2503 860 2577 pore
934 2478 1206 2552 debeat
1273 2479 1655 2575 eclipsari‚
1736 2469 1920 2551 tun'c
1995 2479 2224 2551 habet

675 2595 1438 2687 demonstrationem,
1520 2603 1593 2668 et
1649 2593 2013 2690 intelligit
2065 2595 2224 2669 Lu—

649 2737 854 2805 ,nam
902 2712 1062 2809 jam
1110 2713 1491 2810 eclipsari,
1565 2713 1940 2786 sumendo
1982 2713 2225 2811 eclip-

677 2830 820 2905 sim
863 2829 1200 2926 aliquam
1238 2853 1404 2903 essc
1458 2828 1534 2900 in
1578 2828 1950 2925 singulari
1996 2854 2217 2925 vage,

679 2957 753 3022 et
785 2948 887 3021 ita
924 2948 1001 3020 in
1052 2945 1496 3034 universali,
1536 2969 1686 3018 non
1727 2946 1802 3018 in
1847 2946 2220 3041 singulari

679 3065 1007 3161 signatO,
1054 3064 1200 3137 nisi
1235 3064 1477 3138 oculis
1523 3064 1684 3138 suis
1716 3064 1969 3138 videat
2015 3065 2221 3137 illam

679 3184 1061 3282 eclipsari,
1101 3184 1202 3255 ita
1235 3184 1439 3278 qnod
1484 3192 1691 3256 certa
1739 3183 2227 3256 demonstra-

678 3301 783 3375 tio
818 3302 909 3375 (le
944 3299 1359 3374 universali
1397 3309 1466 3373 et
1503 3300 1942 3396 particulari
1997 3325 2220 3394 vago,

681 3428 754 3492 et
796 3417 984 3492 fides
1026 3427 1099 3491 ct
1139 3415 1401 3513 opinio
1470 3417 1561 3490 de
1631 3417 2068 3513 particulari
2119 3416 2227 3489 si-

679 3534 1040 3630 gnificato
1075 3534 1303 3608 simul
1359 3543 1563 3607 sunt.
1640 3534 1787 3607 Sed
1849 3558 2022 3606 cum
2086 3536 2227 3607 ha-

681 3649 849 3723 buit
887 3649 1119 3722 talem
1153 3646 1562 3739 visionem,
1609 3647 1700 3720 dc
1745 3647 2014 3721 eodem
2057 3670 2228 3721 eva-

681 3775 955 3839 cuatur
996 3762 1185 3838 sides
1217 3765 1690 3860 preeccdens‚
1728 3763 1889 3836 sive
1933 3762 2221 3859 opinio,

682 3882 813 3957 sed
884 3906 1019 3979 per
1087 3880 1483 3954 scientiam
1542 3905 1694 3952 non
1777 3889 2221 3973 evacuatur,

685 4023 1091 4098 quousque
1125 3998 1479 4073 adveniat
1524 3998 1742 4071 visio.

784 4118 907 4192 Sic
950 4117 1215 4189 dicunt
1274 4139 1440 4188 esse
1475 4138 1611 4211 per
1671 4114 2027 4188 eumdem
2065 4138 2229 4187 mo-

686 4237 868 4309 dum
903 4235 976 4307 in
1018 4231 1433 4331 proposito.
1473 4231 1694 4305 Fides
1728 4231 1929 4305 enim
1964 4241 2228 4305 nostra

687 4361 800 4426 est
846 4352 938 4426 de
1006 4347 1628 4447 particularibus,
1679 4357 1758 4422 ut
1824 4349 2026 4444 quod
2097 4348 2229 4422 ali-

686 4470 860 4569 quis
896 4492 1097 4542 unus
1139 4469 1368 4540 homo
1402 4476 1514 4540 est
1545 4466 1919 4559 ChristuS,
1966 4467 2227 4563 aliqua

687 4610 840 4660 una
885 4583 1197 4659 foemina
1245 4592 1358 4656 est
1423 4582 1668 4655 Maria
1723 4593 1961 4656 mater
2024 4583 2219 4680 eJuS,

684 4714 756 4777 ct
789 4703 992 4801 quod
1027 4701 1286 4797 aliqua
1346 4709 1621 4772 natura
1660 4699 2076 4796 singularis
2109 4710 2225 4775 est

681 4821 968 4897 Deitas.
1021 4818 1171 4892 Ista
1211 4825 1464 4891 autem
1535 4814 1724 4889 fides
1796 4818 1971 4891 licet
2038 4841 2224 4891 eva—

681 4935 1061 5028 cuabitur,
1154 4957 1327 5006 cum
1447 4932 1866 5007 viderimus
1960 4944 2219 5030 aperte

681 5055 886 5154 quod
965 5075 1171 5126 nunc
1238 5049 1650 5142 credimus,
1751 5074 1898 5121 non
1961 5058 2215 5124 tamen

680 5181 1127 5263 evacuatur,
1199 5190 1374 5242 cum
1417 5166 2025 5241 intellexerimus
2081 5169 2218 5242 ali-

677 5318 831 5392 quo
899 5288 1122 5363 modo
1220 5284 1503 5357 clarius
1599 5285 2220 5381 supernaturalia

677 5435 910 5511 quam
953 5428 1159 5480 nunc
1194 5400 1608 5475 credimus.
1667 5401 1918 5487 Quare
1953 5402 2220 5475 dicunt

675 5528 881 5627 quod
915 5524 1105 5597 fides
1164 5528 1234 5593 et
1305 5515 1735 5592 intellectus
1772 5519 1962 5592 bene
2016 5527 2219 5592 stant

674 5645 935 5735 simul,
1008 5650 1081 5714 ct
1147 5656 1661 5733 quaecumque
1759 5635 2218 5709 naturaliter

2060 440 2300 508 LIBRI
2350 440 2468 510 ΙΙΙ.

2341 608 2885 705 cognoscimus
2915 632 3088 683 cum
3161 607 3888 707 supernaturalibus

2340 737 2413 800 et
2445 726 2753 800 creditis
2795 726 2871 798 in
2909 726 3240 823 quodam
3271 726 3561 800 lumine
3609 725 3885 814 medio,

2339 842 2545 938 quod
2638 841 2904 915 dicunt
3004 865 3170 918 esse
3299 843 3886 939 supernaturale

2337 968 2706 1033 creatum.

2434 1075 2912 1150 Confirmant
2944 1086 3199 1151 autem
3253 1100 3470 1151 suam
3534 1077 3888 1150 intentio-

3960 1093 4204 1144 Officium

3946 1157 4204 1220 Theologi

2333 1214 2510 1265 nem
2546 1191 3217 1288 perAugustinum
3245 1192 3359 1264 14.
3390 1192 3482 1265 de
3509 1193 3783 1267 Trinz't.
3812 1193 3877 1266 1.
3914 1222 4218 1284 exAugust.

2336 1307 2464 1380 ubi
2522 1307 2704 1380 dicit
2770 1309 2973 1405 quod
3023 1332 3038 1381 :
3112 1308 3280 1382 Hac
3336 1308 3652 1382 scientia
3728 1333 3882 1384 non

2323 1423 2625 1521 pollent
2649 1423 2919 1521 fideles
2930 1424 3291 1522 plurimi,
3331 1425 3507 1498 licet
3533 1424 3884 1523 polleant

2328 1540 2598 1637 fideles
2618 1540 2976 1638 plurimi.
3047 1544 3137 1615 Et
3177 1542 3527 1638 sequitur
3562 1564 3577 1615 ε
3636 1542 3887 1616 Aliud

2333 1664 2441 1731 est
2503 1659 2699 1732 scire
2809 1658 3333 1732 tantummodo
3404 1659 3595 1756 qne-'d
3654 1659 3877 1733 homo

2330 1776 2639 1850 credere
2665 1775 2932 1850 debeat
2995 1781 3318 1874 propter
3376 1778 3608 1851 vitam
3667 1783 3885 1852 eeter-

2329 1917 2509 1967 nam
2553 1892 3157 1991 adipiscendam,
3204 1900 3277 1967 et
3313 1892 3533 1968 aliud
3595 1902 3705 1967 esc
3743 1896 3882 1969 sci-

2329 2034 2411 2084 re
2434 2011 3075 2109 quemadmodum
3124 2012 3262 2085 lzoc
3316 2012 3567 2108 ipsum
3614 2019 3682 2086 el
3720 2012 3880 2108 piis

2331 2134 2785 2224 eoeponntm,
2833 2135 2905 2202 et
2953 2135 3218 2202 contra
3280 2128 3555 2225 impios
3606 2128 3881 2225 defen-

2330 2245 2560 2319 datur
2590 2268 2817 2342 quam
2852 2246 3176 2342 proprio
3227 2243 3592 2319 ‘vocabulo
3639 2246 3879 2319 scicn-

2327 2362 2511 2435 tiam
2546 2361 2938 2458 appellare
2976 2361 3279 2435 videtur
3325 2360 3762 2458 ApostoltcS,
3803 2364 3869 2433 1.

2329 2480 2499 2551 Cor.
2539 2479 2655 2551 12.
2699 2479 2880 2552 Haec
2950 2477 3103 2551 ille.
3145 2480 3343 2573 Ergo
3413 2478 3554 2551 ista
3608 2478 3877 2551 nolitia

2329 2605 2442 2669 est
2474 2596 2739 2668 notitia
2781 2593 3058 2668 clarior
3090 2593 3265 2688 tide,
3353 2603 3425 2668 et
3485 2594 3589 2668 ila
3628 2602 3741 2668 est
3795 2594 3869 2667 in

2327 2713 2621 2787 lumine
2657 2712 2991 2786 clariori.

2428 2832 2837 2924 Praeterea,
2884 2829 3361 2925 Augustinus
3413 2853 3648 2927 super
3690 2831 3873 2905 illud

2325 2949 2547 3024 Joan.
2610 2949 2777 3023 Vita
2824 2956 2987 3023 erat
3021 2946 3183 3040 lew,
3249 2948 3431 3021 dicit
3479 2949 3681 3046 quod
3718 2955 3882 3022 erat

2324 3066 2666 3139 Joomzcs
2698 3064 2790 3137 de
2831 3063 2990 3137 illis
3030 3061 3438 3153 ηιοηίίόιις,
3484 3063 3576 3136 de
3608 3063 3881 3161 quibus

2330 3183 2727 3256 diciturin
2760 3181 3105 3255 Psalmo.
3156 3181 3439 3255 Psalm.
3506 3182 3623 3252 77.
3698 3181 3881 3255 Sus-

2332 3301 2623 3398 cipiunt
2662 3307 2953 3373 montes
2992 3323 3292 3398 pacem.
3332 3299 3693 3396 Intelligit
3748 3323 3881 3397 per

2319 3440 2593 3515 pacem
2628 3415 3113 3512 sapientiam,
3152 3436 3304 3511 qua
3352 3413 3682 3509 majores
3717 3415 3883 3490 illu-

2334 3535 2750 3608 minantur.
2798 3534 3195 3607 Jnscitmm.
3238 3542 3495 3607 autem
3546 3536 3881 3632 appellat

2332 3652 2601 3745 fidem,
2665 3675 2817 3749 qua
2886 3651 3424 3725 illuminantur
3484 3651 3873 3746 minorcs;

2333 3794 2514 3864 ergo
2542 3772 2708 3843 vult
2748 3770 2849 3843 ibi
2892 3770 3097 3867 quod
3147 3771 3475 3865 majores
3509 3771 3583 3842 in
3632 3774 3882 3846 Eccle-

2333 3885 2447 3959 sia
2476 3887 2807 3960 habeant
2840 3886 3238 3960 scientiam
3289 3911 3465 3960 cum
3529 3885 3704 3979 fide,
3744 3889 3878 3962 sed

2337 4003 2669 4075 minores
2703 4000 2930 4075 fidem
2967 4010 3285 4076 tantum.

2432 4120 2715 4192 Dicunt
2769 4120 2995 4193 etiam
3059 4120 3178 4193 isti
3237 4121 3441 4216 quod
3520 4122 3664 4195 ista
3721 4123 3875 4196 duo

2332 4236 2624 4310 lumina
2668 4236 2777 4309 sic
2820 4245 2899 4309 se
2933 4235 3244 4329 habent,
3292 4238 3494 4333 quod
3532 4238 3719 4311 illud
3752 4241 3875 4313 lu—

2336 4378 2508 4428 men
2554 4354 2831 4450 majus,
2879 4355 2952 4426 in
3022 4377 3174 4451 quo
3232 4355 3515 4429 clarius
3584 4380 3875 4452 cogno-

2332 4481 2655 4546 scuntur
2684 4472 2977 4547 articuli
3023 4472 3222 4558 fidei,
3251 4498 3399 4547 non
3431 4485 3875 4572 potestesse

2330 4589 2408 4662 iu
2453 4589 2702 4683 nobiS,
2742 4589 2889 4662 nisi
2924 4591 3183 4663 lumen
3229 4588 3402 4663 fidei
3439 4616 3878 4691 praesuppo-

2329 4716 2583 4794 natur,
2619 4728 2758 4778 nec
2787 4706 3114 4779 habetur
3136 4705 3615 4780 credibilium
3635 4709 3879 4782 scien-

2327 4821 2433 4895 tia
2465 4821 2609 4894 nisi
2654 4822 3051 4919 supposita
3084 4820 3256 4896 fide.

2427 4939 2575 5012 Sed
2645 4949 2910 5013 contra
3007 4939 3411 5035 opinantes
3492 4942 3868 5037 arguitur,

2329 5054 2774 5129 aiuntenim
2810 5057 3012 5151 quod
3070 5056 3390 5149 notitiae,
3447 5080 3678 5153 quam
3734 5062 3876 5135 ha—

2330 5172 2513 5245 bent
2549 5171 2913 5264 minores,
2961 5195 3111 5244 non
3159 5182 3457 5269 oportet
3527 5175 3673 5249 nisi
3743 5201 3870 5252 as-

2326 5288 2610 5362 sentire
2642 5313 2656 5376 ;
2686 5289 2823 5362 sed
2857 5288 3187 5385 majores
3210 5313 3381 5361 cum
3414 5293 3555 5364 hoc
3588 5294 3875 5370 habent

2324 5405 2757 5498 scientiam,
2788 5429 2939 5503 qua
2965 5405 3374 5502 exponitur
3406 5407 3595 5483 fides
3623 5416 3771 5507 pie,
3798 5424 3874 5486 et

2326 5523 2729 5596 roboratur
2760 5535 3025 5597 contra
3058 5523 3361 5621 impios,
3400 5527 3684 5602 scilicet
3719 5530 3871 5604 hae-

2322 5640 2624 5733 reticOS,
2672 5641 3013 5736 alioquin
3068 5639 3214 5713 cito
3275 5640 3636 5719 deficeret
3676 5644 3868 5722 fides
