4295 6326
843 349 974 417 636

848 528 1088 596 terem
1129 522 1208 594 in
1268 521 1530 597 anima
1573 522 1691 597 vel
1727 542 1881 594 non
1918 576 1937 612 ,
1982 526 2250 615 postea
2277 513 2396 588 di-

848 648 1089 714 cetur.

627 780 692 846 3.
947 755 1137 830 Dico
1198 779 1381 853 ergo
1441 757 1645 855 quod
1692 755 1883 830 ratio
1948 747 2396 851 principalis

520 893 793 1007 ιῦἰιθῖὲῖιὶἱο
849 870 1446 948 initerabilitatis
1488 871 1858 971 Baptismi
1885 893 2035 944 non
2074 878 2185 943 est
2215 866 2397 964 quia

494 988 1118 1071 s012v01u0.1³assi0
1177 990 1456 1065 Christi
1535 1014 1688 1064 non
1786 998 1898 1063 est
1992 984 2425 1090 iterabiliS,

497 1087 579 1132 tas
606 1082 791 1134 divina

514 1150 595 1195 est
625 1159 789 1259 ‘²⁸¹¹ss‘
850 1129 992 1181 nec
1034 1107 1220 1204 quia
1272 1107 1643 1206 imprimit
1674 1109 2224 1196 characterem,
2260 1101 2391 1176 sed

521 1206 716 1259 initam
757 1211 797 1260 i·

577 1269 740 1322 fimi,
850 1223 1037 1320 quia
1065 1223 1276 1298 Deus
1316 1224 1425 1298 sic
1466 1225 1684 1299 illum
1736 1221 2063 1296 instituit
2102 1229 2186 1293 ut
2237 1242 2388 1292 non

520 1332 799 1398 Baptismi.
851 1338 1290 1433 iteraretur,
1377 1351 1451 1415 et
1516 1339 1751 1436 hujus
1831 1360 1985 1410 non
2054 1344 2169 1410 est
2244 1333 2396 1408 alia

851 1479 1114 1550 causa,
1205 1457 1356 1531 nisi
1418 1459 1777 1530 voluntas
1870 1477 2034 1529 sua.
2136 1451 2395 1525 Potuit

851 1573 1057 1648 enim
1088 1571 1297 1649 Deus
1331 1573 1756 1649 instituisse
1790 1573 1934 1645 hoc
1966 1592 2396 1645 sacramen-

844 1698 1006 1763 tum
1043 1689 1119 1763 in
1157 1689 1579 1765 remedium
1622 1689 1982 1786 generale
2028 1710 2279 1784 poenae
2321 1694 2395 1759 et

844 1809 1124 1906 culpae,
1161 1818 1235 1883 et
1266 1807 1491 1882 toties
1531 1806 1876 1881 iterabile
1911 1804 2212 1903 quoties
2254 1804 2394 1875 ho-

844 1948 968 1997 mo
1005 1932 1424 2022 peccasset.
1464 1923 1726 1997 Potuit
1765 1921 1990 1996 etiam
2023 1919 2233 1993 Deus
2264 1942 2392 1991 or-

840 2041 1149 2116 dinasse
1193 2040 1398 2137 quod
1447 2039 1749 2138 quoties
1807 2045 2226 2137 peccasset,
2274 2046 2391 2108 to-

840 2162 983 2236 ties
1070 2161 1615 2260 baptizaretur,
1702 2168 1775 2233 et
1860 2157 2393 2231 restitueretur

837 2280 1196 2379 perfectae
1263 2277 1755 2363 innocentiae,
1832 2285 1914 2350 ut
1980 2274 2392 2348 dimittere-

837 2406 966 2472 tur
1031 2397 1176 2472 sibi
1236 2406 1418 2471 tunc
1469 2419 1605 2493 per
1664 2395 2143 2493 Baptismum
2239 2402 2383 2465 tam

837 2538 1068 2613 poena
1133 2536 1369 2612 quam
1442 2514 1693 2610 culpa.
1767 2511 2066 2584 Placuit
2132 2519 2385 2582 tamen

837 2631 982 2706 sibi
1034 2631 1261 2705 modo
1303 2629 1509 2728 quod
1560 2638 1755 2704 esset
1817 2635 2385 2704 sacramentum

834 2746 1295 2840 initerabile,
1380 2770 1475 2823 ne
1555 2744 1867 2821 daretur
1940 2743 2388 2818 hominibus

837 2864 1076 2939 nimia
1107 2863 1432 2939 audacia
1483 2863 1574 2938 ad
1606 2862 2110 2960 peccandum,
2158 2861 2220 2934 si
2263 2883 2388 2934 es-

834 2992 950 3056 set
1051 2982 1399 3057 iterabile
1485 2989 2082 3065 sacramentum,
2204 2977 2388 3075 quia

836 3100 970 3174 illo
1039 3098 1552 3175 dimitteretur
1638 3107 1791 3174 tam
1860 3097 2088 3196 culpa
2153 3118 2384 3195 quam

843 3239 1098 3317 poena,
1131 3225 1206 3292 et
1236 3215 1408 3290 ideo
1456 3216 1780 3291 facilitas
1841 3214 2091 3289 veniae
2162 3213 2383 3288 cede-

839 3343 954 3408 ret
1038 3332 1134 3406 ad
1229 3331 1811 3406 irreverentiam
1889 3328 2378 3404 sacramenti.

490 3468 670 3539 qu
700 3480 808 3539 poe-
839 3450 1037 3537 Quia
1104 3458 1359 3523 tamen
1436 3448 1684 3523 noluit
1756 3446 1969 3520 Deus
2073 3469 2381 3520 omnem

494 3533 773 3643 issffiiiss.
838 3566 1042 3640 viam
1086 3565 1361 3640 salutis
1437 3565 1845 3640 excludere
1915 3563 2008 3637 ab
2070 3562 2384 3638 homine

836 3707 1012 3759 cum
1045 3693 1426 3782 peccaret,
1477 3704 1708 3779 quem
1771 3680 1983 3755 novit
2053 3702 2378 3778 pronum

836 3804 914 3878 in
979 3803 1264 3878 malum
1298 3800 1508 3875 omni
1561 3808 1931 3897 tempore,
1980 3820 2120 3871 nec
2175 3796 2384 3893 inju-

834 3921 1027 3995 riam
1060 3920 1308 3994 facere
1359 3925 1872 4008 sacramente,
1942 3936 2080 4011 per
2154 3910 2385 3986 sacili-

832 4048 1066 4113 tatem
1122 4046 1195 4110 et
1261 4032 1821 4134 plenitudinem
1891 4030 2171 4123 veniae,
2240 4039 2385 4105 sta-

834 4156 980 4231 tuit
1020 4151 1563 4233 Poenitentiam
1634 4149 1709 4221 in
1765 4147 2192 4224 remedium
2241 4147 2386 4222 ite-

835 4272 1103 4365 rabile,
1149 4292 1287 4368 per
1326 4267 1551 4365 cujus
1596 4265 2167 4365 susceptionem
2241 4264 2381 4339 rite

835 4390 1205 4483 habitam,
1260 4388 1484 4462 toties
1540 4388 1770 4460 homo
1842 4385 2288 4459 absolvatur
2339 4407 2385 4458 a

834 4510 1090 4608 culpa,
1137 4505 1439 4605 quoties
1496 4513 1875 4604 peccaret,
1939 4502 2072 4576 sed
2140 4501 2386 4576 voluit

833 4627 929 4701 ad
998 4647 1311 4724 poenam
1379 4645 1515 4720 pro
1575 4619 1907 4718 peccatis
1975 4618 2383 4693 universos

835 4745 1178 4842 obligare
1238 4749 1552 4841 propter
1616 4737 1990 4813 rationem
2051 4735 2385 4835 praedic-

833 4875 1018 4940 tam.

511 5002 591 5053 Aa
620 5015 776 5063 aran·
931 4980 1045 5056 Ad
1140 4983 1681 5074 argumentum
1737 4972 1813 5046 in
1908 4971 2378 5071 oppositum,

488 5068 800 5193 pss'ffiffi.
835 5101 1005 5176 dico
1066 5096 1273 5196 quod
1337 5101 1906 5169 sacramentum
1967 5090 2384 5166 Eucharis-

833 5218 988 5306 tiae,
1026 5214 1232 5315 quod
1275 5220 1390 5288 est
1447 5210 1745 5309 species
1803 5209 2027 5308 panis
2080 5208 2377 5304 etvini,

835 5360 991 5411 non
1034 5342 1151 5411 est
1186 5328 1562 5423 iterabile,
1607 5327 1739 5425 qui
1800 5326 2005 5401 enim
2066 5326 2376 5401 easdem

834 5452 1133 5554 species
1164 5456 1675 5540 consecraret,
1711 5454 2063 5545 peccaret
2094 5453 2383 5519 morta-

837 5573 1036 5664 liter,
1108 5578 1180 5645 et
1238 5573 1515 5666 praeter
1573 5566 1719 5639 hoc
1778 5561 1969 5637 nihil
2032 5564 2375 5656 faceret3

2185 342 2427 411 LIBRI
2474 340 2597 409 IV.

2505 509 2894 611 perceptio
2921 517 3177 584 autem
3219 516 3294 581 et
3331 506 3476 581 ista
3520 503 3883 581 comestio
3912 528 4025 578 sa-

2505 626 3021 720 cramentalis‚
3067 649 3243 724 quae
3275 635 3389 701 est
3446 623 3841 715 iterabilis,
3883 646 4023 696 non

2504 757 2619 822 est
2668 755 3264 836 sacramentum,
3319 753 3392 818 et
3468 742 3640 815 ideo
3692 765 3844 814 non
3918 764 4025 815 se-

2505 863 2794 961 quitur,
2829 861 2892 935 si
2936 861 3078 935 ista
3119 860 3505 957 perceptio
3537 867 4027 932 sacramenta-

2505 981 2598 1055 lis
2658 980 2755 1054 sit
2820 978 3216 1072 iterabiliS,
3270 978 3476 1076 quod
3530 986 3841 1076 propter
3897 976 4026 1049 hoc

2504 1097 2693 1171 illud
2736 1104 3306 1171 sacramentum
3366 1094 3443 1167 in
3511 1117 3592 1169 se
3650 1094 3748 1167 sit
3822 1092 4028 1166 itera-

2503 1214 2681 1288 bile.

3035 1469 3402 1527 SCHOLIUM
3436 1473 3507 1526 11.

2575 1623 2739 1674 Poena
2771 1618 2978 1675 iterato
3008 1619 3352 1692 baptizantis
3381 1624 3440 1676 et.
3467 1620 3743 1693 baptizati
3776 1625 3869 1677 est
3899 1622 4026 1677 irre-

2499 1707 2787 1781 gularitas
2819 1728 2835 1778 ;
2873 1723 2979 1764 nec
3009 1709 3338 1781 ignorantia
3360 1709 3517 1781 juris
3547 1719 3800 1766 excusat.
3837 1712 4032 1767 Proba

2499 1795 2615 1853 bile
2637 1803 2831 1855 tamen
2855 1806 2961 1862 est,
2987 1814 3222 1854 omnem
3251 1800 3642 1870 ignorantiam
3677 1799 4028 1872 probabilem

2493 1886 2647 1959 juris
2676 1890 2734 1941 et
2766 1887 2901 1943 tacti
2933 1903 3211 1943 excusare
3243 1904 3257 1955 ;
3289 1889 3361 1944 de
3391 1903 3524 1960 ‚quo
3562 1887 3695 1944 vide
3740 1887 4028 1944 Scholium

2499 1978 2559 2034 in
2591 1978 2773 2035 Oxou.
2809 1979 2900 2034 btc
2930 1987 3137 2050 quaest.
3168 1982 3222 2034 8.

2593 2160 2705 2234 Ad
2765 2159 3181 2233 secundam
3262 2161 3772 2258 quaestionem
3839 2161 4024 2254 dico,
4141 2171 4178 2234 t.

2498 2277 2702 2375 quod
2744 2276 3106 2350 iterantes
3140 2277 3645 2375 Baptismum,
3689 2289 3825 2354 aut
3864 2289 4030 2354 sunt
4097 2289 4205 2373 θεῷ*

2497 2394 3006 2486 conferenteS,
3095 2403 3228 2468 aut
3320 2395 3835 2493 suscipientes
3897 2358 4205 2491 ,siq‘issu’nss'i

2497 2512 3006 2602 conferenteS,
3085 2519 3217 2583 aut
3293 2532 3477 2607 ergo
3538 2512 3904 2607 scienter,
3970 2523 4035 2587 et

2501 2626 2919 2724 prudenter
2964 2627 3406 2715 conserunt,
3470 2637 3545 2702 et
3610 2628 3784 2704 facti
3867 2639 4036 2704 sunt

2497 2743 2665 2840 ipso
2734 2743 2929 2817 Iacto
2995 2742 3487 2839 irregulareS,
3572 2755 3651 2818 ut
3716 2746 4036 2821 habetur

2497 2871 2720 2938 extra
2766 2863 2860 2939 de
2915 2863 3263 2962 Apostat,
3289 2889 3354 2938 c.
3389 2865 3524 2939 Ea:
3576 2865 4030 2959 litterarum,
4106 2878 4205 2938 Bar:

2498 2980 2590 3055 de
2632 2980 2762 3054 illo
2784 2979 3102 3087 juvene,
3147 2981 3282 3079 qui
3324 2982 3824 3080 rebaptizavit
3868 3007 4033 3081 ger·
4057 2956 4179 3079 1¹3³ss

2497 3119 2814 3171 manum
2891 3121 3119 3173 suum
3219 3096 3644 3195 infirmum,
3716 3102 4034 3178 credens
4085 3065 4205 3182 '⁰2⁶2‘

2496 3239 2631 3314 per
2663 3218 2808 3290 hoc
2834 3216 3061 3290 citius
3100 3217 3353 3315 ipsum
3406 3220 3778 3317 consequi
3845 3220 4035 3295 sani-

2493 3342 2757 3426 tatem,
2796 3333 2924 3408 ubi
2961 3333 3240 3408 dicitur
3269 3336 3475 3432 quod
3514 3334 3655 3411 iste
3713 3346 3832 3411 est
3863 3337 4035 3411 irre-

2493 3449 2814 3545 gularis,
2859 3473 3001 3524 nec
3049 3459 3298 3549 potest
3363 3451 3796 3550 dispensari
3869 3478 4034 3528 cum

2495 3563 2653 3657 tali,
2710 3565 2856 3639 nisi
2926 3589 2970 3640 a
3037 3566 3200 3640 solo
3268 3566 3506 3664 Papa,
3553 3577 3629 3642 et
3693 3568 3845 3644 hoc
3889 3594 4035 3645 non

2492 3683 2640 3756 nisi
2753 3707 2927 3758 cum
3015 3683 3414 3759 intraverit
3517 3684 4029 3783 Religionem,

2494 3809 2807 3898 propter
2845 3794 3183 3876 favorem
3241 3800 3692 3898 Religionis.
3760 3802 3844 3877 Si
3917 3829 4201 3912 {iu-impu

2490 3926 2644 3991 tem
2679 3917 3095 3993 inscienter
3147 3928 3220 3994 et
3262 3921 3557 3994 occulte
3621 3921 4038 4020 rebaptiza-
4091 3910 4199 4042 ’ἓξὲξ

2492 4033 2687 4108 verit
2732 4034 3099 4132 aliquem,
3158 4036 3605 4133 irregularis
3662 4047 3807 4133 est,
3890 4063 4036 4113 non
4109 4040 4199 4103 ΡΜ

2492 4161 2745 4227 tamen
2783 4152 2887 4227 ita
2919 4151 3368 4251 irregularis
3399 4163 3534 4240 est,
3586 4154 3784 4230 sicut
3839 4181 4042 4255 prae-

2494 4271 2802 4365 cedenS,
2849 4270 3034 4367 quia
3074 4272 3506 4370 Episcopus
3560 4296 3752 4347 suus
3795 4282 4042 4372 potest

2493 4387 2942 4485 dispensare
2985 4410 3162 4462 cum
3193 4411 3312 4463 e0.
3378 4388 3590 4464 Istud
3621 4389 4044 4466 confirma-

2494 4513 2619 4579 tur
2699 4526 2836 4603 per
2915 4504 3104 4579 illud
3178 4505 3264 4579 C.
3344 4506 3470 4583 Ne
3577 4513 4037 4583 sacrament.

2491 4624 2724 4721 Bapt.
2763 4624 2932 4698 iter.
2968 4648 3030 4696 s.
3067 4623 3133 4696 1.
3172 4622 3352 4698 dicit
3372 4624 3491 4699 lex
3516 4648 3531 4699 ε
3558 4624 4037 4719 Antz‘stitem,

2493 4741 2630 4838 qui
2656 4741 3137 4815 sanctitatem
3201 4740 3710 4838 Baptismatis
3762 4742 4044 4818 illicita

2493 4855 2992 4953 usurpatione
3072 4855 3605 4952 qeminaverit,
3669 4856 4045 4935 Sacerdo-

2492 4979 2643 5048 tem
2677 4971 3081 5070 indiqmcm
3124 4996 3281 5047 esse
3313 4996 3731 5050 censemus.
3784 4978 3871 5052 Si
3907 5003 4044 5055 au-

2492 5103 2642 5167 tem
2689 5092 2834 5165 hoc
2865 5090 3067 5165 dicat
3111 5091 3536 5191 Imperator
3574 5104 3896 5194 propter
3927 5122 4046 5175 re-

2491 5208 2917 5284 verentiam
2951 5209 3440 5304 sacramenti,
3490 5212 3727 5286 multo
3791 5215 4045 5314 magis

2492 5327 2729 5424 Papa,
2767 5323 2950 5422 quia
2986 5325 3398 5423 specialius
3438 5335 3653 5402 curat
3701 5328 3792 5404 de
3845 5332 4047 5406 divi-

2492 5442 2613 5517 nis
2653 5441 3203 5517 sacramentis.

2588 5559 2845 5635 Talem
2876 5566 3133 5635 autem
3175 5559 3683 5658 baptizantem
3725 5587 3889 5639 non
3926 5591 4045 5642 ex·
4069 5522 4191 5705 ’,3ξῆ
