4295 6326
692 447 821 514 204

696 618 878 693 dum
926 620 1475 695 conscientiam
1523 643 1953 713 erroneam,
2016 642 2245 718 quam

695 736 832 833 qui
863 735 1059 833 facit
1082 743 1346 811 contra
1387 761 1581 811 eam.

1249 947 1611 1004 SCHOLIUM
1655 948 1694 1002 1.

768 1100 1070 1156 Sententia
1104 1098 1351 1163 Beni-ici,
1371 1096 1731 1167 synderesim
1757 1103 1812 1152 et
1831 1094 2247 1152 conscientiam

698 1206 823 1246 esse
865 1191 922 1245 in
955 1190 1267 1255 volutatae,
1308 1190 1593 1244 refutatur-
1632 1189 1821 1259 quoad
1865 1187 2246 1256 synderesim,

701 1281 834 1352 quia
867 1286 1035 1337 actus
1069 1281 1250 1351 hujus
1283 1280 1651 1336 necessarius
1680 1296 1693 1347 ;
1726 1278 1824 1334 sed
1857 1276 2058 1332 nullus
2086 1281 2250 1332 actus

696 1370 1013 1426 voluntatis
1062 1375 1149 1425 est
1207 1368 1361 1436 talis,
1413 1369 1550 1440 quia
1611 1384 1714 1424 nec
1766 1365 2093 1423 necessario
2126 1365 2251 1420 vult

697 1458 948 1525 bonum,
981 1457 1066 1513 vel
1100 1456 1247 1528 sugit
1280 1456 1529 1525 malum,
1563 1457 1768 1526 dequo
1800 1456 1856 1509 in
1888 1452 2069 1510 Oxou.
2113 1471 2154 1508 1.
2188 1470 2245 1524 q.

699 1549 752 1603 4.
785 1545 1126 1620 synderesis
1156 1562 1293 1619 ergo
1323 1550 1412 1600 est
1440 1546 1498 1599 in
1531 1545 1849 1610 intellectu,
1883 1544 2021 1615 quia
2048 1559 2251 1598 neces-

701 1636 853 1694 sario
890 1641 1213 1692 murmurat
1235 1640 1439 1692 contra
1479 1634 1723 1704 malurn,
1755 1633 2014 1690 alliciens
2044 1631 2247 1690 volun-

702 1730 884 1782 tatem
917 1729 983 1782 ut
1012 1725 1167 1781 idem
1199 1725 1388 1780 faciat.

489 1907 553 1976 3.
802 1903 914 1977 Ad
975 1903 1169 1977 duas
1229 1901 1515 1999 primas
1575 1899 2044 1997 quaestiones
2087 1920 2252 1971 res-

356 2023 674 2137 032¹ffi¹¹f1m
708 2020 993 2117 pondet
1028 2043 1229 2093 unus
1260 2019 1542 2092 Doctor
1564 2016 1768 2113 quod
1800 2016 1917 2090 lex
1953 2024 2249 2088 naturae

358 2103 393 2153 q
486 2101 671 2199 ¹6·‘q'
708 2136 1049 2212 continet
1114 2134 1592 2209 universales
1653 2133 1960 2228 regulas
2014 2154 2253 2226 agen-

706 2254 1012 2345 dorum,
1073 2262 1146 2327 et
1197 2250 1524 2349 pertinet
1591 2249 1684 2322 ad
1740 2248 2242 2321 intellectum.

707 2369 1077 2442 Similiter
1122 2367 1222 2442 ibi
1280 2377 1393 2440 est
1434 2364 1825 2438 conclusio
1887 2365 2251 2437 conclusa

705 2486 1076 2585 practice,
1150 2485 1271 2557 vel
1352 2482 1732 2556 dictamen
1814 2469 2247 2554 ultimatum

706 2602 1056 2678 rationis.
1104 2599 1275 2675 Istis
1337 2599 1641 2673 duobus
1710 2598 1784 2669 in
1857 2597 2247 2670 intellectu

705 2717 1312 2815 correspondent
1350 2715 1503 2788 duo
1525 2714 1603 2787 in
1628 2715 2022 2787 voluntate
2051 2740 2068 2805 3
2098 2712 2249 2808 legi

706 2844 1005 2909 naturae
1058 2834 1135 2906 in
1177 2833 1565 2906 intellectu
1594 2829 2139 2926 correspondet
2171 2828 2247 2901 in

704 2951 1101 3024 voluntate
1169 2955 1415 3021 motor
1469 2945 1962 3038 universaliS‚
2017 2952 2090 3019 et
2147 2944 2252 3017 di·

704 3067 902 3140 citur
942 3064 1323 3154 stimulus,
1360 3062 1484 3138 vel
1517 3062 1978 3163 synderesis,
2016 3072 2089 3135 et
2131 3061 2252 3134 di-

706 3185 905 3259 citur
936 3207 1105 3259 esse
1135 3183 1489 3280 quaedam
1526 3179 1921 3255 inclinatio
1950 3190 2253 3253 natura-

707 3300 802 3374 lis
834 3300 927 3373 ad
958 3300 1061 3393 id,
1112 3299 1317 3396 quod
1378 3297 1607 3371 dictat
1642 3298 1764 3371 lex
1794 3305 2092 3370 naturae
2127 3319 2252 3370 ra-

709 3416 899 3489 tioni
971 3425 1225 3507 rectae,
1279 3414 1399 3488 vel
1450 3412 1844 3487 dictamini
1901 3412 2247 3486 rationis.

411 3562 465 3632 et
510 3574 650 3636 aton-5
711 3532 933 3606 Circa
973 3531 1549 3607 conclusionem
1593 3528 2140 3626 correspondet
2172 3528 2251 3601 in

360 3628 679 3736 “525335222'
710 3652 1105 3723 voluntate
1152 3657 1396 3721 motor
1434 3645 1941 3744 particulariS‚
1970 3653 2043 3719 et
2074 3645 2256 3718 dici-

358 3749 678 3863 {fffflssssffi
712 3774 837 3840 tur
905 3788 1072 3840 esse
1137 3764 1627 3848 conscientia,
1693 3762 1795 3836 ita
1860 3762 2065 3859 quod
2115 3786 2254 3860 per

711 3881 1163 3957 electionem
1241 3889 1355 3955 est
1412 3902 1774 3953 assensus
1862 3877 1998 3967 illi,
2046 3878 2250 3974 quod

711 4008 827 4073 est
888 3998 1340 4071 conclusum
1390 3993 1833 4092 syllogismo
1868 3995 2201 4090 practico
2230 4022 2245 4082 3

708 4113 925 4212 ponit
947 4113 1178 4209 igitur
1209 4109 1684 4208 synderesim
1717 4110 1792 4182 in
1829 4109 2250 4204 voluntate,

708 4240 780 4305 et
840 4228 1424 4304 conscientiam.
1481 4226 1849 4300 Similiter
1923 4235 1997 4300 et
2070 4226 2252 4301 alibi

714 4346 896 4421 dicit
922 4346 1122 4420 idem
1154 4345 1437 4418 Doctor
1498 4342 1704 4439 quod
1764 4342 1953 4415 illud
2021 4341 2255 4417 dicta-

709 4460 888 4537 men'
910 4460 1232 4537 rationis
1261 4460 1582 4557 imponit
1612 4482 1810 4533 onus
1840 4458 2247 4552 voluntati,

711 4579 853 4652 etsi
913 4587 1029 4652 est
1112 4576 1475 4650 dictatum
1535 4573 1827 4649 ratione
1887 4574 2252 4648 demons-

708 4696 1013 4783 trativa,
1050 4693 1380 4790 imponit
1419 4716 1617 4766 onus
1649 4691 2081 4766 necessario
2114 4716 2252 4765 vo-

709 4811 1013 4903 luntati,
1069 4810 1175 4884 ita
1214 4808 1420 4906 quod
1477 4831 1632 4881 non
1691 4816 1806 4883 est
1869 4808 1947 4881 in
1993 4818 2251 4905 potes-

706 4936 859 5001 tate
945 4923 1366 4999 voluntatis
1454 4923 1821 5020 recipere,
1902 4924 2021 4996 vel
2090 4946 2247 4997 non

708 5044 1073 5140 recipere.
1124 5041 1201 5115 Si
1255 5049 1508 5114 autem
1562 5048 1675 5114 est
1719 5039 2080 5113 dictatum
2141 5063 2249 5114 ra-

705 5162 911 5235 tione
982 5158 1360 5258 probabili
1405 5166 1731 5249 tantum,
1779 5180 1929 5228 non
1992 5180 2251 5232 neces-

704 5279 908 5355 sario
951 5276 1278 5375 imponit
1309 5300 1506 5350 onus
1537 5273 1942 5369 voluntati,
1988 5285 2242 5349 tamen

702 5397 1059 5469 voluntas
1112 5402 1377 5489 potest·
1424 5391 1805 5465 dimittere
1862 5417 1908 5465 a
1964 5391 2242 5466 dictato

700 5512 1138 5587 necessario
1191 5534 1234 5584 a
1286 5510 1580 5583 ratione
1634 5510 2079 5607 imperando
2122 5510 2246 5582 in-

698 5628 1036 5706 tellectui
1087 5652 1239 5702 non
1292 5627 1778 5702 considerare
1836 5626 2018 5700 talia
2056 5656 2074 5719 ;
2118 5627 2242 5701 vel

357 3494 672 3559 synderesis

2110 441 2348 512 LIBRI
2395 443 2484 512 11.

2353 619 2558 715 quod
2609 619 3042 693 intellectus
3092 627 3237 693 stet
3275 616 3479 691 circa
3531 613 3682 689 alia
3723 635 3897 687 con-

2353 732 2710 828 siderata,
2764 736 2884 808 vel
2928 735 3133 832 quod
3193 732 3532 830 inquirat
3595 728 3894 826 aliquas

2355 851 2688 925 rationes
2730 861 3188 949 apparentes
3228 850 3302 923 in
3366 847 3833 923 contrarium
3872 873 3892 938 3

2355 979 2426 1044 et
2465 970 2572 1043 sic
2612 970 2923 1067 exponit
2973 968 3479 1043 intentionem
3540 965 3897 1038 Philoso-

2357 1087 2488 1185 phi
2550 1087 2641 1161 de
2713 1089 2856 1160 hac
2934 1086 3274 1160 materia.
3341 1083 3593 1157 Primo
3654 1080 3891 1178 igitur

2355 1210 2470 1276 est
2510 1202 2701 1276 ratio
2745 1211 2974 1291 recta,
3027 1209 3100 1275 et
3156 1208 3268 1276 est
3311 1201 3429 1274 lex
3474 1207 3772 1272 natura}
3813 1194 3890 1269 in

2356 1317 2778 1411 intellectu,
2833 1317 3038 1414 quod
3100 1313 3479 1414 superiori
3539 1322 3652 1387 est
3708 1312 3896 1385 obe-

2356 1433 2750 1507 diendum.
2798 1433 3093 1508 Deinde
3162 1432 3305 1506 sub
3375 1432 3541 1525 lege
3596 1439 3896 1502 naturae

2357 1550 2449 1624 de
2509 1549 2952 1647 particulari
2995 1546 3256 1645 agibili
3311 1547 3439 1620 ille
3491 1555 3607 1619 est
3662 1568 3896 1641 supe-

2357 1666 2540 1759 rior,
2599 1676 2673 1741 et
2734 1665 3215 1740 concluditur
3273 1663 3476 1761 quod
3544 1661 3717 1736 huic
3759 1671 3897 1736 ‘est

2356 1784 2900 1858 obediendum.
2945 1782 3238 1857 Deinde
3303 1781 3652 1880 sequitur
3699 1803 3898 1854 onus

2357 1900 2799 1996 impositum
2886 1897 3298 1973 voluntati.
3380 1897 3674 1971 Deinde
3753 1919 3896 1969 vo-

2357 2018 2615 2090 luntas
2683 2019 2909 2114 plane
2979 2014 3192 2111 eligit
3249 2014 3613 2088 dictatum
3675 2038 3720 2087 a
3787 2035 3897 2086 ra-

2356 2133 2591 2207 tione.
2638 2133 2933 2207 Deinde
2995 2131 3078 2205 fit
3128 2130 3205 2204 in
3253 2153 3344 2205 ea
3392 2129 3888 2204 conscientia.

2454 2248 2692 2322 Aliter
2764 2258 3013 2322 tamen
3071 2246 3442 2342 intellig0‚
3489 2246 3693 2343 quod
3753 2245 3896 2320 ista
4058 2215 4126 2285 4·

2357 2364 2509 2439 sint
2596 2365 2955 2464 ponenda
3030 2365 3103 2438 in
3179 2363 3597 2456 intellectu,
3689 2363 3892 2461 quod
3928 2330 4260 2468 ηζζιῖἶζῖξ.

2355 2482 2603 2579 primo
2631 2482 2962 2556 declaro.
2991 2480 3102 2556 De
3146 2504 3225 2555 re
3257 2481 3422 2577 ipsa
3456 2503 3607 2553 nou
3643 2481 3892 2553 solum
3927 2457 4256 2570 ἱζᾟῗωξᾞὲι

2358 2598 2792 2672 intellectus
2825 2599 3052 2672 habet
3084 2596 3602 2693 cognitionem
3637 2620 3773 2694 per
3813 2620 3892 2671 se
3925 2582 4259 2709 {ffiuffd‘f}

2358 2716 2449 2789 de
2554 2714 2950 2813 principiis
3043 2713 3670 2812 speculabilibus‚
3762 2715 3892 2789 sed
3926 2711 4178 2835 &st-4⁸3
4210 2712 4259 2820 ᾗ·

2358 2832 2582 2907 etiam
2616 2833 2707 2906 de
2742 2855 2877 2930 per
2908 2856 2988 2906 se
3022 2830 3420 2930 principiis
3451 2831 3892 2927 agibilibuS,
4104 2811 4114 2821 ⁸
4184 2811 4195 2820 ’

2359 2972 2534 3047 quae
2575 2959 2755 3023 sunt
2795 2973 2932 3048 per
2980 2973 3061 3024 se
3107 2957 3289 3023 nota
3329 2947 3407 3022 in
3449 2949 3580 3022 illo
3614 2973 3897 3045 genere

2359 3065 2562 3139 notis
2597 3065 2970 3159 terminiS‚
3008 3066 3191 3163 quia
3234 3063 3480 3163 prima
3523 3065 3902 3166 principia

2361 3181 2673 3278 agibilia
2713 3206 2866 3256 non
2912 3193 3234 3279 possunt
3275 3184 3448 3279 plus
3491 3183 3770 3257 resolvi
3823 3183 3899 3257 in

2362 3296 2738 3396 principia
2782 3298 3308 3395 speculabilia‚
3356 3321 3584 3395 quam
3632 3322 3671 3372 e
3714 3321 3900 3373 con-

2362 3424 2502 3506 tra,
2547 3414 2679 3488 sed
2734 3424 2914 3488 sunt
2964 3414 3212 3511 prima
3285 3424 3358 3489 et
3417 3438 3551 3511 per
3590 3439 3670 3489 se
3722 3425 3904 3490 nota

2361 3529 3038 3627 correspondentia
3128 3529 3277 3626 legi
3346 3539 3670 3605 naturae.
3753 3530 3902 3605 Sed

2363 3646 2648 3720 dictum
2686 3655 2799 3721 est
2845 3646 3061 3745 prius
3092 3647 3298 3743 quod
3339 3649 3699 3721 voluntas
3741 3671 3897 3722 non

2364 3762 2800 3837 necessario
2836 3762 3074 3836 tendit
3106 3762 3185 3835 in
3219 3761 3451 3836 finem
3500 3772 3897 3837 ostensum

2362 3878 2665 3973 viatori,
2719 3879 2903 3976 quia
2970 3902 3121 3952 non
3175 3887 3423 3977 potest
3474 3879 3762 3977 aliquid
3830 3878 3899 3954 ei

2364 3994 2465 4068 ita
2512 3997 2715 4069 clare
2777 3994 3103 4088 ostendi,
3175 3994 3356 4068 dum
3435 4006 3548 4070 est
3615 3995 3692 4069 in
3744 3995 3893 4087 via,

2362 4113 2551 4209 quin
2611 4111 2853 4209 possit
2906 4113 3050 4185 hoc
3118 4135 3270 4185 non
3341 4113 3602 4199 velle;
3667 4112 3902 4209 igitur

2361 4251 2515 4300 non
2578 4236 2692 4302 est
2767 4217 3079 4324 aliquod
3146 4226 3251 4301 ita
3315 4228 3630 4321 malum,
3694 4229 3902 4325 quod

2362 4344 2600 4443 possit
2667 4343 2813 4418 sibi
2865 4342 3194 4438 ostendi,
3258 4353 3332 4417 et
3401 4342 3545 4418 sub
3604 4344 3900 4421 ratione

2362 4460 2541 4534 mali
2612 4469 3329 4559 quantumcumque
3398 4460 3587 4553 noti,
3643 4484 3689 4535 a
3746 4485 3899 4559 quo

2359 4577 2796 4652 necessario
2902 4576 3328 4650 dissentiat.
3428 4576 3596 4651 Non
3691 4578 3895 4652 enim

2362 4696 2590 4769 habet
2629 4694 3067 4769 necessario
3098 4694 3309 4769 nolle
3352 4706 3700 4793 respectu
3737 4719 3901 4771 ma-

2359 4812 2412 4887 li
2444 4811 2632 4904 noti,
2668 4834 2811 4885 nec
2855 4809 3051 4885 velle
3092 4820 3440 4908 respectu
3495 4812 3675 4886 boni
3704 4835 3900 4910 qua-

2361 4927 2869 5024 litercumque
2940 4926 3224 5021 cogniti
3288 4926 3367 5000 in
3436 4927 3605 5019 via3
3668 4927 3903 5024 igitur

2358 5042 2547 5116 illud
2614 5064 2765 5139 quo
2833 5041 3267 5116 necessario
3359 5051 3472 5116 est
3535 5065 3901 5119 assensus

2359 5162 2589 5255 bono,
2649 5161 2791 5234 erit
2841 5161 2916 5233 in
2971 5161 3390 5235 intellectu,
3457 5162 3899 5237 intellectus

2357 5278 2560 5352 enim
2616 5286 2864 5375 potest
2908 5277 3170 5351 videre
3212 5276 3594 5375 principia
3633 5276 3711 5351 in
3772 5279 3898 5352 lu-

2357 5394 2564 5467 mine
2643 5392 3028 5486 naturali3
3087 5393 3371 5490 quibus
3456 5393 3894 5469 necessario

2356 5510 2698 5595 assentit,
2746 5518 2819 5582 et
2849 5508 3505 5604 conclusionibuS‚
3544 5534 3737 5608 quas
3777 5512 3897 5587 vi-

2356 5626 2481 5701 det
2511 5624 2945 5701 necessario
2979 5625 3225 5724 sequi.
