4295 6326
1346 439 1571 506 DIST.
1623 434 1947 506 XXXlV.
2000 433 2420 515 QUAESTto
2471 435 2706 504 UNIC.

461 609 602 665 ditia
639 628 652 678 ;
684 616 742 665 et
772 611 1045 667 fortitudo
1068 612 1146 668 ibi
1174 629 1195 669 .·
1224 612 1381 668 Beati
1427 612 1524 684 qui
1567 608 2001 683 persecutionem

458 700 771 771 patiuntur,
802 703 901 757 etc.
938 703 1102 772 Item,
1136 706 1252 758 tres
1282 702 1506 773 species
1548 699 1824 766 hstium,
1854 698 2001 753 ami·

463 790 620 856 citis,
683 792 1069 865 praesidentia,
1153 791 1575 849 misericordia.
1654 796 1798 846 Item
1876 788 2002 844 duae

464 879 846 952 Theologieae,
880 897 1013 954 spes
1043 889 1100 938 et
1130 882 1398 938 charitas.
1433 881 1747 937 Prudentia
1778 890 1832 935 et
1865 880 2005 933 tides

464 986 579 1025 nou
603 972 1012 1044 exprimuntur
1044 974 1192 1028 iuter
1225 972 1633 1039 beatitudines,
1666 972 1766 1027 sed
1799 986 2009 1042 suppo-

465 1073 703 1130 nuntur,
737 1063 873 1135 quia
905 1064 1032 1120 sine
1063 1065 1146 1121 eis
1180 1081 1294 1121 nou
1327 1068 1574 1135 possunt
1600 1079 1731 1117 esse
1761 1061 2006 1115 virtutes

464 1153 782 1226 appetitivi.
822 1154 895 1210 De
926 1154 1019 1211 his
1068 1156 1195 1212 vide
1238 1155 1303 1211 D.
1352 1155 1665 1211 Bouaveut.
1720 1149 2004 1221 Breviloq.

469 1248 617 1314 part.
640 1244 695 1298 5.
729 1260 854 1316 cap.
888 1244 940 1298 4.
968 1244 1022 1299 5.
1056 1248 1113 1299 et
1139 1245 1195 1299 6.
1223 1248 1280 1299 et
1308 1243 1404 1300 hic
1435 1248 1546 1301 art.
1569 1260 1609 1300 1.
1653 1247 1857 1315 quaest.
1888 1256 1928 1295 1.
1952 1244 2010 1293 et

467 1332 532 1388 D.
564 1332 843 1390 Thom.1.
874 1334 928 1389 2.
954 1339 1155 1405 quaest.
1199 1334 1287 1389 69.
1323 1338 1429 1389 art.
1464 1350 1502 1389 1.
1548 1334 1715 1390 docet
1762 1331 2009 1387 beatitu-

466 1423 636 1479 dines
669 1439 781 1480 non
827 1439 958 1480 esse
1021 1423 1267 1492 babitus,
1325 1423 1425 1480 sed
1486 1427 1652 1479 aetus
1682 1420 2007 1486 virtutum;

467 1516 568 1572 sed
601 1532 736 1573 cum
768 1517 927 1573 cutia
966 1533 1079 1572 uon
1126 1516 1242 1574 sint
1291 1514 1754 1588 multiplicanda,
1803 1512 2011 1569 Scotus

471 1606 756 1663 tenendus
786 1611 894 1673 est,
926 1623 1093 1677 quem
1127 1614 1452 1679 sequuntur
1488 1609 1753 1661 Doctores
1794 1599 2010 1658 citandi

473 1695 703 1753 Scholio
735 1697 1018 1768 sequenti.

154 1906 164 1916 ‘
260 1873 325 1938 9·
577 1885 914 1961 Ulterius
956 1885 1049 1960 ad
1080 1883 1498 1959 videndum
1539 1884 1632 1959 de
1684 1883 2017 1959 beatitu-

122 1986 449 2112 ἰᾚάῗξῗ
478 2001 817 2093 dinibus,
862 1999 1085 2074 donis
1139 2011 1212 2074 et
1271 1999 1671 2091 fructibus,
1746 2006 2020 2072 notan-

127 2110 447 2238 gggggussg,
477 2120 660 2193 dum
694 2118 897 2216 quod
942 2129 1092 2192 tres
1140 2117 1462 2191 virtutes
1520 2117 1849 2190 morales
1890 2138 2020 2190 ac-

149 2237 428 2287 20‘m0d38·
478 2236 810 2334 quisitae,
848 2235 1139 2310 scilicet
1172 2235 1557 2324 sortitudO,
1595 2244 2024 2331 temperan-

475 2355 607 2447 tia,
642 2353 967 2450 justitia,
1004 2361 1185 2427 sunt
1217 2375 1503 2448 genera
1534 2350 2015 2443 intermedia,

479 2495 657 2544 nam
700 2469 947 2568 prima
999 2466 1630 2564 concupiscibilia
1661 2466 2020 2541 videntur

481 2611 648 2662 esse
674 2587 855 2678 duo,
892 2585 1181 2659 scilicet
1215 2585 1488 2677 honor,
1526 2594 1599 2659 et
1631 2587 2013 2682 voluptaS,

480 2706 598 2779 vel
641 2701 1042 2777 delectatio
1084 2700 1340 2775 stricte
1392 2710 1720 2798 sumpta.
1781 2701 2017 2776 Aliter

480 2818 819 2917 ponitur,
866 2815 1068 2914 quod
1113 2815 1357 2913 primo
1408 2815 1697 2890 bonum
1732 2839 2019 2890 conve-

482 2934 704 3030 niens
747 2936 867 3009 vel
909 2942 1022 3007 est
1063 2934 1469 3007 honesturn
1524 2933 1639 3005 vel
1683 2933 2019 3007 delecta-

480 3051 656 3127 hile.

575 3168 770 3243 Utile
812 3176 1067 3242 autem
1110 3190 1261 3239 non
1307 3175 1420 3240 est
1453 3166 1699 3264 primo
1732 3188 2018 3240 conve-

476 3287 726 3380 niens,
786 3285 970 3384 quia
1025 3309 1179 3358 non
1251 3284 1658 3382 appetitur,
1733 3282 1879 3356 nisi
1939 3284 2013 3356 in

474 3403 752 3477 ordine
782 3402 878 3476 ad
909 3401 1143 3476 aliud.
1176 3401 1382 3474 Idem
1411 3400 1797 3474 concludit
1830 3399 2017 3473 illud

478 3524 749 3623 primae
786 3524 1010 3596 Joan.
1086 3522 1155 3595 2.
1208 3520 1448 3595 Omne
1515 3521 1721 3619 quod
1774 3528 1885 3595 est
1936 3521 2018 3594 in

480 3639 793 3726 munde,
875 3648 1017 3712 etc.
1093 3637 1736 3735 Concupiscentia
1810 3639 2015 3712 enim

480 3760 909 3849 oculorum,
971 3764 1052 3830 ut
1121 3755 1424 3853 respicit
1485 3755 1814 3846 divitiae,
1896 3757 2019 3830 in·-

484 3884 856 3975 quautum
892 3884 1072 3949 sunt
1102 3875 1387 3948 bonum
1429 3873 1636 3967 utile,
1670 3897 1824 3947 non
1878 3899 2019 3971 po-

484 4006 629 4071 test
688 4018 855 4070 esse
917 3994 1199 4091 prima;
1246 3993 1705 4089 inquantum
1769 4004 2020 4067 tamen

485 4121 665 4185 sunt
738 4112 1024 4184 bonum
1108 4107 1583 4199 delectabile,
1703 4117 2024 4204 possunt

487 4229 733 4327 primo
766 4224 1236 4322 concupisci.

136 4340 456 4468 {gffi‘gifflffi
587 4345 805 4419 Unde
862 4343 1107 4441 primo
1186 4342 1781 4440 concupiscibile
1848 4351 2029 4417 sunt

164 4468 433 4581 ξὲιῖῡῖαξῑ
488 4466 669 4557 duO,
716 4465 966 4537 honor
1006 4460 1535 4537 etdelectatio.

287 4543 321 4593 p
412 4568 422 4578 ’
588 4581 806 4655 Unde
850 4579 1117 4677 primae
1150 4578 1446 4676 species
1484 4579 2030 4675 temperantiae,

493 4721 669 4796 quae
729 4695 1230 4771 moderantur
1295 4694 1499 4769 circa
1554 4695 2035 4793 concupisci-

496 4817 677 4909 bile,
760 4821 940 4888 sunt
1009 4812 1208 4886 duae.
1314 4811 1502 4897 Quae
1593 4813 2036 4887 moderatur

496 4931 697 5005 circa
770 4931 1130 5021 honores,
1229 4926 1508 5001 dicitur
1575 4929 2028 5021 humilitas;

491 5071 667 5146 quae
702 5046 902 5120 eirca
934 5046 1396 5137 voluntateS,
1447 5044 1719 5119 retinet
1753 5069 2033 5121 nomen

490 5164 825 5263 generis,
880 5171 955 5237 et
1020 5171 1205 5259 quot
1282 5172 1603 5259 possunt
1661 5187 1829 5238 esse
1902 5190 2039 5237 vo-

494 5283 824 5378 luptates
902 5277 1280 5351 distinctae
1344 5277 1627 5374 specie,
1701 5287 1807 5351 tot
1874 5302 2040 5375 pos-

494 5407 674 5472 sunt
714 5420 881 5470 esse
920 5393 1215 5491 species
1262 5395 1811 5490 temperantiae.
1851 5395 2040 5481 Quae

496 5523 752 5587 autem
798 5518 980 5585 sunt
1011 5506 1305 5606 species
1348 5507 1839 5602 fortitudinis,
1885 5533 2037 5583 non

493 5636 793 5726 oportet
828 5634 1130 5699 tantum
1182 5623 1591 5720 explicare,
1638 5625 1821 5723 quia
1887 5648 2042 5699 non

3530 439 3654 505 527

2113 607 2457 704 tangitur
2524 608 2698 695 alia,
2760 608 2908 682 nisi
2973 608 3328 683 fortitudo
3397 609 3475 682 in
3545 632 3656 695 se,

2115 724 2237 797 vel
2309 723 2702 820 patientia,
2774 724 2867 798 de
2960 746 3113 820 qua
3165 724 3450 797 dictum
3513 732 3652 809 est,

2116 839 2324 938 quod
2356 847 2468 914 est
2525 839 3003 914 nobilissima
3052 839 3437 926 fortitudO,
3486 863 3661 938 quae

2117 979 2273 1030 non
2317 956 2643 1053 repellit,
2705 956 2808 1030 ita
2843 956 3046 1053 quod
3088 965 3202 1031 est
3240 956 3660 1054 quoddam,

2106 1073 2583 1171 permittere,
2608 1073 2801 1170 pati,
2833 1072 3056 1166 velle,
3084 1074 3201 1148 vel
3245 1096 3399 1147 non
3431 1074 3667 1171 impe-

2119 1191 2314 1267 dire.

2217 1320 2427 1392 Tunc
2520 1317 2719 1410 dico,
2818 1318 3024 1415 quod
3111 1317 3651 1410 beatitudineS,
3809 1322 3912 1390 10.

2123 1458 2315 1534 quas
2347 1436 2562 1533 ponit
2599 1435 2976 1529 Salvator,
3029 1434 3306 1510 Matth.
3361 1436 3430 1509 5.
3478 1447 3658 1511 sunt
3755 1446 3979 1522 collatio

2122 1552 2352 1628 iidem
2399 1552 2706 1626 habitus
2740 1575 2914 1626 cum
2983 1552 3373 1627 habitibus
3412 1554 3660 1626 virtu·
3692 1516 4010 1653 αἶᾪᾞέεῗῧ-

2124 1677 2315 1742 tum.
2360 1668 2644 1743 Tamen
2688 1668 3105 1765 aliquando
3165 1670 3665 1745 nominantur
3693 1639 3993 1698 mmmbus.

2125 1785 2423 1884 species
2454 1785 2946 1883 specialiores
2988 1785 3389 1879 virtutum,
3435 1810 3664 1884 quam

2127 1911 2536 1976 sumantur
2567 1900 2641 1973 in
2689 1924 3010 1976 numero
3043 1903 3478 1998 septenario
3510 1903 3673 1977 vir-

2128 2025 2378 2090 tutum
2422 2016 2934 2091 communiter
2977 2017 3393 2113 assignata

2228 2133 2419 2207 Nam
2503 2134 2696 2207 duas
2781 2133 3076 2231 species
3146 2134 3671 2231 temperantiae

2130 2258 2533 2325 enumerat
2589 2249 2941 2323 Salvator
3004 2249 3203 2324 inter
3257 2246 3673 2325 beatitudi-

2130 2388 2322 2457 nes;
2384 2363 2923 2457 humilitatem,
2989 2387 3165 2462 quae
3237 2366 3673 2440 moderatur

2134 2483 2492 2570 honoreS,
2521 2504 2696 2555 eum
2731 2480 2913 2553 dicit
2956 2504 2971 2555 :
3019 2481 3249 2556 Beati
3289 2478 3673 2580 pauperes

2128 2600 2445 2698 spiritu,
2519 2599 2591 2671 id
2675 2608 2824 2691 est,
2903 2598 3086 2673 recti
3163 2609 3235 2672 et
3319 2600 3674 2674 timentes

2129 2718 2408 2810 Deum,
2480 2727 2554 2792 et
2621 2740 2773 2790 non
2842 2716 3214 2792 habentes
3273 2716 3669 2793 inflantem

2127 2834 2511 2932 spiritum,
2605 2833 3030 2908 secundum
3117 2835 3663 2931 Augustinum.

2122 2950 2372 3025 Aliam
2415 2949 2747 3047 speciem
2799 2948 3321 3045 moderantem
3388 2952 3667 3050 volup-

2127 3075 2319 3141 tates
2350 3066 2425 3139 in
2471 3065 2891 3157 communi,
2920 3065 3300 3163 exprimit,
3346 3066 3653 3143 dicens:
3693 3112 3996 3177 Explicatur

2122 3184 2357 3258 Beati
2395 3182 2677 3257 mundo
2724 3182 2973 3256 corde.
3041 3182 3170 3257 Mu
3188 3184 3423 3259 nditia
3454 3185 3659 3259 enim
3694 3177 3986 3290 b‘ffiffffi‘ff

2126 3300 2377 3376 cordis
2416 3309 2531 3374 est
2583 3299 3032 3374 immunitas
3086 3301 3506 3376 voluntatis
3568 3303 3661 3376 ab
3696 3301 4020 3429 igjggiffttn·

2126 3416 2337 3491 omni
2371 3415 2804 3490 inordinata
2845 3414 3243 3492 affectione
3303 3427 3376 3492 et
3433 3418 3667 3493 dilec-
3803 3433 3896 3480 ῑεε·

2130 3532 2361 3618 tione,
2435 3542 2586 3605 tam
2665 3530 2958 3605 ratione
3036 3531 3155 3605 sui
3230 3556 3461 3630 quam
3544 3558 3669 3609 ra-

2126 3650 2334 3723 tione
2368 3647 2750 3745 appetitus
2778 3647 3155 3741 sensitivi,
3200 3649 3324 3723 cui
3358 3651 3675 3748 conjun-

2129 3765 2358 3861 gitur.
2400 3763 2952 3838 Fortitudinem
2997 3764 3355 3861 exprimit
3412 3766 3489 3838 in
3534 3791 3675 3841 sua

2131 3881 2384 3980 specie
2416 3880 2996 3977 perfectissima,
3040 3880 3144 3953 ibi
3183 3906 3198 3954 :
3243 3882 3497 3971 Beati,
3545 3883 3681 3981 qui

2121 3998 2733 4097 persecutionem
2854 3997 3260 4095 patiuntur
3357 4006 3680 4098 propter

2116 4114 2535 4214 justitiam.
2568 4114 2608 4186 J
2621 4113 2898 4188 ustitiae
2940 4113 3296 4212 exprimit
3333 4123 3483 4190 tres
3517 4139 3680 4214 spe-

2137 4229 2320 4323 cieS,
2418 4254 2650 4304 unam
2726 4229 3067 4326 quidem,
3159 4254 3334 4328 quae
3420 4240 3534 4306 est
3602 4231 3678 4304 in

2135 4346 2779 4422 communicando
2822 4345 3159 4443 seipsum
3220 4371 3357 4444 per
3414 4348 3682 4422 amici-

2141 4463 2347 4555 tiam,
2430 4486 2605 4536 cum
2666 4461 2897 4535 dicit:
2970 4460 3206 4536 Beata·
3277 4463 3524 4556 micea,
3602 4464 3680 4537 in

2139 4581 2281 4653 hac
2326 4579 2644 4654 minima
2675 4579 2926 4677 specie
2961 4580 3398 4676 exprimens
3438 4582 3677 4675 illam,

2139 4719 2295 4793 qua
2344 4695 2517 4792 quis
2585 4694 3104 4769 communicat
3136 4719 3215 4769 se
3285 4697 3678 4794 proxim03

2140 4812 2396 4902 aliam,
2435 4835 2608 4910 quae
2641 4811 3008 4885 dividitur
3077 4812 3149 4884 in
3223 4813 3688 4888 dominatio-

2143 4952 2319 5003 nem
2352 4930 2637 5025 justam
2682 4940 2755 5003 et
2803 4927 3390 5023 subjectionem,
3436 4931 3688 5029 expri-

2143 5045 2280 5118 mit
2342 5070 2475 5142 per
2527 5045 2715 5118 illud
2764 5071 2779 5121 :
2854 5045 3086 5119 Beati
3142 5045 3479 5143 pacifici.
3529 5049 3689 5121 Pax

2145 5162 2431 5259 quippe
2460 5173 2810 5237 servatur
2872 5162 2948 5234 in
2987 5162 3128 5236 hoc
3172 5164 3372 5260 quod
3421 5164 3692 5262 praesi-

2145 5278 2354 5352 dens·
2398 5290 2595 5355 reete
2633 5278 2850 5374 regit,
2914 5289 2989 5351 et
3066 5279 3417 5354 subditus
3487 5290 3686 5355 recte

2149 5394 2430 5468 obedit.
2507 5395 2829 5470 Tertiam
2916 5393 3246 5490 speciem
3312 5408 3685 5493 quantum

2151 5510 2247 5582 ad
2281 5510 2736 5585 exteriorem
2792 5508 3510 5585 communicandam
3558 5536 3694 5586 ex-

2152 5624 2412 5723 primit
2453 5626 2556 5700 ibi
2605 5650 2621 5700 ε
2673 5624 2903 5699 Beati
2938 5624 3499 5704 misericorde&
3548 5628 3696 5701 Per
