4295 6326
657 449 787 522 200

2101 459 2337 530 LlBRI
2387 454 2471 522 11.

1007 944 2352 1150 DISTINCTIO
2515 889 3519 1146 xxxvut.

1074 1649 1475 1730 QUAESTto
1516 1649 1809 1716 UNICA.

670 1833 914 1898 Utrum
1009 1825 1303 1897 intentio
1381 1828 1475 1894 sit
1564 1836 1761 1894 actus
1825 1825 2207 1895 voluntatis

1006 1935 1185 2005 circa
1209 1938 1425 2024 finem
1472 1936 1805 2004 ultimum
1836 1939 1871 2003 P

661 2130 859 2187 Ateus.
889 2131 944 2185 2.
978 2145 1032 2201 p.
1061 2145 1112 2201 q.
1151 2130 1270 2185 106.
1307 2147 1377 2184 m.
1414 2146 1453 2185 1.
1484 2130 1539 2184 2.
1572 2129 1803 2201 0²3·l⁰·
1836 2129 2043 2184 Thom.
2079 2145 2118 2184 ι
2151 2128 2245 2184 2.

734 2219 786 2273 q.
818 2203 903 2259 12.
936 2203 1128 2258 ανε.2.
1161 2202 1567 2272 ethicq...1a
1599 2202 1651 2256 A.
1688 2205 1750 2254 D.
1789 2201 1997 2256 Bonav.
2043 2217 2097 2258 a.
2152 2203 2205 2256 2.

734 2290 786 2345 q.
849 2265 904 2330 2.
960 2273 1228 2329 Richard.
1286 2277 1392 2328 art.
1448 2272 1501 2328 3.
1542 2288 1613 2398 ff.
1673 2275 1726 2326 2.
1774 2271 2033 2328 Durand.
2069 2275 2207 2354 (1.2.

734 2345 913 2473 (ὅὲξὲ.
947 2360 999 2417 q.
1050 2362 1088 2400 1.
1140 2343 1318 2416 Vasq.
1370 2360 1410 2399 1.
1459 2345 1513 2399 2.
1582 2359 1682 2416 up.
1718 2344 1804 2401 40.
1839 2344 1992 2401 Seot.
2029 2288 2119 2400 hic
2147 2342 2210 2399 in

458 2626 520 2697 1·
764 2590 984 2665 Circa
1076 2589 1644 2664 distinctionem
1736 2589 2206 2687 trigesimam

317 2744 395 2795 Ad
424 2757 636 2815 ..argum
669 2718 1019 2784 octavam
1077 2709 1510 2805 quaeritur:
1566 2709 1838 2783 Utrum
1887 2710 2208 2784 intentae

358 2820 608 2871 prmum.
667 2826 768 2899 sil
806 2833 1016 2900 actus
1075 2825 1313 2899 solius
1386 2823 1802 2899 voluntatis
1866 2834 2210 2922 respectu

669 2941 853 3040 finis
916 2940 1249 3015 ultimi?
1300 2940 1519 3028 Quod
1596 2964 1779 3014 non.
1854 2942 2210 3017 Secundo

676 3057 982 3155 Physic.
1028 3065 1207 3131 text.
1245 3056 1365 3129 49.
1403 3055 1642 3131 Omne
1684 3081 1915 3155 aqens
1935 3081 2083 3155 per
2132 3082 2212 3132 se

672 3177 833 3274 assit
857 3181 1177 3272 propter
1229 3173 1854 3272 finem;agentia
1911 3186 2214 3251 natura·

671 3294 773 3368 lia
805 3302 985 3367 sunt
1028 3293 1334 3389 agentia
1365 3316 1501 3390 per
1557 3317 1637 3367 se
1675 3322 1693 3388 3
1730 3294 1965 3390 igitur
2032 3294 2214 3368 talia

668 3410 996 3483 tendunt
1026 3409 1102 3482 in
1129 3407 1397 3499 finem3
1436 3432 1586 3483 non
1624 3408 1856 3505 igitur
1886 3412 2049 3485 sola
2086 3434 2213 3484 vo·

675 3528 955 3602 luntas,

770 3643 986 3737 Item,
1066 3642 1546 3739 Augustinus
1598 3643 1713 3716 12.
1771 3644 1864 3718 de
1939 3642 2203 3718 Trinit.

669 3782 835 3855 cap.
873 3757 943 3830 2.
1005 3757 1189 3834 Non
1239 3763 1351 3831 est
1384 3757 1577 3831 visio
1628 3757 1988 3832 distincta
2041 3759 2210 3832 sine

667 3874 1090 3948 intentione
1121 3872 1524 3971 copulante
1567 3902 1586 3967 3
1642 3874 1837 3948 visio
1879 3899 2033 3949 non
2096 3888 2208 3949 est

666 4001 884 4064 actus
922 3988 1342 4064 voluntatis
1377 4016 1392 4077 ;
1430 3990 1664 4085 igitur
1717 3989 2040 4065 intentio
2083 4015 2210 4088 po·

666 4116 812 4180 test
854 4128 1021 4181 esse
1062 4105 1307 4203 ipsius
1334 4106 1796 4181 intellectus.

768 4230 985 4316 Item,
1053 4223 1326 4296 Matth.
1401 4222 1470 4294 6.
1548 4224 1647 4297 Si
1719 4222 1982 4298 oculus
2035 4231 2209 4299 tetus

665 4340 1002 4439 simplem
1043 4340 1311 4437 fuerit,
1382 4346 1619 4414 totam
1689 4363 1961 4437 corpus
2027 4341 2209 4417 lucz·-

666 4459 850 4533 dnm
883 4458 1051 4531 erit.
1111 4457 1404 4531 Lumen
1461 4456 1791 4554 pertinet
1830 4458 1923 4530 ad
1994 4459 2209 4533 intel-

670 4577 1005 4667 lectum3
1051 4573 1285 4668 igitur
1341 4572 1663 4646 intentio
1696 4596 1849 4646 non
1902 4584 2017 4647 est
2093 4599 2208 4649 so-

669 4692 818 4766 lius
856 4690 1300 4765 voluntatis.

765 4812 981 4896 Item,
1026 4807 1088 4882 si
1123 4817 1323 4882 esset
1361 4809 1609 4883 solum
1638 4818 1981 4906 respectu
2030 4809 2207 4884 finis

667 4921 943 5005 ultimi,
990 4945 1143 4994 non
1179 4931 1381 4995 esset
1449 4931 1794 5017 respectu
1859 4922 2200 4996 alterius.

664 5044 1165 5138 Consequens
1198 5048 1311 5115 est
1344 5040 1648 5133 falsum,
1694 5040 1877 5137 quia
1924 5043 2208 5114 volun-

663 5168 776 5232 tas
829 5157 1148 5231 intendit
1221 5155 1449 5230 finem
1524 5155 2072 5254 propinquum,
2132 5166 2207 5231 et

662 5301 815 5349 non
877 5276 1127 5348 solum
1201 5273 1583 5346 ultimum.
1661 5273 1953 5347 Prceter
2029 5275 2199 5366 hoc,

659 5394 927 5468 eodem
970 5402 1143 5466 actu
1205 5393 1368 5463 vult
1421 5388 1682 5480 finem,
1729 5400 1802 5464 et
1868 5414 1960 5465 ea
2026 5414 2203 5487 quae

655 5518 835 5583 sunt
874 5508 968 5581 ad
1001 5505 1261 5579 finem.

754 5622 1237 5723 Oppositum,
1281 5619 1649 5716 Magister
1679 5619 1755 5691 in
1805 5620 2052 5696 littera
2092 5621 2198 5694 di-

383 3646 579 3696 Secun-

417 3709 570 3761 dum.

349 4280 601 4334 Tertium.

330 4856 604 4916 Quartum.

365 5670 577 5724 Contra.

2323 1405 2425 1479 cit
2482 1403 2687 1501 quod
2770 1403 3012 1476 multa
3076 1402 3465 1493 volumus,
3560 1406 3872 1496 propter

2323 1543 2499 1619 quae
2541 1521 2691 1595 alia
2720 1521 3107 1594 volumus,

2905 1773 3284 1831 SCHOLIUM.

2389 1928 2696 1985 Conclusio
2728 1931 2817 1984 est
2848 1927 3210 1992 affirmativa,
3247 1925 3494 1998 requirit.
3525 1929 3720 1980 tamen
3772 1923 3865 1978 in-

2318 2021 2500 2077 tentio
2531 2028 2722 2076 actum
2757 2018 3102 2076 intellectus.
3137 2016 3658 2089 Actuejcollativus
3690 2014 3865 2071 medii

2318 2111 2387 2166 ad
2450 2109 2622 2164 finem
2680 2109 2820 2164 forte
2881 2108 3050 2165 habet
3106 2108 3252 2163 duos
3310 2106 3455 2163 alios
3511 2111 3679 2162 actus
3710 2105 3866 2162 circa

2317 2208 2570 2257 extrema
2609 2198 2957 2255 collationi&
3006 2199 3066 2256 si
3108 2214 3222 2254 uno
3281 2203 3412 2254 actu
3473 2197 3748 2252 tendatur
3805 2196 3862 2251 in

2320 2289 2577 2347 medium
2601 2294 2658 2344 et
2688 2289 2887 2359 finem,
2921 2290 3031 2345 erit.
3061 2288 3234 2346 simul
3263 2289 3506 2346 intentio
3536 2294 3595 2346 et
3623 2304 3790 2344 usus,

2416 2472 2603 2546 Dico
2646 2470 2741 2543 ad
2800 2469 3308 2566 quaestionem
3343 2470 3548 2567 quod
3612 2470 3865 2544 inlen-

2319 2592 2499 2666 dere
2530 2587 2836 2686 proprie
2878 2596 2993 2661 est
3034 2587 3111 2659 in
3166 2588 3376 2661 aliud
3412 2587 3752 2672 tendere,
3790 2593 3866 2659 et

2320 2712 2463 2783 hoc
2499 2705 2719 2779 modo
2753 2703 3277 2802 principaliter
3331 2714 3445 2779 est
3502 2703 3864 2802 potentia}

2321 2825 2612 2916 liberae,
2658 2846 2833 2897 cum
2867 2845 3051 2895 vero
3088 2821 3323 2897 libere
3362 2823 3561 2896 velle
3603 2822 3700 2896 sit
3747 2830 3868 2894 to-

2320 2942 2474 3016 tius
2515 2939 2737 3013 liberi
2768 2938 3064 3012 arbitrii
3118 2939 3322 3035 quod
3394 2938 3717 3013 includit
3747 2937 3867 3010 in-

2324 3059 2706 3132 tellectum
2743 3064 2817 3128 et
2846 3056 3350 3148 voluntatem,
3388 3064 3462 3129 et
3501 3054 3610 3128 sic
3632 3053 3865 3128 totius

2322 3173 2686 3274 potentia}
2724 3172 2986 3246 liberae
3020 3170 3163 3246 erit
3187 3172 3610 3246 intendere.
3673 3170 3862 3244 Dico

2323 3292 2547 3366 etiam
2593 3289 2797 3386 quod
2839 3288 3197 3362 voluntas
3238 3289 3862 3385 potestordinare

2321 3407 2702 3503 objectum
2758 3429 2986 3479 suum
3057 3405 3149 3479 ad
3191 3406 3430 3500 aliud,
3476 3408 3659 3503 quia
3726 3433 3865 3506 po-

2322 3532 2467 3599 test
2542 3523 2821 3597 referre
2899 3545 3143 3596 unum
3201 3523 3296 3596 ad
3366 3523 3603 3617 aliud,
3666 3525 3866 3599 sicut

2322 3641 2783 3732 intellectus,
2822 3648 3133 3736 propter
3189 3639 3357 3735 ejus
3397 3640 3864 3715 immateria-

2321 3758 2606 3832 litatem
2641 3766 2713 3831 et
2743 3756 3194 3850 libertatem,
3231 3766 3305 3831 et
3334 3766 3582 3855 potest
3609 3757 3700 3831 ad
3741 3758 3866 3830 in-

2319 3875 2562 3949 vicem
2600 3896 3072 3971 comparare,
3120 3883 3194 3947 et
3224 3884 3471 3971 potest
3512 3876 3859 3950 conferre

2318 4000 2391 4067 et
2431 3991 2889 4065 discurrere.
2950 3990 3096 4064 Iste
3148 4000 3362 4065 actus
3413 4001 3663 4088 potest
3719 3993 3862 4066 du-

2318 4108 2616 4205 pliciter
2661 4107 3160 4199 considerari,
3231 4110 3354 4182 vel
3432 4111 3862 4184 secundum

2318 4226 2522 4322 quod
2566 4235 2679 4299 est
2712 4224 2893 4322 quid
2930 4224 3248 4298 volitum
3298 4228 3576 4320 solum,
3615 4231 3734 4302 vel
3783 4239 3864 4302 ut

2320 4349 2435 4415 est
2476 4349 2784 4436 propter
2824 4339 3027 4435 quod
3086 4340 3291 4413 aliud
3337 4349 3450 4415 est
3507 4342 3856 4417 volitum.

2321 4456 2482 4529 Hoc
2518 4457 3144 4541 vultAnselmuS,
3213 4456 3417 4554 quod
3494 4458 3577 4532 in
3629 4459 3861 4534 volito

2319 4582 2428 4648 est
2465 4574 2650 4648 dare
2681 4573 2871 4672 qnid
2897 4579 2971 4646 et
2997 4596 3160 4665 cur,
3197 4583 3270 4647 et
3301 4575 3506 4671 quod
3542 4576 3865 4652 refertur

2320 4691 2413 4765 ad
2467 4688 2702 4783 aliud,
2748 4688 3027 4763 dicitur
3091 4713 3304 4783 usus,
3368 4691 3477 4765 sic
3542 4691 3860 4768 intentio

2320 4808 2600 4882 dicitur
2629 4806 3045 4880 voluntatis
3099 4807 3456 4905 proprie;
3505 4811 3706 4886 unde
3741 4813 3864 4887 in-

2319 4925 2628 4999 tendere
2690 4924 2969 4998 dicitur
3053 4923 3128 4996 in
3201 4924 3409 4999 aliud
3516 4930 3853 5005 tendere.

2318 5043 2486 5116 Non
2516 5042 2718 5116 enim
2755 5042 3060 5140 proprie
3103 5041 3380 5115 dicitur
3432 5044 3854 5144 intendere,

2319 5160 2524 5255 quod
2592 5159 2687 5232 ab
2755 5159 2904 5233 alio
2974 5158 3329 5253 ducitur3
3422 5162 3597 5237 talia
3652 5166 3854 5239 enim

2322 5280 2564 5370 magis
2628 5274 3046 5347 tenduntur
3095 5297 3325 5370 quam
3376 5278 3711 5373 tendant,
3779 5293 3861 5356 ut

2317 5392 2677 5489 potentiae
2729 5394 3121 5466 naturales
3171 5406 3533 5485 mere,.et
3598 5410 3857 5496 poten-

2314 5509 2441 5581 tiae
2500 5507 2918 5581 sensitivae.
2985 5507 3133 5581 Sed
3203 5510 3544 5604 potentia
3618 5513 3860 5591 libera

2315 5622 2580 5716 tendit,
2625 5632 2699 5696 et
2763 5646 2918 5696 non
2962 5622 3271 5697 ducitur
3315 5651 3334 5717 ;
3381 5638 3660 5722 praeter
3710 5631 3857 5707 hoc
