4295 6326
48 3916 213 3939 ..v-
230 3924 243 3927 -
263 3876 349 3929 Ad
380 3885 569 3925 secun-

582 421 710 488 232

587 594 840 670 tiones
942 597 1322 673 distinctae
1443 595 2135 694 correspondentes

591 709 895 784 duobus
955 734 1129 808 qua}
1191 720 1372 786 sunt
1437 711 1513 785 in
1585 720 1787 804 actu,
1846 709 2138 784 scilicet

593 828 1045 903 substantiae
1082 838 1319 911 actus,
1354 840 1427 903 et
1459 827 1943 903 deformitati.
1984 827 2139 899 Ra-

572 933 803 1018 tione
880 944 1279 1039 libertatiS,
1360 968 1536 1042 quae
1613 954 1728 1020 est
1801 943 1879 1017 in
1942 944 2134 1040 ipsa,

601 1060 868 1135 fundat
899 1061 1245 1136 ordinem
1282 1062 1375 1136 ad
1428 1072 1678 1136 actum
1724 1060 2137 1159 positivum

600 1177 676 1250 in
708 1201 788 1251 se
818 1205 836 1271 ;
866 1177 1196 1253 libertati
1221 1189 1475 1255 autem
1510 1178 1801 1254 arbitrii
1829 1178 1904 1251 in
1939 1201 2143 1253 crea-

597 1303 798 1387 tura,
858 1318 1156 1369 annexa
1223 1306 1338 1370 est
1404 1296 1779 1383 limitatiO,
1844 1295 2140 1370 ratione

598 1410 821 1507 cujus
863 1410 1131 1485 fundat
1179 1411 1528 1487 ordinem
1571 1412 1663 1486 ad
1699 1411 2143 1487 deformita-

598 1537 747 1602 tem
792 1528 872 1601 in
916 1539 1113 1615 actu,
1148 1553 1325 1604 nam
1373 1529 1517 1605 ista
1554 1528 1908 1604 limitatio
1952 1529 2145 1604 tollit

595 1646 1171 1744 perfectionem,
1219 1671 1395 1746 quae
1454 1657 1569 1723 est
1598 1648 1676 1720 in
1724 1647 1879 1723 Deo
1907 1678 1925 1743 3
1973 1648 2143 1723 ideo

599 1762 771 1837 dico
814 1764 1015 1861 quod
1057 1773 1295 1838 totum
1333 1766 1478 1838 hoc
1510 1774 1625 1839 est
1684 1765 2146 1840 fundamen-

596 1887 761 1953 tum
795 1881 1029 1977 hujus
1073 1881 1365 1955 ordinis
1423 1882 1516 1956 ad
1569 1892 1824 1957 actum
1886 1883 1963 1956 in
2030 1906 2140 1975 se,

598 2005 674 2069 et
712 1996 805 2070 ad
849 1997 1436 2091 deformitatem,
1518 2007 1591 2072 et
1655 2000 1805 2073 tale
1863 1999 2149 2073 funda-

604 2121 976 2206 mentum,
1014 2122 1332 2188 vocatur
1351 2116 1701 2211 potentia
1734 2115 2142 2212 peccandi,

602 2236 676 2301 et
708 2228 852 2302 ista
890 2239 1004 2303 est
1035 2254 1077 2303 a
1127 2229 1315 2317 De0‚
1352 2239 1426 2305 et
1490 2239 1706 2305 actus
1765 2231 2144 2326 similiter,

248 2353 552 2468 {58⁰¹'ir'eik
604 2352 687 2416 ut
727 2352 933 2441 patet
972 2368 1208 2443 supra
1247 2345 1329 2419 in
1367 2346 1510 2420 isto
1585 2346 1920 2421 secundo
1960 2348 2010 2441 ⁶,
2078 2357 2153 2422 et

249 2431 570 2530 ·1i1qbion.'
604 2458 781 2533 licet
848 2459 1014 2558 ipsa
1106 2461 1549 2535 deformitas
1627 2463 2154 2538 concomitans

367 2541 472 2592 mc.
606 2599 762 2649 non
832 2578 926 2651 sit
986 2601 1031 2651 a
1071 2577 1258 2652 Deo.
1329 2577 1438 2653 De
1495 2581 1640 2655 hoc
1690 2603 1951 2678 quaere
2009 2582 2154 2655 ali-

605 2689 711 2765 hi.

388 2856 452 2922 3·
709 2810 855 2886 Per
887 2813 1031 2886 hoc
1057 2821 1264 2909 patet
1294 2812 1387 2887 ad
1418 2823 1960 2910 argumentum
1994 2815 2155 2913 pri-

260 2971 341 3024 Λᾶ
372 2984 574 3036 argum.
609 2952 851 3022 mum,
888 2939 1262 3026 quantum
1307 2929 1399 3003 ad
1450 2929 1953 3006 intentionem
1994 2934 2156 3006 An-

256 3034 857 3137 principa¹¹⁵·selmi,
903 3044 1086 3141 quia
1127 3068 1353 3142 posse
1412 3067 1760 3143 peccare,
1825 3055 1909 3120 ut
1975 3047 2157 3122 dicit

608 3171 885 3257 totum,
931 3187 1084 3238 non
1130 3173 1245 3239 est
1306 3188 1481 3261 pars
1548 3163 1766 3239 liberi
1826 3166 2147 3240 arbitrii.

607 3280 700 3353 Et
733 3280 874 3353 hoc
906 3281 1645 3378 probatAnselmuS,
1708 3292 1790 3356 ut
1842 3283 2154 3358 libertas

609 3406 722 3471 est
785 3399 1153 3495 perfectio
1205 3397 1680 3495 simpliciter,
1750 3408 2006 3474 tamen
2056 3402 2155 3473 lo-

613 3511 921 3608 quendo
965 3511 1056 3585 de
1116 3520 1516 3609 potestate,
1579 3534 1734 3609 qua
1796 3516 2157 3588 voluntas

613 3637 864 3726 potest
894 3649 1239 3724 peccare,
1286 3636 1401 3702 est
1464 3628 1754 3726 aliquid
1797 3629 2013 3705 liberi
2046 3653 2159 3704 ar-

617 3742 823 3816 bitrii
863 3742 1136 3817 creari.
1872 3811 1882 3820 .

716 3858 825 3931 Ad
858 3858 1316 3952 secundum,
1367 3859 1568 3956 quod
1623 3860 1957 3957 potentia
1988 3884 2160 3959 pec-

618 3975 866 4064 candi,
938 3997 1112 4072 quae
1192 3985 1307 4049 est
1375 3975 1984 4070 fundamentum,
2044 3985 2159 4050 est

613 4090 1081 4164 eminentius
1121 4089 1196 4163 in
1242 4089 1400 4165 Deo
1452 4113 1683 4188 quam
1733 4091 1810 4165 in
1854 4102 2159 4167 creatu-

609 4232 746 4302 ra3
828 4207 959 4282 sed
1014 4205 1432 4304 potentiam
1493 4207 1701 4281 illam
1771 4208 1881 4282 sic
1976 4209 2160 4283 emi-

609 4325 920 4401 nentius
953 4348 1119 4399 esse
1153 4324 1229 4396 in
1256 4322 1444 4417 De0,
1486 4347 1636 4398 non
1674 4324 1915 4399 estita
1948 4326 2155 4423 quod

611 4445 688 4518 in
735 4444 898 4542 ipso
942 4442 1040 4517 sit
1069 4440 1410 4539 potentia
1441 4441 1876 4517 immediate
1928 4443 2022 4517 ad
2067 4443 2159 4515 il-

612 4563 771 4635 lum
814 4570 1066 4633 actum
1110 4557 1480 4632 causandi
1510 4558 1583 4630 in
1629 4582 1736 4648 se,
1771 4570 1853 4632 ut
1884 4570 2158 4657 poten-

614 4675 714 4748 tia
757 4673 1117 4748 currendi
1157 4681 1271 4747 est
1310 4672 1389 4744 in
1422 4672 1612 4765 Dec,
1688 4696 1839 4747 non
1899 4683 2154 4748 tamen

618 4802 699 4865 ut
765 4792 1004 4889 possit
1062 4813 1378 4864 causare
1474 4800 1729 4864 actum
1798 4791 2158 4865 currendi

618 4909 1055 4983 immediate
1086 4907 1162 4979 in
1200 4931 1308 5000 se,
1354 4908 1482 4982 sed
1540 4908 1616 4980 in
1681 4907 1830 4981 alio
1883 4907 1954 4982 in
2004 4932 2158 5005 quo

624 5039 851 5102 natus
883 5038 996 5101 est
1036 5026 1316 5099 inesse.

722 5147 949 5219 Dices
981 5142 1185 5240 quod
1242 5141 1505 5216 eadem
1589 5144 1881 5218 ratione
1945 5153 2162 5218 actus

625 5261 994 5364 peccandi
1057 5267 1302 5357 potest
1359 5281 1525 5332 esse
1596 5259 2023 5334 eminenter
2079 5260 2157 5334 in

623 5383 811 5457 Dec.

718 5496 1179 5589 Dicendum,
1251 5494 1454 5592 quod
1507 5503 1722 5570 actus
1795 5494 2160 5593 peccandi

625 5626 998 5717 quantum
1045 5613 1135 5687 ad
1181 5613 1394 5699 illud,
1464 5613 1669 5710 quod
1740 5624 1853 5687 est
1893 5612 2163 5710 positi-

354 3939 501 3990 dum.

301 5177 561 5240 objectio·

334 5546 557 5597 Solutio.

2003 420 2246 488 mutu
2295 420 2380 487 ll.

2248 617 2461 687 vum,
2506 603 2620 670 est
2659 595 2732 667 in
2778 596 2969 689 Deo,
3044 605 3123 670 ut
3162 594 3454 669 scilicet
3483 590 3609 665 ille
3659 613 3788 664 ac-

2252 720 2373 786 tus
2406 722 2518 786 est
2544 714 3001 788 substratus.

2347 827 2456 901 Ad
2529 829 2866 923 tertium,
2913 829 3323 904 dicendum
3395 824 3602 923 quod
3663 824 3787 896 ha·
3864 842 4089 894 Λαια-

2249 943 2376 1018 het
2425 943 2772 1018 ordinem
2836 945 2929 1018 ad
2998 943 3189 1019 alias
3232 940 3636 1041 potentiaS,
3711 946 3791 1011 ut

2251 1068 2365 1134 est
2404 1060 2988 1136 fundamentum
3042 1060 3333 1135 ordinis
3362 1058 3459 1133 ad
3501 1053 3785 1147 actum,

2251 1186 2325 1251 et
2393 1185 2505 1251 est
2559 1176 2911 1276 superior
2977 1176 3357 1276 potentia3
3410 1175 3473 1250 si
3535 1182 3788 1247 tamen

2253 1303 2454 1369 esset
2493 1317 2745 1368 sermo
2785 1294 2877 1369 de
2936 1302 3088 1368 toto
3140 1294 3397 1384 simul,
3455 1301 3634 1367 tunc
3667 1313 3794 1364 ra-

2251 1410 2460 1486 tione
2493 1411 2700 1485 illius
2726 1410 3085 1509 privativi
3127 1420 3330 1486 esset
3383 1409 3652 1484 ultima
3709 1406 3788 1479 in

2255 1527 2549 1601 ordine.

2352 1645 2501 1720 Sed
2542 1645 2794 1742 qualis
2853 1654 2968 1721 est
3010 1645 3199 1719 ratio
3241 1643 3611 1743 positivi?
3643 1642 3796 1716 Po-

2254 1771 2401 1837 test
2453 1762 2600 1836 dici
2643 1763 2847 1859 quod
2900 1762 2978 1836 in
3049 1762 3411 1860 potentiis
3466 1760 3798 1834 attendi-

2254 1887 2381 1954 tur
2410 1880 2596 1954 ordo
2627 1879 3053 1977 tripliciter,
3088 1881 3210 1955 vel
3267 1903 3360 1955 ex
3390 1878 3657 1953 ordine
3699 1878 3794 1952 ad

2256 1997 2652 2090 terminOS,
2689 1996 2782 2070 ad
2815 2020 3011 2094 quos
3058 1998 3181 2072 vel
3228 2021 3322 2072 ex
3366 1995 3553 2095 ipsis
3584 1996 3662 2068 in
3716 2018 3797 2070 se

2257 2111 2793 2204 consideratis,
2829 2113 2952 2186 vel
2986 2135 3077 2186 ex
3112 2112 3336 2186 modo
3396 2111 3793 2209 operandi.

2259 2227 2582 2302 Ratione
2623 2228 3129 2303 terminorum
3190 2228 3361 2302 dico
3404 2229 3609 2325 quod
3644 2253 3797 2304 non

2262 2353 2377 2419 est
2404 2344 2783 2442 superior,
2828 2345 3012 2442 quia
3042 2345 3301 2443 aliqua
3339 2345 3680 2443 potentia
3720 2344 3796 2418 in

2262 2462 2580 2536 materia
2635 2470 2750 2536 est
2800 2462 2898 2536 ad.
2954 2462 3270 2536 formam
3335 2461 3804 2537 substantia-

2262 2579 2441 2672 lem,
2489 2579 2632 2652 hoc
2701 2587 2955 2652 autem
3013 2579 3264 2655 solum
3342 2587 3457 2652 est
3513 2578 3606 2653 ad
3669 2579 3807 2652 for-

2262 2718 2465 2769 mam
2548 2695 3093 2771 accidentalem
3135 2727 3152 2788 ;
3238 2697 3478 2771 forma
3544 2706 3799 2771 autem

2262 2811 2786 2886 substantialis
2896 2811 3302 2910 perfectior
3385 2822 3501 2887 est
3594 2813 3805 2887 omni

2263 2929 2511 3001 forma
2534 2928 3011 3004 accidentali.
3057 2929 3248 3004 Aliis
3291 2954 3472 3005 vero
3505 2930 3809 3005 duobus

2262 3045 2511 3118 modis
2560 3055 2808 3142 potest
2882 3069 3049 3120 esse
3110 3046 3488 3145 superior,
3558 3046 3806 3144 primo

2263 3174 2636 3261 quantum
2686 3165 2917 3239 estin
2979 3189 3060 3241 se
3101 3167 3355 3263 quoad
3417 3174 3802 3260 naturam,

2265 3280 2340 3352 in
2388 3303 2542 3377 qua
2582 3290 2722 3374 est,
2769 3282 2952 3378 quia
2992 3291 3106 3356 est
3142 3293 3418 3356 natura
3446 3282 3805 3357 nobiliori

2263 3396 2556 3471 scilicet
2616 3398 3143 3492 intellectuali,
3198 3409 3271 3472 et
3319 3398 3397 3472 in
3442 3422 3806 3498 suprema

2263 3522 2565 3606 natura,
2613 3523 2695 3587 ut
2732 3514 3125 3610 Angelica,
3172 3523 3247 3589 et
3289 3524 3403 3589 est
3443 3537 3803 3612 suprema

2262 3626 2606 3724 potentia
2638 3627 2710 3699 in
2758 3626 2891 3701 illa
2933 3635 3232 3701 natura.

2361 3742 2749 3828 Quantum
2802 3765 2983 3817 vero
3062 3741 3154 3816 ad
3242 3743 3551 3818 modum
3632 3768 3808 3842 ope-

2268 3859 2516 3953 randi,
2565 3869 2809 3958 potest
2848 3859 2995 3932 dici
3075 3858 3481 3957 perfectior
3529 3869 3805 3958 poten-

2263 3976 2396 4071 tia,
2460 3970 2642 4074 quia
2695 3985 2982 4075 quanto
3052 3976 3337 4074 aliquid
3401 3966 3514 4051 est
3563 3977 3806 4073 magis

2267 4094 2702 4168 absolutum
2738 4117 2783 4167 a
2848 4101 3193 4191 respectu
3258 4093 3350 4167 ad
3396 4094 3801 4192 posteriuS,

2265 4222 2475 4286 tanto
2509 4220 2622 4285 est
2662 4209 3114 4308 perfectius;
3161 4219 3235 4284 et
3258 4209 3428 4284 ideo
3460 4210 3671 4284 Deus
3693 4219 3808 4285 est

2265 4328 2592 4403 maxime
2626 4329 3032 4426 perfectus,
3071 4327 3254 4424 quia
3284 4327 3361 4400 in
3389 4350 3478 4401 eo
3513 4352 3664 4402 non
3693 4338 3807 4401 est

2266 4454 2655 4543 respectus
2689 4444 2915 4518 realis
2939 4444 3031 4517 ad
3067 4443 3473 4542 posterius.
3503 4445 3804 4531 Quanto

2265 4562 2468 4636 enim
2510 4561 2797 4658 aliquid
2831 4570 2947 4635 est
2995 4560 3237 4656 magis
3286 4561 3722 4635 absolutum
3767 4584 3811 4634 a

2266 4688 2614 4775 respectu
2649 4677 2742 4751 ad
2776 4677 3158 4774 posterius
3181 4686 3392 4751 tanto
3429 4676 3809 4774 posterius

2271 4795 2511 4891 magis
2529 4794 2907 4891 dependet
2929 4793 3024 4867 ab
3044 4817 3161 4887 e0,
3185 4803 3269 4868 ut
3292 4803 3498 4891 patet
3518 4794 3595 4867 in
3622 4793 3804 4885 Dec,

2267 4921 2343 4986 et
2375 4934 2602 4984 omne
2646 4911 2792 4984 tale
2823 4910 3471 5006 estperfectionis.
3510 4910 3810 4984 Volun-

2267 5039 2382 5102 tas
2455 5037 2711 5101 autem
2771 5026 2972 5100 inter
3053 5036 3371 5101 caeteras
3430 5028 3811 5124 potentias

2268 5144 2513 5240 magis
2546 5143 2970 5217 absolvitur
3013 5167 3056 5216 a
3094 5152 3436 5241 respectu
3484 5144 3578 5217 ad
3643 5169 3812 5243 pos-

2266 5263 2535 5355 terius,
2581 5258 2754 5334 aliae
2824 5259 3028 5335 enim
3093 5261 3455 5358 potentiae
3522 5262 3814 5361 depen-

2269 5380 2450 5453 dent
2512 5379 2607 5452 ab
2648 5378 2816 5475 ipsa
2857 5377 2931 5450 in
2984 5377 3281 5452 actibus
3357 5379 3563 5473 suis;
3645 5380 3811 5478 ipsa

2270 5519 2452 5569 vero
2494 5518 2537 5569 a
2570 5495 2786 5569 nulla
2827 5493 2901 5566 in
2978 5494 3269 5570 ratione
3312 5518 3593 5586 causae,
3657 5498 3807 5573 nisi

2267 5622 2563 5686 tantum
2598 5635 2643 5685 a
2682 5610 2930 5709 primo
2972 5611 3377 5712 principio,
3444 5615 3649 5712 quod
3696 5629 3811 5690 est

3908 906 4071 957 tium.
