4295 6326
1392 437 1616 505 DIST.
1670 433 1993 503 XXXIlI.
2046 433 2463 513 QUAESTIO
2514 432 2749 501 UNIC.

97 650 401 702 virtutisne·
439 634 737 700 naturae
797 625 874 697 in
944 624 1264 714 bonum,
1321 621 1781 715 inquantum
1844 616 1987 687 hoc

104 720 371 849 ‘2333ssss
441 744 729 816 bonum
766 742 968 816 circa
1010 742 1156 815 tale
1208 737 1619 833 objectum,
1657 742 1729 806 et
1788 729 1990 805 simi-

145 852 371 951 sslfffflffi.
444 859 613 933 liter
654 859 803 933 alia
841 858 1088 931 virtus
1147 856 1349 930 circa
1395 852 1631 944 aliud,
1702 859 1776 924 et
1845 849 1987 920 hoc

442 978 517 1050 in
552 978 858 1051 modum
907 984 1234 1049 naturae.
1662 1052 1665 1055 ¹

541 1094 736 1181 Quia
768 1094 965 1169 sicut
999 1100 1271 1166 natura
1302 1087 1555 1163 subito
1597 1090 1984 1182 operatur,

439 1207 992 1307 praeveniendo
1083 1201 1719 1280 deliberationem
1816 1218 1989 1269 sur-

441 1324 769 1423 reptitie,
804 1332 877 1398 et
903 1322 1008 1396 ita
1037 1321 1308 1406 virtuS‚
1347 1341 1522 1392 cum
1557 1313 1781 1388 fuerit
1812 1334 1990 1409 per-

442 1444 625 1517 fecte
658 1449 1045 1538 generata.

540 1558 759 1632 Unde
794 1556 903 1632 sic
946 1556 1235 1631 moveri
1266 1556 1339 1629 in
1397 1561 1650 1628 actum
1684 1545 1989 1620 virtutis

440 1674 910 1772 surreptitie‚
953 1673 1278 1748 maxime
1335 1680 1449 1747 est
1482 1668 1785 1765 signum
1828 1686 1990 1762 per-

443 1791 615 1867 fecti
651 1791 985 1870 habitus.

542 1908 761 1982 Unde
867 1906 1388 2003 Philosophus
1492 1903 1561 1974 4.
1645 1898 1981 1973 Ethicor.

442 2054 608 2126 cap.
658 2029 726 2101 9.
775 2038 848 2103 et
925 2027 1042 2101 10.
1106 2024 1345 2099 Prius
1416 2023 1712 2097 dicetur
1762 2017 1988 2116 fortis

442 2144 882 2243 impavidus
914 2142 1017 2218 ad
1080 2162 1579 2241 quaectcmque
1632 2140 1983 2226 mortem,

445 2268 518 2336 et
553 2268 924 2353 extrema,
970 2259 1141 2333 ideo
1184 2256 1367 2331 dicit
1419 2256 1990 2329 Commentator

445 2379 650 2477 quod
692 2378 768 2451 in
816 2375 1250 2474 receptione
1306 2371 1751 2448 sufferentia
1789 2369 1983 2465 ejuS‚

445 2496 577 2594 qui
620 2495 822 2569 circa
865 2493 1079 2568 fortia
1115 2500 1501 2590 operatur,
1540 2498 1653 2563 est
1682 2485 1989 2560 habitus

445 2613 782 2709 signum.

543 2729 919 2802 Voluntas
962 2749 1143 2800 vero
1184 2723 1407 2798 tertio
1466 2720 1688 2795 modo
1759 2718 1985 2810 dicta,

444 2845 758 2934 scilicet,
809 2851 889 2917 ut
930 2841 1172 2916 libera
1209 2840 1405 2914 facta
1439 2834 1989 2913 deliberatione

446 2962 906 3053 intellectuS,
945 2968 1017 3033 et
1059 2981 1234 3031 cum
1297 2954 1561 3029 habitu
1626 2949 1987 3043 naturali,

446 3076 892 3169 voluntatiS,
929 3083 1003 3149 et
1061 3084 1364 3166 natura,
1402 3081 1476 3145 et
1543 3093 1717 3144 cum
1760 3067 1995 3142 virtu-

447 3205 518 3272 te
553 3195 853 3288 morali,
892 3216 1068 3291 quae
1127 3189 1267 3266 fuit
1335 3189 1412 3263 in
1448 3188 1640 3286 ipsa,
1677 3209 1831 3260 non
1879 3193 1993 3259 est

449 3314 708 3412 aliquo
744 3311 969 3386 modo
995 3320 1197 3400 actu,
1230 3304 1834 3383 determinabilis
1858 3328 1995 3403 per

449 3429 685 3522 aliud,
732 3428 913 3527 quia
940 3429 1085 3501 hoc
1118 3433 1320 3501 esset
1348 3432 1614 3499 contra
1640 3431 1992 3497 naturam

449 3545 847 3639 libertatiS‚
883 3543 1064 3642 quia
1096 3542 1158 3617 si
1191 3550 1449 3640 posset
1480 3548 1744 3614 contra
1773 3562 1991 3612 suam

450 3663 878 3739 libertatem
920 3659 996 3733 in
1059 3658 1371 3732 modum
1415 3666 1739 3750 naturae,
1785 3654 1997 3728 incli-

452 3788 669 3855 naret
700 3785 966 3853 contra
1005 3799 1224 3850 suam
1268 3774 1692 3850 libertatem
1766 3782 1996 3847 natu-

454 3896 596 3971 rali
639 3893 1119 3970 necessitate.

213 4032 325 4098 21,
551 4013 858 4103 Contra,
921 3995 1279 4082 voluntas
1337 4014 1418 4080 ut
1476 4014 1776 4099 natura,
1822 4006 1999 4078 nul-

91 4148 388 4206 v01untas.
456 4131 611 4203 lum
649 4134 900 4200 actum
981 4122 1321 4198 elicitum
1387 4121 1643 4213 habet,
1707 4130 1791 4195 ut
1857 4120 2000 4195 fre-

86 4216 419 4325 {hlffl'ffo-
455 4253 781 4344 quenter
846 4249 1237 4314 ostensum
1299 4245 1438 4331 est,
1497 4237 1629 4310 sed
1697 4245 1990 4310 tantum

87 4338 418 4464 ξξῗῑέἱὲἶζὶ,
453 4361 880 4436 naturalem
952 4354 1559 4447 inclinationem,
1595 4352 1792 4430 sicut
1831 4379 1998 4451 gra-

225 4466 304 4515 ¹⁵·
454 4505 547 4555 ve
591 4479 682 4554 ad
727 4479 978 4551 locum
1031 4474 1417 4565 deorsum,
1482 4472 1726 4566 aliter,
1782 4471 1845 4546 si
1916 4482 1999 4546 ut.

454 4606 732 4672 natura
772 4600 1027 4666 actum
1071 4591 1411 4680 haberet,
1459 4587 1686 4662 simul
1740 4597 1997 4685 posset

450 4716 732 4790 habere
765 4720 980 4786 actus
1022 4707 1441 4807 oppositoS‚
1492 4706 1675 4804 quia
1750 4715 1995 4805 potest

449 4831 733 4905 habere
776 4835 1026 4901 actum
1067 4823 1393 4899 liberum
1467 4831 1812 4921 respectu
1868 4847 1996 4920 op—

449 4945 703 5046 positi,
742 4951 1090 5040 respectu
1138 4940 1358 5037 cujus
1393 4939 1805 5014 inclinatur
1851 4965 1993 5016 na-

450 5062 815 5145 turaliter,
860 5068 940 5133 ut
983 5066 1256 5130 natura
1296 5066 1433 5131 est.

546 5179 765 5254 Unde
799 5198 1106 5251 omnem
1141 5181 1393 5248 actum
1439 5172 1778 5247 elicitum
1814 5174 1993 5250 libe-

447 5322 526 5373 re
569 5294 774 5370 elicit
812 5302 963 5366 tam
1000 5290 1204 5364 circa
1235 5287 1496 5383 finem,
1534 5313 1766 5387 quam
1792 5290 1993 5364 circa

443 5413 633 5488 illud
676 5408 881 5507 quod
915 5416 1029 5481 est
1060 5406 1152 5479 ad
1185 5404 1447 5479 finem.

542 5527 701 5602 Nec
778 5524 1081 5599 videtur
1147 5519 1448 5596 differre
1528 5522 1987 5620 inquantum

447 5646 715 5741 libera,
798 5652 872 5717 et
930 5640 1389 5739 inquantum
1461 5639 1986 5737 deliberativa,

3515 424 3642 492 519

2098 613 2243 686 nisi
2296 611 2503 709 quia,
2556 622 2632 687 ut
2673 613 2939 705 libera,
2986 612 3345 708 importat
3385 616 3637 682 actum

2095 731 2569 805 deliberandi
2612 731 2814 805 circa
2854 740 3108 805 actum
3143 728 3465 803 aliarum
3505 721 3645 822 po-

2094 849 2534 943 tentiarum,
2582 859 2664 923 ut
2717 849 3239 940 deliberativa,
3294 844 3644 942 sequitur

2095 974 2349 1039 actum
2455 966 2781 1054 consilii,
2857 975 2929 1039 et
2996 974 3074 1038 ut
3141 961 3641 1038 deliberativa

2096 1081 2403 1180 respicit
2448 1083 2879 1181 specialiter
2912 1105 3002 1157 ea
3082 1104 3257 1179 quae
3326 1088 3505 1153 sunt
3545 1077 3634 1151 ad

2094 1197 2396 1272 finem.-
3788 1245 3868 1309 2⁹

2194 1317 2408 1405 Item,
2454 1316 2660 1414 quod
2715 1316 2920 1405 dicit,
2973 1317 3037 1390 si
3093 1315 3334 1388 virtus
3402 1310 3643 1410 possit
3832 1288 3892 1309 “¹

2095 1434 2466 1507 inclinare
2501 1458 2636 1531 per
2680 1435 2988 1508 modum
3030 1442 3327 1506 naturae
3371 1431 3645 1505 volun-

2095 1563 2352 1641 tatem,
2403 1565 2482 1627 ut
2526 1554 2763 1647 libera
2804 1562 2943 1646 est,
3009 1562 3264 1650 posset
3305 1549 3644 1624 necessi-

2100 1679 2295 1763 tare3
2335 1670 2536 1767 quod
2582 1693 2732 1743 non
2777 1669 3080 1744 videtur
3128 1692 3425 1759 verum,
3463 1663 3646 1762 quia

2094 1812 2250 1862 non
2307 1787 2666 1863 convenit
2740 1788 3029 1862 habitui
3105 1783 3643 1860 immobilitare

2093 1905 2512 2003 potentiam
2557 1906 2650 1979 ad
2713 1915 2966 1981 actum
3036 1905 3257 1980 istius
3305 1902 3638 1993 habituS‚

2094 2021 2293 2096 sicut
2380 2023 2620 2096 forma
2760 2023 3131 2097 naturalis
3207 2021 3637 2116 subjectum

2095 2163 2353 2232 suum,
2400 2140 2582 2236 quia
2622 2140 2988 2236 potentia,
3036 2139 3114 2213 in
3148 2163 3301 2236 qua
3334 2138 3641 2211 habitus

2094 2257 2432 2356 ponitur,
2468 2282 2560 2333 ex
2599 2268 2875 2332 natura
2924 2282 3065 2331 sua
3123 2268 3235 2332 est
3303 2256 3641 2329 indeter-

2100 2374 2386 2449 minata
2415 2383 2488 2448 et
2529 2373 2974 2449 indifferens
3002 2375 3098 2449 ad
3140 2376 3311 2466 hoc,
3357 2373 3477 2448 vel
3511 2395 3640 2469 op-

2097 2490 2429 2588 positum
2473 2490 2887 2587 agendum.
3671 2545 3892 2595 Habitus
3919 2544 3996 2593 in-

2193 2607 2274 2681 Si
2316 2616 2569 2682 autem
2607 2607 2947 2706 potentia
2999 2607 3343 2705 subjecta
3374 2608 3638 2681 formae
3671 2608 3992 2721 ffssssgssgffin

2096 2724 2428 2799 naturali
2471 2734 2668 2799 esset
2710 2725 2818 2798 sic
2853 2724 3293 2800 indifferens
3339 2726 3432 2800 ad
3464 2748 3643 2821 age·
3714 2734 3953 2848 V⁰t¹g¹ss²⁸'

2097 2866 2177 2916 re
2212 2850 2286 2915 et
2318 2865 2466 2915 non
2508 2865 2761 2938 agere,
2830 2841 3109 2916 virtute
3151 2841 3461 2941 propria
3501 2866 3643 2915 an-
3888 2833 3900 2846 '

2097 2969 2170 3031 te
2198 2959 2518 3031 formam
2552 2968 2939 3057 receptam
2981 2969 3247 3032 contra
3293 2968 3643 3032 naturam

2099 3099 2317 3151 suam
2362 3076 2736 3176 potuisset
2776 3076 3222 3151 necessitari
3265 3076 3359 3151 ad
3405 3100 3643 3150 unum

2099 3192 2237 3287 sic,
2283 3192 2438 3266 imo
2469 3193 2830 3291 perfectio
2877 3195 3043 3288 ejus
3084 3203 3437 3267 naturam
3481 3192 3648 3289 ejus

2101 3308 2564 3396 destrueret;
2603 3319 2676 3383 et
2707 3308 2878 3384 ideo
2919 3309 3261 3407 potentia
3303 3309 3651 3406 subjecta

2101 3426 2398 3501 habitui
2448 3429 2660 3501 nullo
2698 3428 2920 3501 modo
2982 3427 3489 3503 necessitatur
3555 3429 3650 3502 ab

2100 3542 2280 3634 illis,
2318 3567 2494 3641 quae
2552 3542 3071 3641 subjiciuntur
3126 3545 3388 3619 formae
3423 3555 3653 3619 natu-

2104 3660 2271 3753 rali,
2318 3659 2500 3757 quia
2538 3660 2668 3733 illa
2729 3684 2879 3734 non
2939 3662 3224 3734 habent
3261 3686 3511 3758 ‘agere
3559 3663 3652 3736 ad

2102 3777 2606 3852 substantiam
2698 3787 2940 3870 actus,
3031 3777 3176 3852 nisi
3267 3777 3649 3854 mediante

2104 3896 2373 3986 forma,
2437 3903 2512 3969 et
2591 3892 2761 3968 ideo
2822 3903 2977 3967 tota
3045 3894 3239 3968 actio
3300 3896 3651 3994 sequitur

2103 4010 2616 4086 conditionem
2681 4011 2941 4086 formas
3018 4012 3111 4085 ad
3157 4036 3426 4106 unum,
3473 4036 3647 4110 qua}

2103 4128 2608 4203 determinata
2647 4136 2784 4201 est.

2201 4245 2367 4317 Non
2414 4250 2679 4318 autem'
2705 4254 2818 4318 est
2849 4242 2955 4318 sic
2997 4244 3088 4319 de
3139 4245 3432 4339 habitu,
3471 4246 3655 4343 quia

2102 4360 2603 4460 principalior
2652 4383 2885 4434 causa
2925 4361 3170 4435 activa
3239 4371 3351 4435 est
3422 4362 3491 4434 in
3530 4388 3656 4460 po·

2106 4477 2340 4552 tentia
2383 4477 2807 4574 subjectiva
2862 4478 3176 4566 habitui,
3227 4488 3301 4552 et
3359 4479 3651 4555 habens

2102 4595 2631 4668 causalitatem
2719 4593 3025 4668 habitus
3111 4594 3188 4667 in
3278 4604 3646 4692 potestate

2102 4734 2270 4804 sua,
2307 4711 2505 4784 sicut
2546 4734 2800 4785 causae
2842 4710 3229 4807 partialis3
3273 4724 3345 4785 et
3376 4713 3650 4810 imper-

2106 4828 2368 4902 fectior
2409 4852 2562 4902 non
2634 4827 3043 4902 necessitat
3117 4851 3429 4903 causam
3472 4855 3649 4929 per-

2103 4947 2518 5040 fectiorem,
2602 4947 2775 5020 licet
2877 4946 3044 5042 ejus
3122 4949 3645 5024 causalitatem

2101 5064 2628 5151 determinate,
2694 5073 2763 5137 et
2835 5063 3292 5160 inquantum
3369 5076 3644 5163 potest,

2099 5179 2456 5271 inclinet;
2501 5177 2604 5251 ita
2648 5177 2952 5252 habitus
2993 5202 3073 5252 se
3109 5180 3336 5253 habet
3375 5181 3466 5254 ad
3509 5206 3651 5280 po-

2098 5293 2444 5368 tentiam.

2193 5410 2608 5507 Nunquam
2671 5407 2877 5481 enim
2919 5431 3179 5498 causa
3244 5411 3650 5505 perfectior

2098 5526 2511 5624 impeditur
2558 5525 2992 5600 necessario
3055 5525 3131 5599 in
3174 5528 3471 5622 agendo
3514 5555 3651 5627 per

2099 5664 2414 5716 causam
2458 5640 3125 5739 imperfectiorem.
3191 5640 3378 5714 Cum
3414 5642 3650 5741 igitur
