4295 6326
649 432 731 497 90
2073 427 2312 496 Lfflm
2361 428 2442 498 11.

652 606 1223 705 tapositionem,
1249 609 1686 705 frequenter
1710 605 1938 680 hahet
1966 626 2197 677 unam

655 725 1128 821 qualitatem,
1169 748 1344 822 quae
1377 733 1627 823 potest
1657 722 1802 796 dici
1847 720 2041 796 ratio
2074 743 2201 794 se-

660 840 1101 933 minalis,et
1158 841 1236 914 in
1307 841 1621 915 instanti
1684 836 2201 935 corruptionis

654 968 768 1031 est
805 981 957 1031 una
992 959 1313 1032 materia
1353 982 1443 1033 ex
1477 956 1839 1031 omnibus
1871 958 2202 1030 elemen-

653 1072 751 1147 tis
787 1074 1457 1168 concurrentibuS,
1496 1097 1583 1148 ac
1611 1073 1672 1147 si
1716 1082 1916 1147 esset
1971 1080 2200 1167 mate-⁶

659 1190 778 1264 ria
845 1190 1080 1263 unius
1120 1192 1482 1265 elementi
1538 1199 1868 1265 tantum.
1943 1190 2033 1262 Et
2090 1187 2201 1261 sic

661 1306 1063 1403 aequaliter
1125 1330 1215 1380 ex
1275 1331 1429 1382 uno
1507 1308 1886 1381 elemento
1946 1313 2202 1402 posset

661 1422 828 1497 fieri
891 1423 1239 1518 mixtum,
1285 1423 1483 1497 sicut
1542 1445 1632 1496 ex
1678 1421 1964 1513 multis,
2028 1419 2202 1493 licet

359 1550 596 1625 Perfecta
662 1541 1102 1638 frequenter
1134 1564 1287 1614 non
1322 1540 1454 1615 {iat
1486 1541 1627 1613 hoc
1671 1539 1922 1611 modo.
1970 1536 2205 1610 Simi-

308 1613 608 1739 ῃὲἓιῗὲιιιέῗ
664 1657 835 1730 liter
869 1667 1124 1755 posset
1165 1680 1331 1731 esse
1403 1656 1607 1756 quod
1650 1655 1910 1752 aliqua
1968 1652 2207 1751 quali·

309 1743 500 1790 rantur
546 1752 612 1788 ex
1048 1777 1060 1789 .
1392 1776 1405 1789 .
2155 1774 2168 1787 .

311 1801 609 1852 elementis.
662 1785 778 1850 tas
810 1787 1010 1852 esset
1043 1777 1355 1850 1nducta
1387 1800 1462 1848 ιη
1495 1776 1872 1851 elementa
1904 1774 2202 1868 mundi,

662 1890 954 1966 scilicet
1003 1891 1260 1987 ignem
1330 1900 1403 1965 et
1463 1913 1772 1987 aquam,
1833 1898 1973 1964 etc.
2032 1911 2207 1985 quae

661 2016 919 2105 posset
949 2006 1099 2080 dici
1140 2006 1330 2080 ratio
1375 2005 1770 2080 seminalis
1806 2033 1824 2099 3
1860 2015 1934 2079 et
1974 2003 2082 2078 sic
2106 2003 2212 2077 di-

659 2126 762 2199 cit
798 2123 1286 2220 Augustinus
1334 2123 1404 2196 3.
1466 2122 1558 2197 de
1622 2122 1833 2196 Trin.
1902 2145 2068 2218 cap.
2133 2122 2203 2194 9.

663 2242 793 2316 ubi
828 2241 1048 2339 ponit
1087 2240 1164 2312 in
1207 2240 1611 2315 elementis
1671 2237 1939 2313 mundi
1984 2240 2209 2313 talem

664 2358 1145 2457 qualitatem,
1217 2366 1292 2432 et
1349 2355 1523 2430 talis
1581 2364 1829 2454 potest
1886 2378 2054 2429 esse
2132 2353 2210 2426 in

672 2475 903 2548 mixto
989 2474 1419 2547 secundum
1491 2471 2209 2570 juxtapositionem,

667 2593 942 2667 similis
1031 2591 1307 2666 rationi
1415 2590 1770 2666 seminali
1858 2591 1936 2663 in
2025 2613 2213 2664 vero

671 2709 930 2783 mixto.
998 2708 1145 2783 Sed
1228 2708 1562 2806 perfecta
1627 2706 1989 2781 animalia
2060 2731 2214 2781 non

666 2834 1139 2922 generantur
1213 2824 1324 2898 sic
1391 2822 1826 2898 immediate
1888 2845 1982 2896 ex
2052 2824 2217 2898 ele-

671 2940 975 3028 mentis,
1048 2940 1181 3015 sed
1269 2939 1650 3013 mediante
1737 2937 2078 3024 semine;
2143 2949 2220 3013 et

668 3059 1059 3133 elementa
1124 3065 1702 3154 contemperata
1754 3066 1830 3131 et
1890 3063 2221 3155 propor-

672 3175 989 3267 tionata,
1038 3174 1432 3249 sufficiunt
1487 3174 1580 3248 ad
1639 3174 2216 3269 generationem

673 3293 1293 3391 imperfectorum
1390 3291 1866 3366 animalium.
1944 3292 2034 3364 Et
2107 3291 2219 3365 sic

335 3424 612 3497 Quomodo
674 3410 1038 3484 dicuntur
1093 3409 1274 3483 mali
1327 3408 1641 3508 spiritus
1685 3431 2055 3506 generare
2097 3432 2221 3482 ra-

322 3493 644 3615 ῗῑρῖζῖιιὲεῑὲἷῖ
675 3551 843 3618 naS,
893 3527 1073 3626 quia
1116 3527 1262 3625 ipsi
1318 3535 1704 3601 noverunt
1734 3536 2024 3623 quanta
2077 3525 2222 3600 erit

365 3617 578 3663 nemm'
677 3655 895 3744 pasta
925 3668 1017 3719 ex
1049 3643 1451 3719 elementis
1491 3642 2083 3741 contemperatis
2144 3651 2220 3717 et

679 3761 1280 3859 proportionatis
1317 3759 1774 3848 neccssaria,
1820 3770 1895 3833 ct
1921 3767 2220 3857 ponunt

681 3901 846 3953 eam
903 3878 979 3951 in
1042 3877 1172 3951 tali
1229 3886 1540 3974 aspectu
1613 3875 1704 3949 ad
1777 3877 2084 3962 coelum,
2144 3883 2220 3949 et

680 4004 862 4068 tunc
895 3995 1174 4067 coelum
1208 4001 1549 4089 generat.

445 4130 550 4194 14.
775 4111 882 4185 Ad
941 4110 1315 4185 rationem
1382 4109 1846 4208 principales
1897 4132 2033 4206 pro
2077 4108 2222 4206 pri-

681 4253 806 4303 ma
838 4237 1048 4327 parte
1081 4236 1311 4325 patet.

772 4345 885 4419 Ad
918 4345 1252 4420 rationes
1277 4344 1353 4415 in
1387 4343 1821 4440 oppositum
1857 4342 2005 4416 dici
2038 4366 2223 4439 pos-

678 4472 793 4537 set
835 4460 1040 4559 quod
1075 4458 1555 4555 singularum
1593 4458 2007 4533 formarum
2041 4469 2223 4533 sunt

678 4578 1014 4673 singulae.
1083 4576 1421 4649 rationes
1462 4575 1538 4648 in
1583 4575 1929 4670 materia,
1983 4585 2057 4650 et
2120 4575 2224 4650 ita

680 4693 1019 4768 rationes
1059 4692 1471 4767 seminales
1530 4691 1876 4766 omnium
1937 4693 2223 4767 forma—

683 4834 882 4884 rum.
941 4812 1030 4884 Et
1072 4818 1322 4908 potest
1380 4808 1694 4883 concedi
1747 4809 1949 4906 quod
1998 4819 2224 4887 mate-

682 4927 795 5000 ria
879 4926 1109 5001 simul
1214 4935 1326 5000 est
1411 4925 1815 5000 informata
1899 4926 2222 5002 diversis

679 5044 948 5120 formis
981 5042 1362 5142 specificis
1388 5044 1531 5118 sub
1560 5067 1716 5118 esse
1747 5044 2215 5141 imperfecto.

682 5163 840 5237 Nec
902 5162 1186 5235 habent
1225 5160 1551 5235 diversae
1619 5160 1883 5235 forma}
1942 5161 2226 5236 incom-

679 5279 1269 5379 possibilitatem
1323 5278 1397 5351 in
1456 5278 1773 5352 materia
1829 5278 2055 5354 simul
2099 5303 2226 5355 se-

351 4238 430 4288 Ad
462 4252 615 4302 argu·

349 4307 616 4353 mentum.

2313 608 2653 682 cundum
2736 612 3060 707 gradum
3142 613 3578 706 remissum,
3657 611 3855 687 sicut

2311 732 2518 821 patet
2558 725 2649 801 de
2684 728 2946 802 mobili
2990 728 3068 802 in
3106 741 3344 823 motu,
3381 730 3586 828 quod
3621 729 3846 803 simul

2312 850 2426 915 est
2483 844 2628 919 sub
2669 843 2933 919 formis
3005 847 3409 921 contrariis
3478 846 3848 939 remissiS,

2314 983 2467 1033 non
2502 970 2756 1037 autem
2789 963 2863 1037 in
2892 975 3061 1039 actu
3098 967 3505 1063 completo.

2821 1184 3219 1262 QUAESTIO
3271 1189 3354 1254 11.

2320 1382 2564 1448 Utrum
2600 1382 3041 1469 formabatur
3071 1403 3317 1470 corpus
3352 1388 3510 1453 Evae
3550 1387 3633 1454 de
3674 1382 3858 1454 c‘osta

2623 1497 2699 1556 ut
2736 1490 2820 1556 de
2858 1490 3130 1558 ratione
3153 1492 3552 1559 seminali?

2316 1713 2511 1771 Aleos,
2560 1715 2613 1769 2.
2659 1733 2712 1787 p.
2764 1731 2815 1788 q.
2867 1715 2956 1770 89.
3002 1733 3075 1770 m.
3121 1717 3176 1773 5.
3226 1717 3280 1771 6.
3314 1719 3364 1773 et
3395 1734 3446 1788 q.
3478 1715 3568 1771 93.
3604 1734 3679 1772 m.
3710 1716 3765 1775 2.
3797 1722 3861 1772 D.

2392 1787 2600 1842 Thom.
2636 1804 2673 1842 1.
2707 1805 2760 1855 p.
2784 1805 2834 1858 q.
2867 1788 2956 1842 97.
2982 1805 3035 1844 a.
3070 1806 3108 1842 1.
3147 1790 3209 1842 D.
3246 1793 3454 1845 Bonav.
3507 1789 3594 1845 hic
3621 1806 3675 1846 a.
3723 1790 3778 1843 2.
3811 1805 3864 1860 q.

2395 1875 2433 1913 1.
2469 1859 2741 1917 Richard.
2773 1877 2825 1913 a.
2856 1860 2911 1916 2.
2941 1877 2993 1930 q.
3026 1876 3064 1916 ι.
3098 1858 3273 1915 Gabr.
3319 1867 3516 1932 quaest.
3562 1861 3712 1916 unic.
3758 1868 3865 1916 art.

2389 1930 2444 1984 2.
2475 1936 2527 1987 et
2551 1930 2604 1987 3.
2637 1932 2786 1987 Scot.
2822 1931 2880 1986 in
2912 1937 3083 1987 oxon.
3116 1932 3203 1987 hic
3231 1949 3283 2004 q.
3320 1935 3488 1989 unica
3520 1932 3578 1987 in
3611 1934 3739 2003 fine.

2425 2122 2609 2197 Dico
2652 2124 2854 2221 quod
2942 2124 3248 2222 proprie
3327 2124 3711 2223 loquendo
3772 2125 3864 2201 dc
4027 2127 4092 2192 1·

2331 2239 2653 2333 semine,
2717 2239 2905 2314 illud
2974 2240 3257 2315 dicitur
3312 2264 3605 2335 semen,
3660 2242 3864 2340 quod

2327 2354 2403 2428 in
2457 2355 2797 2455 potentia
2837 2358 3303 2456 propinqua,
3376 2367 3450 2433 et
3519 2358 3867 2457 proxime

2329 2496 2409 2549 se
2488 2473 2717 2548 hahet
2791 2474 2883 2548 ad
2945 2476 3266 2550 formam
3312 2475 3860 2566 inducendam,

2330 2590 2758 2666 secundum
2835 2592 3320 2668 Aristotelem
3388 2593 3459 2666 5.
3521 2593 3865 2693 Melaph.

2331 2732 2496 2806 cap.
2536 2709 2606 2782 6.
2654 2707 2845 2795 Quia
2878 2708 3111 2805 igitur
3168 2733 3321 2784 non
3359 2709 3497 2784 fuit
3535 2710 3877 2808 potentia

2331 2825 2408 2898 in
2443 2834 2679 2919 costa,
2726 2834 2811 2899 ut
2849 2824 3289 2901 immediate
3333 2849 3428 2901 ex
3459 2826 3627 2924 ipsa
3655 2826 3875 2902 fieret

2330 2963 2610 3039 corpus
2643 2940 2991 3017 mulieris
3032 2964 3169 3039 per
3199 2964 3438 3037 agens
3488 2944 3866 3033 naturale,

2331 3056 2502 3131 ideo
2543 3079 2696 3130 non
2744 3055 3050 3155 proprie
3111 3056 3359 3154 potuit
3418 3080 3699 3155 corpus
3733 3058 3874 3133 l'or-

2334 3174 2523 3248 mari
2564 3196 2655 3248 ex
2704 3182 2914 3248 costa
2959 3197 3095 3272 per
3125 3173 3500 3249 rationem
3536 3175 3872 3251 semina-

2331 3292 2509 3365 lem.
2555 3290 2923 3365 Similiter
2953 3315 3091 3388 per
3151 3294 3429 3368 multas
3500 3302 3873 3368 transmu-
3930 3284 4215 3401 Effigpnugn

2332 3409 2661 3484 tationes
2718 3408 2970 3483 adhuc
3036 3419 3313 3484 natura
3388 3435 3546 3485 non
3615 3420 3871 3510 posset
3902 3412 4251 3526 wgffssiffir·

2335 3527 2699 3601 formasse
2754 3535 2996 3600 totum
3059 3549 3338 3624 corpus
3387 3527 3728 3603 mulieris
3780 3553 3873 3605 ex
3901 3544 4059 3589 costa
4084 3539 4255 3589 Adae·

2332 3654 2570 3737 costa,
2615 3644 2751 3718 sed
2794 3653 3087 3718 tantum
3148 3654 3439 3743 partem
3496 3647 3867 3744 corporis3

2333 3760 2503 3835 ideo
2586 3759 2870 3857 duplici
2952 3760 3041 3835 de
3109 3784 3345 3836 causa
3407 3786 3565 3837 non
3627 3763 3875 3860 potuit

2334 3877 2639 3952 formari
2681 3900 2775 3951 ex
2804 3887 3015 3951 costa
3055 3900 3191 3975 per
3231 3877 3609 3953 rationem
3642 3879 3876 3954 semi-

2334 3996 2633 4087 nalem3
2670 4003 2832 4068 tum
2866 3992 3050 4091 quia
3081 4016 3236 4068 non
3299 3994 3440 4068 l'uit
3478 3993 3876 4070 sufficiens

2335 4117 2680 4207 respectu
2745 4107 2977 4181 totius
3017 4107 3402 4206 corporis;
3473 4118 3633 4183 tum
3694 4110 3878 4208 quia

2331 4251 2487 4303 non
2524 4226 2662 4300 fuit
2695 4225 3032 4324 potentia
3063 4225 3498 4324 propinqua
3523 4236 3874 4325 respectu

2332 4343 2656 4443 aequalis
2723 4342 2959 4441 partis
2995 4370 3013 4436 3
3051 4342 3222 4418 ideo
3280 4344 3529 4418 solum
3600 4343 3879 4442 impro-

2332 4461 2495 4561 prie
2529 4459 2774 4559 potuit
2814 4459 2961 4534 dici
3003 4483 3265 4536 semen
3319 4470 3669 4561 respectu
3704 4486 3879 4537 cor-

2332 4579 2570 4680 poris,
2631 4577 2815 4675 quia
2872 4600 3026 4652 non
3093 4577 3362 4655 fuisset
3403 4580 3878 4656 conveniens

2334 4694 2854 4794 susceptivum
2966 4692 3249 4770 animae
3352 4694 3873 4792 intellectivae,

2334 4822 2496 4889 esto
2564 4809 2768 4908 quod
2852 4809 2983 4884 illa
3074 4811 3394 4886 materia
3458 4822 3717 4911 posset
3782 4814 3876 4888 ad

2339 4939 2623 5004 tantam
2643 4927 3144 5025 quantitatem
3179 4927 3548 5015 rarefieri,
3579 4931 3698 5005 vel
3720 4954 3876 5005 non

2337 5045 2475 5120 l'uit
2513 5043 2876 5143 possibile
2945 5043 3134 5119 forte
3192 5045 3589 5120 materiam
3641 5056 3877 5123 costae

2334 5163 2414 5237 in
2458 5170 2757 5235 tantum
2787 5157 3156 5234 rarelieri.
3196 5159 3388 5236 Vide
3419 5163 3878 5260 Magistrum

2336 5283 2411 5355 in
2450 5282 2701 5356 littera
2726 5303 2890 5377 cap.
2937 5278 3235 5354 ultimo.

1975 5524 2580 5558 —-——-·00--——--·
