4295 6326
720 387 850 455 588

2123 364 2363 436 LIBRI
2412 366 2531 438 lv,

716 556 1009 628 obligasse
1039 571 1074 609 a
1105 557 1293 608 morte
1322 549 1557 606 Christi.
1592 548 1771 604 Addit
1815 545 2022 603 deinde
2054 544 2265 599 Doctot·
2373 538 2749 615 institutio
2781 539 3151 638 Bapfigmi
3189 566 3340 616 110ss
3372 541 3512 617 suit
3541 541 3926 641 erS-pI'O·

717 643 1042 714 discipulos
1104 642 1430 713 baptizasse
1507 644 1640 694 ante
1713 635 1923 693 Christi
2013 637 2257 689 mortem

715 733 1016 804 Baptismo
1069 731 1302 799 Christi,
1362 738 1415 785 ct
1474 745 1587 784 non
1654 727 1920 783 Joannis.
2001 723 2257 806 Constat,

712 827 882 884 Joan.
916 827 971 881 3.
1004 831 1059 880 et
1095 829 1251 880 Lucae
1286 825 1338 879 4.
1380 827 1437 878 et
1480 822 1725 877 habetur
1773 837 1898 891 cap.
1956 819 2143 884 Aliud,
2189 816 2259 871 de

715 922 1041 973 consecrat.
1072 918 1129 973 d.
1164 917 1215 970 4.
1251 918 1329 971 lta
1352 915 1599 983 August.
1630 915 1799 967 tract.
1854 911 1940 964 1¹.
1987 911 2039 964 el
2073 908 2251 978 13.2in

709 1007 923 1062 Joann.
958 1005 1022 1061 D.
1059 1005 1269 1060 Bonav.
1303 1005 1355 1059 3.
1392 1020 1444 1072 p.
1479 1006 1585 1058 art.
1623 1018 1662 1056 1.
1702 1006 1905 1072 quoest.
1942 1017 1978 1053 ι.
2032 1004 2088 1052 et
2133 998 2249 1052 alii.

711 1096 905 1152 Tertio
937 1096 1203 1165 assignat
1232 1093 1443 1147 Doctor
1472 1091 1753 1146 rationem
1787 1106 1962 1160 quare
1998 1105 2113 1144 non
2147 1088 2254 1141 suit

712 1183 1121 1257 promulgatus
1179 1182 1509 1253 Baptismus
1559 1179 1891 1236 immediate
1945 1184 2075 1250 post
2123 1179 2253 1248 ejus

709 1276 1153 1333 institutionem.

493 1451 556 1519 3.
810 1453 894 1525 In
950 1453 1092 1527 ista
1152 1453 1580 1549 quaestione
1660 1452 1993 1527 videnda
2069 1461 2249 1526 sunt
2361 1475 2829 1570 mulgatione
2872 1475 3067 1569 (1100,
3124 1477 3328 1573 quod
3383 1481 3900 1576 promulgatio

706 1571 854 1644 tria
898 1595 912 1644 :
961 1570 1337 1663 Primum,
1392 1569 1593 1667 quod
1658 1571 1820 1642 sola
1868 1568 2246 1643 institutio

702 1687 1074 1784 Baptismi
1118 1710 1267 1760 non
1324 1686 1687 1782 obligavit
1748 1687 2097 1759 homines
2153 1688 2243 1760 de

702 1805 1155 1879 necessitate
1190 1804 1459 1879 salutis
1491 1803 1581 1877 ad
1618 1803 1783 1900 ejus
1817 1803 2244 1901 susceptio-

697 1944 905 1994 nem.
945 1920 1420 2015 Secundum,
1457 1920 1659 2017 quod
1693 1920 1860 2017 ejus
1892 1921 2242 2017 promul-

695 2036 901 2133 gatio
943 2037 1309 2134 obligavit
1351 2060 1511 2129 θος,
1558 2036 1841 2135 quibus
1890 2037 2240 2134 promul-

691 2153 1019 2247 gabatur
1059 2153 1152 2227 ad
1199 2154 1365 2250 ejus
1413 2154 2009 2250 susceptionem.
2054 2153 2238 2227 Ter-

691 2268 881 2343 tium
917 2280 1032 2344 est
1080 2270 1171 2344 de
1240 2270 1811 2368 comparatione
1862 2271 2231 2369 Baptismi

693 2386 788 2459 ad
852 2386 1432 2461 evacuationem
1477 2387 2128 2461 Circumcisionis.

363 2530 634 2609 solapap-
791 2502 1180 2591 Quantum
1286 2505 1379 2578 ad
1479 2505 1842 2601 primum,
1943 2505 2234 2580 scilicet

330 2598 659 2716 ,ἶῖἷζῗξοζᾞυ
693 2619 897 2716 quod
939 2621 1102 2693 sola
1161 2618 1327 2714 ejus
1381 2618 1757 2693 institutio
1817 2629 2225 2716 antequam

348 2721 632 2788 obligabat.

689 2740 1335 2837 promulgaretur,
1376 2762 1528 2812 non
1572 2738 1961 2833 obligabat
1992 2740 2232 2814 homi·

683 2883 861 2934 nem
908 2860 1002 2933 ad
1053 2859 1220 2957 ejus
1269 2858 1833 2958 susceptionem
1882 2888 1901 2953 3
1944 2861 2226 2959 proba-

676 2986 829 3072 tur,
921 2977 1103 3076 quia
1219 2978 1505 3051 dictum
1603 2985 1720 3052 est
1803 2976 2222 3055 Salvatoris

671 3095 950 3170 Joann.
1003 3095 1116 3168 15.
1172 3093 1273 3170 Si
1318 3118 1473 3169 non
1531 3093 1938 3190 venissem,
1994 3102 2067 3171 et
2113 3097 2222 3173 είδ-

673 3212 964 3288 locutus
1005 3237 1158 3287 non
1193 3212 1547 3310 fuissem,
1598 3221 2003 3309 peccatum
2063 3240 2217 3290 non

664 3324 1057 3418 haberent,
1164 3325 1368 3423 quod
1475 3326 1583 3400 sic
1709 3326 2051 3424 intelligo
2088 3328 2218 3403 :Si

670 3441 1019 3516 Christus
1052 3464 1192 3515 nec
1256 3465 1393 3539 per
1459 3465 1568 3537 se,
1643 3466 1784 3517 nec
1822 3468 1958 3541 per
1989 3469 2214 3520 suum

667 3558 1232 3652 authenticum,
1278 3557 1369 3632 de
1411 3580 1566 3655 quo
1642 3559 1964 3635 fuissent
2029 3563 2214 3637 certi

666 3698 759 3749 ex
793 3674 987 3748 facto
1020 3676 1139 3750 vel
1184 3674 1584 3771 mii-acum,
1633 3679 1752 3753 vel
1808 3703 1899 3755 ex
1941 3680 2211 3775 forma,

675 3802 755 3866 ut
784 3792 1221 3866 testimonio
1281 3795 1692 3889 bonorum,
1756 3807 1831 3871 et
1898 3796 2046 3871 fide
2108 3799 2218 3871 di-

672 3932 999 4006 gnorum
1048 3910 1159 3984 eis
1230 3911 1532 3985 locutus
1591 3913 1884 4007 fuisset,
1952 3940 2216 4013 pecca-

670 4033 833 4097 tum
868 4048 1020 4097 non
1067 4026 1440 4099 haberent
1497 4028 2082 4105 incredulitatis.

351 4148 460 4203 Lex
493 4157 619 4265 alate
772 4142 879 4213 Ex
922 4141 1066 4217 isto
1113 4143 1404 4241 accipio
1464 4144 1684 4218 istam
1750 4149 2216 4246 propositio-

317 4229 625 4401 pgt‘iffi'egt‘
677 4282 852 4333 nem
910 4283 924 4332 :
1008 4260 1355 4335 Christus
1432 4287 1581 4336 non
1644 4266 1808 4338 vult
1875 4267 2209 4364 aliquem

384 4360 415 4396 o
488 4361 611 4414 iga,

668 4377 1007 4473 obligare
1042 4378 1132 4451 ad
1197 4378 1441 4476 legem
1495 4381 1830 4479 aliquam
1891 4383 2214 4462 firmiter

664 4495 1263 4590 observandum,
1303 4498 1448 4571 nisi
1492 4503 2049 4599 promulgatam
2115 4507 2209 4580 ab

662 4638 781 4702 e0,
820 4615 941 4687 vel
974 4615 1067 4688 ab
1110 4615 1371 4713 aliquo
1414 4619 1849 4694 authentico
1903 4625 2201 4712 nunti0‚

661 4734 752 4807 de
786 4756 939 4830 quo
973 4743 1271 4807 constat
1312 4734 1945 4813 certitudinalitcr
2000 4745 2204 4839 quod

657 4861 772 4924 est
812 4874 1082 4923 servus
1116 4850 1282 4946 ejus
1343 4852 1438 4925 ab
1514 4878 1604 4927 eo
1657 4854 1967 4952 missus,
2025 4861 2208 4957 quia

654 4991 811 5040 non
870 4976 1174 5041 tenetur
1250 4970 1425 5066 quis
1507 4974 1858 5048 recedere
1915 5000 1958 5049 a
2037 4979 2201 5075 lege

654 5083 907 5181 priore
967 5083 1204 5178 justa,
1279 5096 1353 5157 et
1440 5110 1484 5159 a
1583 5088 1742 5162 Deo
1821 5091 2197 5189 instituta,

650 5211 964 5299 propter
1079 5225 1594 5302 quascumque
1689 5208 1936 5305 signa,
2064 5216 2196 5288 sed

650 5322 962 5411 propter
1012 5314 1234 5410 signa
1306 5327 1511 5390 certa
1581 5328 1655 5391 et
1720 5324 2192 5413 authentica,

649 5432 856 5530 quod
897 5431 1043 5505 ista
1074 5432 1170 5505 sit
1210 5444 1592 5529 revocata,
1630 5437 1813 5534 quia
1851 5443 1987 5538 qui
2046 5445 2193 5519 ez‘lo

649 5549 917 5635 eredit,
965 5549 1153 5624 levis
1186 5557 1295 5623 est
1332 5552 1585 5647 corde,
1620 5556 1838 5631 Eccl.
1877 5559 1992 5632 19.
2040 5560 2193 5636 Sed

2372 655 2765 752 mulgatio,
2808 657 2992 754 quia
3045 658 3353 755 quando
3423 660 3612 733 illud
3665 660 3917 758 primo

2369 773 2699 847 instituit
2787 773 3163 867 ChristuS‚
3264 799 3404 850 nec
3507 776 3697 873 ipse,
3770 800 3918 852 nec

2366 891 2646 988 aliquis
2740 914 3011 965 servus
3104 890 3313 965 illius
3420 893 3916 967 authenticus

2363 1007 2606 1103 ipsam
2643 1007 3093 1102 divulgavit,
3136 1016 3214 1081 ut
3245 1019 3477 1105 patet,
3527 1011 3759 1084 ιΙοαη.
3827 1011 3902 1083 3.

2362 1147 2544 1220 ergo
2587 1124 2962 1198 institutio
2995 1126 3162 1221 ejus
3229 1129 3532 1200 nullum
3602 1128 3907 1225 obliga-

2359 1239 2469 1312 vit
2499 1240 2588 1314 ad
2626 1240 2792 1335 ejus
2833 1242 3428 1339 susceptionem.

2458 1359 2844 1443 Quantum
2902 1359 2993 1432 ad
3037 1359 3344 1432 tertium
3392 1361 3484 1434 de
3526 1361 3692 1458 ejus
3723 1387 3901 1462 pro·
3933 1375 4202 1504 520ῗὲξέ

3987 1503 4059 1552 mi
4089 1507 4171 1553 du·

2355 1588 2521 1686 ejus
2593 1589 2728 1662 fuit
2782 1590 3107 1688 duplex:
3150 1592 3319 1665 Una
3378 1617 3513 1690 per
3581 1597 3892 1670 modum
4028 1567 4147 1629 ⁹¹⁰¹·

2354 1707 2685 1802 consilii,
2735 1718 2817 1782 ut
2861 1709 3168 1807 quando
3205 1712 3765 1809 praedicabatur
3799 1717 3897 1790 ab

2350 1825 2762 1922 Apostolis‚
2861 1827 3162 1901 Christo
3254 1828 3506 1903 adhuc
3584 1831 3894 1906 vivente

2350 1951 2525 2014 ante
2561 1941 2726 2039 ejus
2760 1941 3223 2039 passionem.
3268 1944 3781 2019 PatetJoann.
3816 1948 3888 2021 3.

2365 2059 2585 2132 Venit
2607 2059 2829 2133 Jesns
2871 2067 2945 2133 et
2984 2060 3353 2158 discipuli
3397 2064 3561 2161 ejus
3611 2065 3692 2138 in
3743 2066 3897 2138 Ju-

2346 2176 2627 2269 claeam,
2673 2185 2744 2251 et
2789 2177 2912 2251 illi
2949 2177 3467 2275 baptizabant,
3506 2193 3647 2256 etc.
3696 2182 3885 2257 Luc.

2344 2294 2412 2365 4.
2449 2294 2675 2367 Misit
2703 2293 2879 2369 illos
2903 2294 3120 2369 binos
3157 2304 3228 2370 et
3245 2297 3460 2372 binos
3484 2300 3587 2374 ad
3602 2302 3892 2397 praedi-

2342 2412 2673 2486 candum
2707 2421 2777 2487 et
2808 2412 3462 2511 baptizandum&
3496 2429 3676 2494 tunc
3709 2423 3886 2495 nul-

2339 2527 2454 2602 los
2477 2529 2570 2601 ad
2615 2530 2758 2603 hoc
2790 2530 3182 2626 obligavit.
3256 2533 3493 2630 Cujus
3536 2538 3883 2633 probatio
3911 2573 4195 2626 commum
4249 2607 4250 2622 ,

2338 2654 2451 2718 est
2474 2646 2899 2719 secundum
2934 2646 3259 2744 aliquOS‚
3317 2650 3498 2747 quia
3530 2653 3880 2728 Circum-
3909 2637 4208 2765 ἓξοῖξῖξζ,

2336 2759 2522 2834 cisio
2553 2761 3092 2859 imponebatur
3127 2763 3421 2840 Judaeis
3479 2792 3570 2841 ex
3620 2794 3878 2846 neces·
3934 2763 4196 2814 ¹¹⁸m³⁰⁰0

3905 2828 4185 2891 obligabat.

2333 2877 2553 2952 sitate
2621 2878 2889 2952 salutis
2967 2903 3210 2977 usque
3287 2883 3380 2956 ad
3424 2883 3874 2965 Passionem
3939 2890 4115 3004 {3325ss
4141 2894 4186 3004 ¹}-

2330 2992 2636 3082 Christi,
2674 2990 2872 3067 sicut
2927 3004 3000 3068 et
3039 2995 3301 3070 omnia
3358 2998 3507 3072 alia
3567 3000 3870 3098 legalia,
3939 3029 3998 3077 1>-
4034 3018 4185 3080 (1.66·

2329 3133 2505 3185 nam
2528 3110 2876 3187 Christus
2908 3123 3082 3189 ante
3131 3124 3446 3191 mortem
3480 3141 3699 3194 suam
3734 3120 3871 3195 im·
3901 3084 4204 3207 {5350}st

2328 3228 2654 3304 mediate
2689 3231 3018 3305 comedit
3057 3256 3342 3330 agnum
3379 3234 3864 3332 paschalem,
4046 3208 4093 3256 ³'

2326 3352 2399 3418 et
2426 3367 2576 3417 non
2601 3343 2924 3431 fecisset,
2967 3347 3112 3421 nisi
3136 3347 3634 3427 Sacramenta
3658 3354 3869 3429 illius

2324 3461 2518 3558 legis
2573 3486 2815 3560 usque
2869 3474 3053 3538 tunc
3104 3466 3556 3543 habuissent
3604 3470 3870 3547 effica-

2326 3576 2550 3651 ciam.
2625 3577 3249 3678 Unumquodque
3329 3584 3531 3657 enim
3606 3600 3867 3664 manet

2323 3692 2428 3767 ita
2468 3694 2626 3782 diu,
2674 3695 2867 3770 sicut
2904 3698 3127 3771 habet
3169 3698 3631 3791 efficaciam;
3679 3728 3863 3803 ergo

2323 3809 2823 3885 Circumcisio
2853 3836 3095 3910 usque
3129 3824 3313 3888 tunc
3350 3820 3650 3893 mansit.
3686 3821 3860 3896 Non

2323 3950 2505 4023 ergo
2542 3929 2973 4002 necessario
3009 3920 3472 4006 tenebantur
3504 3937 3861 4013 homines

2322 4046 2415 4119 ad
2436 4045 2939 4142 Bapfismum,
2977 4048 3159 4144 quia
3181 4059 3447 4125 contra
3470 4053 3672 4128 idem
3699 4081 3857 4130 non

2321 4172 2498 4236 sunt
2543 4162 2694 4235 duo
2721 4164 3055 4239 remedia
3086 4167 3367 4261 totalia,
3405 4171 3589 4266 quia
3619 4174 3859 4250 altero

2321 4279 2639 4354 istorum
2713 4306 2865 4355 non
2910 4282 3308 4380 existente,
3355 4288 3546 4362 nihil
3604 4292 3861 4367 minus

2324 4399 2648 4472 habetur
2687 4400 2911 4473 etiam
2970 4403 3389 4479 remedium
3435 4410 3662 4484 totale
3722 4435 3861 4509 per

2320 4513 2554 4595 aliud,
2594 4514 2724 4588 sed
2787 4539 2940 4613 quo
3009 4541 3162 4590 non
3228 4521 3598 4598 existente
3660 4527 3855 4601 nihil

2321 4632 2576 4706 minus
2607 4646 2921 4709 curatur
2947 4635 3234 4733 aliquid
3271 4639 3506 4733 aliud,
3546 4665 3698 4718 non
3742 4656 3859 4720 est

2316 4750 2840 4824 necessarium
2899 4753 3354 4848 remedium,
3401 4780 3541 4830 nec
3584 4758 3850 4835 efficax

2313 4876 2666 4962 respectu
2726 4868 2893 4963 ejus
2927 4894 2941 4955 3
2989 4892 3170 4965 ergo
3212 4871 3415 4946 idem
3457 4875 3687 4951 simul
3729 4904 3855 4955 es-

2312 4991 2426 5055 set
2453 4992 2862 5080 utrumque
2896 4989 3417 5064 necessarium
3450 5004 3524 5067 et
3554 4995 3847 5085 efficaX,

2311 5108 2384 5172 et
2416 5124 2567 5174 non
2602 5100 2895 5176 efficax.
2931 5104 3139 5178 Istud
3174 5106 3265 5180 de
3309 5108 3853 5189 Circumcisio-

2310 5218 2644 5312 nequod
2704 5220 3021 5293 cadebat
3098 5223 3241 5297 sub
3301 5239 3687 5326 praecepto
3758 5232 3849 5306 de

2309 5334 2761 5409 necessitate
2803 5337 3073 5412 salutis
3114 5363 3361 5439 usque
3404 5344 3496 5417 ad
3540 5345 3851 5421 Passio-

2303 5472 2480 5523 nem
2526 5452 2830 5537 Christi,
2875 5478 3032 5528 non
3075 5459 3301 5533 credo
3336 5483 3502 5538 esse
3543 5487 3843 5559 verum,

2304 5565 2503 5641 sicut
2542 5568 2840 5645 dicetur
2883 5571 3105 5649 infra.
