4295 6326
605 396 735 464 520

604 573 964 649 voluntas
1005 576 1096 650 de
1142 585 1415 651 natura
1455 598 1595 649 sua
1626 573 1864 673 possit
1910 574 1988 645 in
2032 598 2159 669 op-

606 690 941 786 positum
974 692 1168 788 ejus,
1226 693 1319 766 ad
1375 693 1580 790 quod
1649 691 1892 765 virtus
1933 689 2157 763 incli-

606 817 764 900 nat,
829 809 1135 883 habitus
1183 833 1336 883 non
1389 809 1753 906 impediet
1818 809 1963 881 hoc
2034 830 2158 880 ne-

504 926 513 931 ’
607 925 972 999 cessario.

358 1060 466 1128 23.

235 5183 409 5231 Virtus
454 5184 533 5231 est

267 5245 321 5292 in
350 5244 544 5293 volun-

240 5311 367 5362 tate.
405 5312 464 5357 ut
498 5306 562 5356 li-

271 5370 400 5419 bera
429 5373 527 5420 est.

702 1040 972 1116 Posset
1011 1041 1155 1115 dici
1192 1042 1396 1138 quod
1454 1039 1762 1115 habitus
1820 1040 1893 1112 in
1940 1063 2155 1113 com-

601 1157 843 1245 muni,
910 1167 1135 1254 prout
1182 1167 1298 1231 est
1362 1156 1808 1232 indifferens
1870 1158 1963 1230 ad
2013 1156 2154 1228 vir-

595 1286 865 1369 tutem,
912 1301 1062 1350 non
1123 1278 1377 1351 solum
1444 1276 1753 1373 respicit
1812 1276 2153 1349 volunta-

592 1404 775 1487 tem,
816 1395 1169 1469 utlibera
1209 1404 1322 1469 est
1382 1395 1476 1468 ad
1538 1403 1950 1490 utrumque
2013 1417 2151 1490 op·

590 1513 1047 1610 positorum,
1121 1521 1195 1587 et
1257 1512 1365 1585 sic
1419 1511 1495 1583 in
1562 1509 1936 1584 eliciendo
2005 1509 2151 1583 ali-

587 1654 740 1729 quo
788 1630 1008 1703 modo
1065 1629 1231 1725 ejus
1292 1621 1715 1703 libertatem
1785 1627 2150 1701 determi-

585 1756 719 1820 nat
762 1747 856 1820 ad
902 1770 1174 1839 unum,
1221 1746 1387 1842 ipso
1426 1744 1685 1819 habitu
1755 1753 2140 1836 manente,

585 1862 691 1937 ita
735 1873 815 1936 ut
857 1887 1006 1935 non
1056 1863 1152 1936 sit
1185 1860 1637 1937 delectabile
1680 1859 1996 1934 tendere
2067 1860 2141 1933 in

585 1978 1054 2075 oppositum,
1100 1978 1231 2051 sed
1278 1977 1350 2049 in
1400 1979 1542 2050 hoc
1616 1984 1910 2049 tantum
1961 1997 2048 2048 ac
2080 1976 2142 2048 si

582 2103 782 2168 esset
810 2094 953 2168 sibi
990 2095 1367 2167 naturale.

681 2211 832 2285 Sed
864 2221 1119 2286 tamen
1177 2212 1320 2283 hoc
1379 2233 1529 2282 non
1602 2209 1800 2282 tollit
1853 2208 2145 2305 ejusli-

580 2329 979 2421 bertatem,
1027 2329 1211 2425 quia
1242 2328 1437 2401 sicut
1478 2326 1911 2400 voluntarie
1952 2349 2141 2400 cau-

579 2457 695 2520 sat
762 2445 1108 2519 habitum
1178 2443 1637 2535 virtuosum,
1719 2443 1822 2515 ita
1894 2453 2139 2539 potest

579 2562 878 2659 agendo
920 2584 1408 2658 corrumpere
1445 2560 1790 2633 habitum
1847 2568 2141 2634 contra-

581 2677 810 2768 rium,
892 2677 1012 2751 vel
1106 2686 1352 2774 potest
1457 2677 1694 2750 libere
1774 2684 2135 2750 neutrum

585 2819 930 2871 causare.

685 2912 903 2986 Unde
942 2920 1098 2985 tota
1157 2910 1551 2985 inclinatio
1623 2933 1756 3007 per
1827 2909 2134 2982 modum

585 3040 910 3122 naturae,
957 3051 1189 3125 quain
1238 3027 1407 3101 lacit
1476 3026 1812 3114 habituS,
1876 3026 2140 3100 subest

585 3146 916 3223 libertati
969 3144 1415 3238 voluntatis,
1489 3153 1562 3218 et
1637 3143 1745 3218 sic
1819 3167 1973 3217 non
2027 3152 2140 3217 est

586 3263 1150 3340 inconveniens
1182 3262 1259 3335 in
1302 3262 1725 3349 voluntate,
1792 3271 1868 3333 ut
1902 3260 2139 3354 libera

587 3391 726 3474 est,
773 3404 1060 3479 ponere
1093 3379 1425 3452 habitus.

688 3498 839 3572 Sed
896 3496 1282 3593 loquendo
1324 3494 1415 3567 de
1485 3493 1780 3586 habitu,
1853 3493 1985 3591 qui
2028 3502 2142 3568 est

587 3617 861 3708 virtus,
891 3638 1067 3711 quae
1094 3612 1550 3687 determinat
1583 3612 2005 3686 libertatem
2036 3611 2142 3683 in-

591 3733 1043 3807 differentia}
1075 3730 1493 3804 voluntatis
1526 3729 1616 3802 ad
1648 3729 1934 3802 bonum
1971 3728 2145 3801 sim-

591 3851 918 3950 pliciter,
947 3847 1150 3946 quod
1177 3855 1290 3920 est
1315 3846 1737 3921 secundum
1772 3847 2138 3920 rationem

592 3979 908 4060 rectam,
949 3990 1099 4040 non
1140 3965 1281 4038 luit
1312 3963 1385 4036 in
1459 3964 1880 4056 voluntate,
1922 3974 2144 4060 prout

593 4100 708 4163 est
766 4084 1091 4160 electiva
1158 4080 1690 4179 oppositorum
1762 4082 2138 4173 absolute,

594 4204 701 4278 sic
738 4201 1043 4276 habitus
1086 4196 1607 4281 inenuntium,
1645 4198 1777 4270 sed
1827 4208 1904 4270 ut
1940 4195 2145 4270 diffe-

594 4344 772 4395 rens
809 4319 1004 4392 facta
1042 4314 1592 4389 deliberatione
1631 4313 1944 4387 rationis
1982 4338 2145 4388 rec-

592 4446 718 4517 tae,
770 4444 849 4506 ut
888 4431 1120 4525 eligat
1148 4427 1626 4502 concorditer
1672 4429 1947 4502 rationi
1983 4452 2143 4502 rec-

599 4561 717 4626 tae..
772 4552 861 4624 Et
922 4548 1029 4621 sic
1094 4545 1649 4619 determinatur
1707 4569 1797 4619 ex
1865 4547 2142 4619 virtute

592 4672 686 4744 ad
737 4669 1022 4741 bonum
1058 4664 1426 4737 dictatum
1486 4687 1529 4735 a
1569 4663 1862 4737 ratione
1911 4673 2138 4756 recta,

592 4809 636 4860 a
676 4807 830 4880 qua
864 4805 1012 4855 non
1070 4779 1161 4852 de
1220 4778 1674 4853 necessitate
1733 4777 2144 4852 inclinatur

595 4901 689 4975 ad
754 4923 1023 4989 unum,
1134 4893 1318 4992 quin
1393 4894 1633 4991 possit
1705 4896 2140 4992 oppositum

596 5011 906 5113 eligere.

696 5136 787 5208 Et
828 5131 997 5205 ideo
1033 5139 1237 5225 patet
1269 5129 1470 5227 quod
1505 5129 1748 5203 virtus
1787 5129 2144 5202 [undatur

597 5253 673 5326 in
708 5251 1131 5338 voluntate,
1173 5255 1252 5318 ut
1323 5246 1559 5319 libera
1617 5257 1756 5334 est,
1813 5246 1995 5344 quia
2035 5246 2141 5319 sic

595 5370 799 5444 dicta
839 5362 1340 5439 deliberativa
1413 5386 1559 5435 non
1627 5362 2144 5436 condividitur

593 5499 861 5562 contra
900 5507 1007 5563 se,
1067 5489 1144 5553 ut
1197 5479 1457 5565 libera,
1531 5480 1728 5554 sicut
1794 5504 1931 5554 nec
1983 5503 2144 5578 spe-

595 5603 787 5676 ciale
820 5606 1088 5673 contra
1119 5617 1555 5669 commune.

2070 396 2307 465 LIBRI
2357 394 2477 462 ΙΙΙ.

2368 566 2587 643 Unde
2628 591 2782 641 non
2830 566 3134 642 videtur
3195 591 3463 643 eorum
3495 568 3816 644 distinc-

2268 685 2371 758 tio
2405 686 2656 783 quoad
2694 687 2837 759 hoc
2878 685 3375 761 conveniens.

2798 1033 3154 1090 SCHOLIUM
3196 1039 3263 1090 V.

2333 1230 2600 1286 Admittit
2634 1231 2810 1286 etiam
2844 1247 2914 1286 ex
2944 1230 3142 1287 multis
3173 1230 3555 1287 electionibus
3587 1232 3811 1303 acquiri

2263 1319 2536 1375 virtutem
2574 1321 2881 1393 perfectam
2918 1321 2974 1375 in
3008 1322 3262 1392 appetitu
3297 1320 3556 1377 inferiori
3591 1338 3605 1389 ;
3652 1324 3806 1393 quod

2261 1411 2482 1478 optime
2522 1413 2770 1481 explicat
2800 1412 3062 1482 exemplo
3093 1412 3429 1483 Philosophi
3481 1415 3550 1467 de
3601 1414 3808 1467 virtute

2259 1501 2317 1556 in
2388 1503 2645 1573 Principe
2702 1510 2757 1558 et
2812 1505 2867 1557 in
2927 1503 3202 1559 subditis.
3268 1503 3452 1558 Habet
3519 1502 3809 1576 exquisita

2260 1593 2602 1649 doctrinalia
2634 1594 2690 1648 in
2745 1592 3130 1648 solutionibus
3191 1599 3692 1664 argumentorum,
3750 1598 3808 1648 et

2259 1682 2562 1737 materiam
2601 1683 2773 1753 hujus
2799 1683 3142 1753 quaestionis
3187 1683 3380 1737 fusius
3439 1687 3497 1736 et
3549 1683 3807 1739 exactius

2256 1769 2350 1824 hic
2384 1775 2611 1839 tractat,
2646 1787 2822 1841 quam
2859 1774 2915 1826 in
2949 1774 3163 1843 scripto
3191 1770 3523 1827 Oxoniensi.

2353 1976 2612 2049 Potest
2648 1984 2903 2049 autem
2969 1975 3289 2049 ulterius
3342 1975 3519 2069 dici,
3592 1976 3797 2072 quod
3864 1881 4140 2040 νὶνίῗιᾎε·

2252 2115 2407 2164 non
2456 2101 2749 2164 tantum
2803 2091 2877 2164 in
2951 2093 3342 2165 voluntate
3402 2093 3498 2166 sit
3555 2092 3798 2166 virtus
3846 2058 4134 2190 Βὲἑρῗᾏῗ

2254 2208 2593 2300 moram,
2675 2207 2835 2282 sive
2952 2208 3285 2301 habituS,
3368 2231 3459 2282 ex
3539 2208 3799 2286 multis
3829 2192 4172 2298 ‘'E‘fiffif'msss

2251 2326 2757 2401 electionibus
2783 2326 3006 2399 rectis
3036 2336 3449 2416 generatus
3484 2353 3502 2419 ;
3538 2327 3670 2402 sed
3705 2351 3796 2402 ex
3825 2306 4176 2435 ὓᾶξξξὲἓὲῗι-

2252 2444 2394 2516 hoc
2455 2442 2914 2539 relinquitur
2979 2443 3334 2540 quaedam
3393 2443 3793 2541 impressio
3927 2432 4082 2482 aum.

2250 2559 2327 2633 in
2357 2560 2696 2658 appetitu
2743 2559 3111 2646 inferiori,
3158 2561 3289 2657 qui
3368 2571 3616 2660 potest
3647 2562 3794 2635 dici

2249 2679 2501 2751 virtus
2569 2678 2912 2772 moraliS,
2968 2678 3166 2754 sicut
3241 2680 3654 2754 adductum
3688 2692 3801 2755 est

2251 2795 2328 2866 in
2372 2796 2722 2892 exemplo
2754 2795 3233 2894 Philosophi,
3279 2797 3483 2893 quod
3526 2799 3619 2871 ad
3660 2798 3803 2873 bo-

2249 2935 2432 2985 num
2507 2911 2852 3007 regimen
2925 2912 3344 3009 requiritur
3409 2914 3658 2989 virtus
3720 2915 3795 2987 in

2249 3027 2634 3125 Principe,
2712 3037 2792 3102 ut
2877 3027 3071 3103 bene
3141 3028 3489 3126 imperet,
3563 3041 3636 3105 et
3722 3031 3801 3104 in

2249 3143 2583 3236 subdit0,
2622 3152 2705 3217 ut
2766 3144 2961 3219 bene
3017 3144 3349 3239 obediat,
3395 3146 3618 3221 sicin
3681 3171 3804 3246 ap-

2248 3260 2483 3360 petitu
2528 3260 2911 3358 superiori
2948 3270 3030 3334 ut
3082 3262 3278 3336 bene
3318 3262 3668 3361 imperet,
3731 3273 3805 3339 et

2250 3377 2325 3449 in
2364 3376 2732 3468 inferiori,
2770 3386 2849 3450 ut
2887 3377 3082 3451 bene
3125 3377 3454 3452 obediat.

2344 3496 2458 3568 Ad
2516 3494 2873 3583 rationeS,
2930 3494 3338 3569 dicendum
3398 3496 3491 3569 ad
3534 3507 3802 3572 aucto-

2252 3611 2548 3684 ritatem
2617 3610 3090 3707 Philosophi,
3154 3619 3234 3683 ut
3309 3611 3594 3686 dictum
3656 3624 3795 3706 est,

2250 3730 2454 3827 quod
2505 3728 2823 3802 virtutes
2879 3730 3204 3802 morales
3244 3739 3424 3803 sunt
3466 3729 3538 3803 in
3602 3731 3798 3806 irra-

2255 3845 2514 3919 tionali
2557 3844 2921 3919 obedibili
2966 3846 3268 3919 rationi.

2352 3963 2569 4036 Unde
2641 3963 3160 4060 Philosophus
3230 3963 3583 4060 intelligit
3663 3989 3797 4065 per
3830 3965 4160 4077 gffgffuffi„

2252 4080 2633 4155 obedibile
2691 4081 2968 4154 rationi
3041 4091 3450 4180 utrumque
3500 4087 3799 4183 appeti·
3833 4076 4159 4141 principale.

2252 4209 2442 4289 tum,
2489 4198 2687 4271 sicut
2719 4197 3004 4271 dictum
3050 4208 3162 4273 est
3197 4202 3590 4296 arguendo
3623 4227 3795 4278 con-

2252 4326 2366 4389 tra
2399 4315 2721 4412 primam
2765 4315 3236 4412 opinionem,
3298 4317 3517 4392 aliter
3565 4321 3795 4415 justi-—
3833 4329 4149 4441 {gf-'undum

2251 4432 2353 4506 tia
2395 4443 2596 4505 esset
2636 4432 2708 4503 in
2754 4432 3093 4529 appetitu
3128 4435 3520 4508 sensitivO.
3582 4440 3671 4512 Et
3702 4437 3795 4512 ad
3830 4408 4162 4528 ςαιιεῗὲυῗῗ

2251 4549 2978 4642 Commentatorcm,
3079 4551 3484 4625 dicendum
3593 4531 3890 4651 quodni
3928 4520 4132 4633 iffi?-

2250 4689 2520 4740 verum
2556 4676 2695 4758 est,
2746 4666 2815 4737 in
2864 4690 2952 4739 eo
3029 4667 3229 4764 quod
3293 4679 3406 4743 est
3464 4672 3796 4745 medium

2252 4782 2449 4855 inter
2528 4782 3080 4878 phantasticam
3177 4794 3249 4856 et
3317 4786 3794 4882 rationalem,

2252 4899 2565 4996 ponitur
2620 4898 2884 4992 virtuS,
2957 4898 3250 4974 scilicet
3308 4901 3382 4974 in
3455 4906 3793 5001 appetitu

2252 5013 2651 5106 sensitivo,
2697 5015 2896 5088 sicut
2926 5023 3000 5088 et
3032 5015 3469 5092 immediate
3511 5021 3793 5097 dictum
3880 5019 4107 5134 ''²331’ss

2252 5142 2390 5207 est.
2448 5134 2537 5205 Et
2604 5156 2774 5205 cum
2842 5132 3195 5226 dicitur',
3278 5136 3798 5237 Philosophus
4020 5121 4032 5134 ⁹
4099 5122 4115 5136 ’

2252 5249 2772 5322 determinans
2835 5249 2925 5322 de
3004 5250 3347 5348 subjecto
3429 5255 3792 5332 virtutum

2258 5367 2688 5458 moralium,
2747 5389 2896 5438 non
2964 5367 3135 5440 facit
3203 5370 3667 5446 mentionem
3705 5376 3796 5451 de

2250 5486 2677 5576 voluntate,
2733 5484 2931 5558 sicut
2999 5484 3090 5558 de
3160 5489 3496 5583 appetitu
3563 5494 3799 5568 sensi-

2254 5600 2435 5686 tiv0‚
2484 5600 2895 5674 dicendum
2930 5600 3133 5699 quod
3170 5605 3314 5678 hoc
3346 5629 3502 5680 non
3540 5620 3654 5683 est
3682 5633 3800 5685 ve·

3878 3887 3961 3937 Ad
3994 3888 4106 3952 pri-
