4295 6326
419 2145 478 2210 1.

363 2262 586 2337 Apgum.

344 2339 589 2389 primum.

354 3197 550 3246 Secun-

376 3260 519 3309 dum.

322 4748 579 4800 Tertium.

332 5675 548 5726 Contra.

656 441 733 505 tt

1157 873 1557 952 QUAESTIO
1608 872 1691 938 II.

654 1050 897 1114 Utrum
949 1044 1243 1113 materia
1278 1043 1498 1130 possit
1540 1061 1687 1110 esse
1742 1039 1894 1109 sine
1957 1041 2191 1126 forma

936 1155 1202 1221 >virtute
1239 1152 1541 1237 alicujus
1591 1168 1815 1217 cousae
1849 1145 1891 1215 t)

650 1355 848 1411 Ateus.
907 1355 961 1406 2.
1022 1354 1168 1421 part.
1231 1352 1420 1420 quaest.
1483 1350 1571 1403 12.
1632 1346 1873 1403 membro
1913 1346 1968 1402 2.
2000 1352 2117 1403 are.
2149 1362 2190 1403 1.

724 1426 883 1496 lingo
914 1422 1060 1478 Viot.
1099 1437 1136 1477 ι.
1164 1422 1235 1477 de
1267 1421 1512 1476 Sacram.
1549 1422 1692 1489 part.
1727 1435 1765 1473 1.
1817 1420 1924 1472 art.
1973 1419 2028 1472 4.
2069 1416 2194 1473 Mn·

719 1499 851 1563 nist.
883 1494 972 1551 hic
1008 1497 1069 1550 D.
1100 1494 1355 1549 Thomas
1395 1508 1434 1547 1.
1464 1500 1611 1563 part.
1645 1492 1837 1562 quaest.
1869 1490 1958 1545 60.
2014 1497 2192 1544 ar1.1.

720 1569 788 1623 D.
824 1568 1130 1623 Bonavent.
1163 1567 1254 1620 hio
1273 1567 1386 1619 ort.
1438 1579 1475 1617 1.
1528 1566 1721 1633 quaest.
1772 1577 1811 1617 1.
1863 1559 2194 1616 Richardus

753 1648 911 1697 uaest.
963 1639 1047 1693 14.
1112 1636 1360 1695 Duraud.
1407 1638 1600 1706 quaest.
1641 1633 1958 1704 2.Gregor.
1991 1640 2190 1703 quaest.

756 1755 771 1769 .
798 1709 1094 1767 Conimbr.
1129 1724 1167 1762 1.
1202 1705 1425 1779 Physic.
1460 1722 1578 1774 cop.
1610 1705 1664 1761 9.
1708 1708 1903 1776 quaest.
1935 1705 1990 1758 6.
2043 1703 2190 1759 Sua·

717 1800 810 1839 rez
841 1785 901 1838 in
930 1781 1050 1837 Hel.
1109 1780 1250 1851 disp.
1303 1780 1389 1833 ll.
1445 1784 1555 1833 art.
1601 1779 1654 1832 9.
1695 1780 1903 1832 Scotus
1943 1793 1984 1829 ι.
2019 1775 2189 1845 Phys.

713 1861 913 1927 quaesc.
947 1853 1033 1909 19.
1064 1852 1154 1906 20.
1188 1859 1238 1906 et
1269 1849 1365 1905 tib.
1387 1850 1442 1904 2.
1475 1857 1668 1921 quoest.
1704 1851 1755 1902 7.
1791 1850 1849 1903 in
1895 1846 2067 1904 oxon.
2102 1846 2193 1902 hic

716 1931 768 1981 et
798 1927 854 1981 in
885 1930 1049 1981 tract.
1080 1923 1147 1979 de
1176 1923 1378 1979 Rerum
1405 1923 1585 1994 princ.
1617 1924 1816 1991 quaest.
1847 1918 1901 1974 8.

750 2127 970 2217 Quod
1046 2150 1229 2201 non.
1312 2128 1613 2213 Quanto
1677 2123 1936 2220 aliqua
2010 2129 2191 2196 sunt

658 2246 902 2343 magis
944 2268 1215 2336 unum,
1251 2251 1460 2319 tanto
1498 2240 1740 2337 magis
1772 2249 1950 2314 sunt
1995 2239 2193 2314 inse·

651 2362 1024 2462 parabilia
1067 2389 1084 2454 ;
1161 2359 1476 2434 materia
1552 2367 1626 2432 et
1700 2356 1946 2430 forma
2010 2365 2193 2430 sunt

655 2479 898 2577 magis
926 2501 1164 2553 unum
1179 2534 1198 2570 ,
1235 2499 1464 2572 quam
1497 2473 1926 2570 subjectum
1956 2482 2030 2546 et
2071 2495 2192 2545 ae-

651 2596 940 2672 cidens.
987 2594 1138 2669 Sed
1196 2594 1405 2668 Deus
1447 2616 1596 2666 non
1634 2598 1883 2690 potest
1943 2591 2189 2664 facere

649 2713 1079 2810 subjectum
1151 2710 1316 2785 sine
1373 2708 1759 2808 passione,
1827 2730 1968 2782 nee
2037 2730 2191 2781 ma-

648 2830 1133 2928 gnitudinem
1161 2828 1327 2902 sine
1370 2825 1619 2923 figura
1656 2854 1674 2920 ς
1711 2824 1946 2922 igitur
1991 2827 2192 2899 mul-

650 2954 720 3021 to
793 2945 1059 3020 fortius
1120 2966 1265 3018 neo
1329 2941 1727 3017 materiam
1777 2940 1944 3016 sine
2041 2941 2190 3014 lor-

649 3090 800 3141 ma.

746 3185 960 3276 Item,
998 3181 1201 3280 quod
1235 3204 1387 3255 non
1424 3188 1671 3279 potest
1705 3203 1842 3277 per
1872 3201 1953 3254 se
1986 3202 2183 3273 esse,

646 3311 761 3376 est
804 3299 1124 3374 inferius
1167 3321 1286 3392 e0,
1345 3296 1550 3394 quod
1620 3305 1864 3394 potest
1933 3318 2067 3392 per
2107 3317 2187 3369 se

645 3439 864 3510 esse3
910 3414 1043 3490 sed
1077 3413 1345 3488 relatio
1392 3435 1545 3485 non
1606 3420 1854 3509 potest
1905 3434 2039 3508 per
2105 3432 2188 3485 se

643 3558 811 3612 esse
847 3514 1131 3607 virtute
1174 3529 1435 3604 divina
1470 3557 1489 3623 3
1535 3528 1771 3626 igitur
1802 3529 1864 3603 si
1913 3538 2189 3603 natura

643 3660 903 3752 posset
944 3673 1078 3748 per
1101 3672 1181 3724 se
1216 3670 1412 3740 esse,
1452 3646 1717 3722 relatio
1751 3655 1952 3722 esset
1993 3646 2191 3720 infe-

639 3770 800 3843 rius
878 3791 1015 3841 ens
1085 3788 1314 3862 quam
1386 3762 1705 3837 materia
1763 3763 1841 3835 in
1912 3772 2189 3837 natura

643 3910 785 3963 sua
830 3914 849 3979 ;
893 3906 1382 3984 consequens
1451 3890 1567 3956 est
1639 3882 1942 3975 salsum,
2006 3880 2190 3979 quia

639 4000 1069 4079 seeundum
1123 3997 1635 4095 Augustinum
1667 3998 1913 4095 primo
1954 4021 2190 4096 super

637 4121 913 4195 Genes.
970 4140 1134 4214 cap.
1203 4115 1272 4187 8.
1309 4115 1384 4187 in
1429 4113 1561 4187 lin.
1627 4114 1990 4201 Domine,
2037 4114 2186 4189 duo

635 4238 897 4338 fecisti
936 4258 1174 4310 unum
1217 4256 1461 4331 prope
1502 4240 1598 4323 le,
1662 4232 1885 4307 aliud
1943 4256 2190 4331 prope

636 4355 862 4448 nihil,
900 4363 973 4428 et
1004 4353 1075 4425 2.
1113 4351 1454 4425 Confess.
1509 4372 1674 4447 cap.
1712 4348 1832 4420 32.
1864 4348 2191 4432 Materia

639 4497 792 4548 non
838 4479 1038 4547 esset
1070 4490 1303 4568 prope
1353 4466 1573 4559 nihil,
1610 4465 1672 4540 si
1737 4465 2026 4564 aliquid
2070 4490 2191 4541 es-

639 4600 754 4668 set
793 4588 1109 4663 interius
1155 4585 1495 4659 materia.

739 4707 956 4790 Item,
1003 4702 1200 4776 sieut
1234 4701 1500 4775 formae
1542 4710 1722 4774 sunt
1752 4700 2185 4795 contrariae,

642 4827 747 4899 ita
817 4817 1287 4919 privationes
1320 4817 1736 4891 formarum
1775 4842 1791 4902 ;
1829 4816 1960 4891 sed
2013 4816 2188 4891 duoe

645 4944 909 5017 formae
958 4933 1365 5011 contrariae
1406 4957 1560 5006 non
1596 4943 1919 5031 possunt
1957 4933 2184 5009 simul

644 5080 812 5135 esse
844 5056 921 5128 in
960 5049 1276 5127 materia
1311 5078 1328 5142 ;
1365 5048 1600 5145 igitur
1640 5073 1781 5125 nee
1822 5050 1997 5125 duae
2040 5050 2190 5149 pri-

642 5175 992 5252 vationes
1052 5168 1598 5260 contrariae3si
1650 5177 1900 5243 tamen
1957 5179 2190 5243 mate·

645 5295 760 5368 ria
826 5298 1029 5366 esset
1096 5285 1263 5360 sine
1330 5284 1539 5359 omni
1620 5285 1886 5378 forma,
1932 5286 2190 5385 priva-

644 5410 894 5485 tiones
927 5400 1273 5479 omnium
1324 5399 1745 5474 formarum
1777 5400 2005 5475 simul
2041 5401 2186 5477 sibi

647 5527 1012 5600 inessent.

744 5636 1225 5738 Oppositum,
1273 5630 1528 5707 minus
1603 5633 1909 5709 videtur
1982 5634 2188 5711 acci-

2071 435 2308 527 mssm
2361 437 2443 504 11.

2304 588 2502 684 dens'
2537 632 2761 707 posse
2795 632 2962 685 esse
2996 610 3162 685 sine
3203 610 3578 709 subjecto,
3618 635 3854 711 quam

2303 727 2623 801 materia
2654 727 2821 802 sine
2873 729 3137 815 forma,
3181 729 3361 826 quia
3420 730 3852 826 subjeetum

2303 843 2642 943 aliquam
2669 845 3194 921 causalitatem
3239 846 3467 922 habet
3499 859 3849 946 respectu

2300 956 2747 1052 accidentiS,
2802 959 2937 1034 sed
3053 960 3369 1037 materia
3458 961 3535 1035 in
3633 964 3848 1037 nullo

2300 1097 2584 1169 genere
2662 1099 2918 1151 causae
2994 1076 3376 1175 dependet
3428 1103 3473 1153 a
3542 1080 3847 1175 forma3

2300 1192 2436 1265 sed
2468 1192 2828 1268 accidens
2869 1217 3005 1291 per
3072 1196 3409 1293 aliquam
3488 1197 3850 1271 virtutem

2300 1308 2578 1405 poterit
2609 1332 2778 1384 esse
2834 1309 2999 1385 sine
3033 1311 3429 1407 subject03
3478 1312 3713 1408 igitur
3778 1321 3851 1387 et

2305 1424 2618 1500 materia
2652 1426 2816 1500 sine
2860 1427 3126 1503 forma.

2854 1674 3213 1732 SCHOLIUM
3256 1679 3298 1733 1.

2368 1828 2667 1885 Sententia
2695 1828 2935 1900 Atheni,
2967 1830 3197 1902 AEgidii,
3229 1835 3290 1885 D.
3323 1828 3582 1898 Thomas,
3615 1838 3666 1887 et
3710 1830 3846 1887 alio·

2297 1936 2451 1989 rum,
2517 1935 2845 1992 repugnare
2903 1920 3206 1978 materiam
3280 1937 3446 1993 posse
3504 1921 3759 1994 separari
3811 1939 3845 1978 a

2300 2011 2499 2079 forme,
2539 2010 2672 2081 quia
2702 2027 2817 2067 non
2864 2011 3042 2069 habet.
3086 2010 3452 2069 existentiam
3504 2012 3840 2069 distinctam

2296 2117 2329 2155 a
2363 2100 2548 2156 forma
2573 2100 2893 2158 existentiae
2929 2121 2943 2171 ς
2979 2100 3076 2158 alii
3123 2102 3427 2175 assignant
3477 2102 3621 2159 alias
3667 2102 3832 2159 ratio·

2298 2207 2422 2248 nes.

2395 2364 2692 2440 Dicitur
2756 2366 2851 2440 ad
2929 2366 3436 2465 quaestionem
3514 2369 3840 2446 diversi·
3997 2379 4061 2444 2.

2300 2481 2549 2575 mode,
2594 2482 3022 2557 seeundum
3063 2484 3441 2563 diversam
3507 2509 3841 2586 oonoep-
3913 2493 4142 2607 cuidant]

2299 2599 2585 2673 tionem
2636 2599 2729 2674 de
2811 2601 3152 2676 materia.
3208 2601 3565 2679 Dicentes
3633 2605 3835 2702 quod
3889 2572 4174 2695 ωῗιῖἓῗίἶφ

2301 2714 2619 2789 materia
2687 2737 2841 2789 non
2910 2725 3025 2790 est
3078 2740 3200 2791 res
3267 2718 3418 2793 alia
3483 2698 4209 2814 as01·ma,¹'2232⁰2?132‘

2297 2830 2563 2905 dieunt
2638 2832 2843 2928 quod
2902 2855 3057 2905 non
3130 2843 3377 2931 potest
3449 2858 3616 2911 esse
3675 2836 3842 2913 sine
3937 2809 4126 2860 ‘⁰⁸⁸⁸'

2299 2948 2565 3021 forma.
2627 2946 3115 3023 Sustinentes
3194 2951 3616 3026 secundam
3688 2952 3846 3051 opi·

2300 3065 2640 3158 nionem,
2704 3065 2909 3162 quod
2971 3090 3094 3141 res
3182 3069 3650 3162 generabilis
3731 3081 3844 3146 est

2296 3181 2718 3281 composita
2798 3206 2889 3257 ex
2956 3183 3298 3280 potentia
3338 3196 3410 3258 et
3477 3196 3678 3281 actu,
3724 3188 3845 3261 di-

2297 3309 2482 3374 eunt
2512 3301 3091 3396 quodmateria
3156 3326 3307 3376 non
3363 3313 3611 3401 potest
3673 3331 3840 3382 esse

2295 3417 2462 3493 sine
2501 3417 2774 3511 torma,
2811 3417 2990 3514 quia
3058 3420 3373 3494 materia
3415 3425 3841 3499 seeundum

2296 3555 2376 3607 se
2418 3532 2734 3607 omnino
2772 3534 2960 3607 nihil
3004 3544 3218 3610 actus
3260 3537 3515 3628 habet,
3563 3551 3635 3615 et
3691 3544 3840 3616 tale

2296 3675 2451 3725 non
2498 3660 2745 3750 potest
2799 3677 2967 3729 esse
3037 3676 3171 3752 per
3220 3679 3328 3750 se,
3376 3667 3627 3733 tamen
3698 3660 3840 3758 ipsi

2295 3771 2598 3844 salvant
2651 3770 3161 3846 substantiam
3224 3797 3389 3849 esse
3457 3778 3843 3874 composi-

2294 3896 2477 3981 tam,
2551 3886 2733 3983 quia
2785 3887 3102 3962 materia
3162 3898 3236 3962 et
3297 3890 3540 3966 forma
3613 3895 3843 3972 habet

2296 4004 2490 4077 duas
2531 4003 2913 4079 realitates
2952 4013 3027 4079 et
3066 4005 3218 4080 duo
3287 4031 3447 4082 esse
3497 4013 3831 4108 propria.

2294 4121 2846 4197 Verumtamen
2889 4122 2951 4196 si
2994 4122 3427 4221 intelligant
3468 4152 3605 4225 per
3649 4154 3833 4227 esse,

2294 4240 2414 4312 vel
2450 4262 2585 4336 per
2613 4239 3063 4326 realitatem,
3111 4242 3316 4337 quod
3372 4247 3684 4321 materia
3743 4250 3839 4323 sit

2294 4354 2603 4430 realiter
2632 4365 2844 4429 extra
2893 4379 3205 4431 causam
3281 4383 3527 4456 suam,
3589 4387 3841 4462 quan-

2300 4482 2455 4547 tum
2508 4471 2602 4546 ad
2671 4473 2816 4546 hoo
2868 4496 3052 4566 esse,
3082 4476 3401 4551 materia
3482 4502 3631 4553 non
3703 4483 3840 4558 de-

2295 4589 2576 4686 pendet
2613 4589 3126 4665 essentialiter
3165 4615 3209 4666 a
3242 4593 3510 4688 forma,
3556 4608 3629 4671 et
3666 4598 3836 4674 ideo

2294 4714 2670 4803 quantum
2714 4706 2807 4779 ad
2851 4708 2994 4780 hoe
3022 4719 3279 4804 posset
3323 4709 3531 4786 Deus
3587 4714 3834 4792 facere

2295 4845 2462 4896 eam
2506 4845 2642 4919 per
2673 4846 2753 4897 se
2787 4823 3138 4899 existere.

2389 4939 2537 5014 Alii
2578 4941 2865 5015 habent
2916 4941 3141 5016 aliam
3206 4942 3832 5042 imaginationem

2295 5057 2385 5130 de
2432 5056 2775 5151 materia,
2821 5059 3026 5155 quod
3061 5059 3225 5157 ipsa
3265 5072 3379 5136 est
3436 5063 3644 5140 aliud
3697 5093 3835 5143 ens

2296 5196 2525 5271 quam
2587 5173 2856 5268 forma,
2910 5173 3093 5271 quia
3146 5185 3395 5273 potest
3459 5203 3626 5256 esse
3698 5194 3837 5260 ter·

2299 5287 2552 5364 minus
2610 5289 3041 5376 creationiS,
3113 5301 3186 5365 et
3244 5302 3495 5370 tamen
3573 5300 3838 5376 dieunt

2293 5405 2498 5502 quod
2550 5406 3048 5481 contradictio
3094 5418 3207 5482 est
3267 5413 3470 5507 quod
3527 5415 3621 5489 sit
3671 5419 3837 5494 sine

2295 5522 2580 5609 forma;
2638 5532 2801 5597 tum
2853 5523 3034 5622 quia
3084 5526 3432 5621 sequitur
3473 5533 3675 5629 quod
3729 5558 3838 5609 es·

2293 5646 2432 5732 set,
2470 5648 2544 5712 et
2610 5662 2766 5713 non
2834 5647 3036 5715 esset
3092 5650 3310 5718 aetus
3367 5672 3386 5738 3
3432 5658 3594 5723 tum
3656 5650 3838 5749 quia

3901 4936 4096 5000 Opinio
4123 4939 4186 4990 S.

3916 5000 4169 5052 Thomae.
