4295 6326
603 410 751 478 566-

1981 401 2224 469 LIBRI
2272 403 2391 473 lv.

1464 860 2606 1030 DISTINCTIO
2763 862 2958 1036 ΙΙ.

1349 1247 1442 1294 ΒΕ
1493 1243 1875 1295 EFFICACIA
1927 1242 2574 1294 SACRAMENTORUM
2625 1241 2844 1293 NOVAE
2895 1240 3096 1291 LEGIS

1131 1764 1540 1845 QUAESTIO
1584 1768 1633 1831 1.

627 1962 871 2026 Utrum
910 1960 1367 2026 Sacramenta
1416 1978 1606 2026 novae
1647 1959 1818 2043 ἱερεῖς
1856 1960 2165 2027 habeant

713 2064 1108 2155 efficaciam
1139 2086 1336 2133 suam
1375 2075 1692 2155 respectu
1720 2068 1966 2149 yratz'ae
2006 2086 2165 2134 con-

710 2176 1020 2260 ferendae
1049 2193 1090 2241 a
1127 2176 1452 2260 passione
1485 2172 1795 2241 Christi?

622 2369 822 2425 Aleae.
855 2370 906 2423 4.
938 2371 1085 2439 part.
1136 2376 1329 2439 quast.
1371 2368 1426 2422 9.
1476 2369 1716 2423 membro
1756 2368 1812 2423 7.
1860 2366 1926 2422 D.
1979 2368 2163 2422 Bona·

696 2446 851 2496 vent.
886 2440 976 2495 hie
1004 2440 1135 2495 dub.
1170 2440 1224 2493 2.
1258 2443 1311 2493 et
1338 2443 1449 2494 art.
1484 2455 1522 2494 1.
1564 2447 1752 2510 quaese.
1783 2455 1822 2494 1.
1860 2442 1920 2492 D.
1956 2438 2165 2494 Thom.

699 2513 752 2567 3.
775 2521 928 2583 part.
958 2522 1156 2582 quaest.
1187 2512 1277 2565 62.
1312 2516 1418 2565 art.
1450 2513 1506 2566 5.
1539 2517 1593 2566 et
1621 2516 1809 2582 quaest.
1840 2511 1931 2568 64.
1969 2515 2077 2565 art.
2112 2512 2165 2566 3.
2217 2544 2223 2553 -

700 2584 876 2653 Vasq.
910 2584 992 2639 ibi
1019 2583 1160 2655 disp.
1198 2584 1316 2638 135.
1353 2582 1507 2653 Vega
1534 2584 1588 2637 7.
1622 2586 1679 2636 in
1740 2581 1996 2638 Trident.
2039 2597 2167 2651 cap.

704 2656 1037 2785 {ghsscotus
1068 2656 1125 2709 in
1171 2654 1345 2711 Oxou.
1406 2654 1498 2711 hic
1539 2660 1731 2725 quaest.
1786 2669 1824 2710 1.
1868 2657 1917 2709 et
1948 2654 2171 2710 Senten-

415 2955 443 3019 1
733 2903 953 2978 Circa
1072 2903 1638 2978 distinctionem
1752 2902 2169 2978 secundam

325 3000 545 3137 Argdm.
638 3043 952 3118 quaero:
1036 3020 1306 3096 Utrum
1379 3018 1882 3094 Sacramenta
1956 3041 2176 3092 novae

315 3139 565 3203 primum.
639 3139 827 3238 leqis
865 3138 1195 3214 habeant
1245 3136 1745 3237 efficientiam
1775 3162 1993 3213 suam
2013 3160 2177 3211 res-

622 3265 851 3356 pecta
888 3259 1163 3356 qratiae
1212 3256 1704 3355 conferendae
1736 3282 1781 3332 a
1811 3257 2175 3358 passione

638 3374 991 3449 Christi?
1028 3375 1397 3470 Arguitur
1437 3374 1641 3471 quod
1703 3397 1884 3447 non.
1924 3373 2034 3446 Ab
2082 3396 2171 3447 eo

631 3491 837 3588 quod
922 3513 1075 3563 non
1164 3499 1304 3582 est,
1378 3514 1530 3563 non
1594 3489 1824 3563 habet
1880 3489 2171 3586 aliquid

629 3631 851 3681 suam
913 3605 1429 3695 efficientiam,
1492 3605 1674 3704 quia
1742 3605 2169 3679 secundum

630 3723 1190 3820 Philosophum
1234 3721 1304 3794 5.
1341 3720 1852 3820 Metaplzysz‘c.
1891 3745 2055 3817 cap.
2098 3721 2165 3793 1.

627 3841 720 3916 de
751 3864 1005 3924 causa,
1038 3846 1109 3911 et
1139 3840 1208 3910 2.
1246 3838 1563 3937 Pltysz‘c.
1602 3844 1785 3912 text.
1833 3837 1952 3909 37.
2002 3861 2174 3911 cau·

630 3980 716 4031 sa
766 3955 845 4027 in
897 3963 1071 4029 actu
1119 3963 1194 4028 et
1232 3952 1549 4027 effectus
1588 3953 1668 4026 in
1722 3962 1894 4027 actu
1938 3952 2170 4027 simul

632 4084 840 4166 sunt,
877 4082 951 4146 et
982 4096 1137 4145 non
1172 4079 1389 4158 sunt3
1428 4071 1560 4146 sed
1594 4070 1849 4168 passio
1890 4069 2170 4144 Christi

636 4215 791 4266 non
827 4199 967 4284 est,
1003 4190 1136 4264 sed
1171 4187 1536 4287 praeteriit
1572 4216 1590 4281 ;
1623 4211 1833 4283 ergo,
1880 4198 2023 4261 etc.

736 4310 954 4400 ltem,
999 4306 1060 4380 si
1122 4305 1255 4395 sie,
1317 4313 1447 4379 aut
1486 4327 1668 4400 ergo
1733 4327 1776 4377 a
1816 4303 2174 4400 passione

642 4437 722 4502 ut
777 4425 1137 4525 praevisa,
1189 4425 1312 4498 vel
1377 4431 1458 4495 ut
1513 4421 1905 4496 exhibita?
1964 4421 2040 4496 Si
2095 4432 2180 4495 ut

545 4572 563 4588 ·
634 4543 996 4642 praevisa,
1068 4564 1250 4637 ergo
1319 4538 1815 4612 Sacramenta
1897 4537 2176 4610 veteris

638 4660 829 4757 legis
898 4667 972 4733 et
1034 4680 1258 4731 novae
1329 4655 1521 4751 legis
1602 4678 1692 4728 ex
1761 4653 1834 4725 vi
1904 4653 2179 4727 Sacra-

640 4776 876 4852 menti
902 4775 1183 4849 habent
1219 4771 1705 4846 efficientiam
1743 4793 1786 4844 a
1818 4769 2177 4867 passione

637 4893 916 4970 Christi
949 4891 1311 4991 praevisa,
1349 4890 1532 4987 quia
1563 4890 1695 4963 illa
1735 4888 2181 4963 Sacramen-

636 5025 713 5090 ta
789 5020 1008 5088 erant
1073 5010 1420 5086 instituta
1490 5018 1664 5082 ante
1737 5007 2177 5105 passionem

637 5130 947 5223 Christi,
1021 5129 1204 5227 quia
1276 5125 1619 5224 Apostoli
1695 5125 2181 5221 baptizabant

640 5260 814 5326 ante
854 5257 1169 5321 mortem
1214 5244 1521 5336 Christi,
1571 5252 1773 5341 patet
1826 5243 2057 5316 Joan.
2103 5241 2174 5313 3.

639 5364 1125 5441 Eucharistia
1157 5362 1382 5437 etiam
1423 5359 1559 5433 luit
1598 5359 1945 5433 instituta
1983 5358 2182 5433 inte-

641 5506 820 5580 gra3
867 5505 1079 5577 erg0,
1125 5487 1266 5552 etc.

741 5601 956 5693 Item,
1012 5604 1362 5695 respectu
1424 5593 1691 5690 gratiae
1723 5618 1877 5668 non
1936 5603 2184 5692 potest

348 4328 543 4378 Secun-

376 4392 523 4441 dum.

323 5635 577 5687 Tertium.

2266 1571 2435 1623 esse
2504 1570 2738 1624 causa
2819 1545 3235 1643 meritoria,
3308 1543 3491 1649 quia
3570 1551 3818 1640 gratia

2268 1667 2505 1763 gratis
2561 1666 2810 1760 datur,
2856 1691 3011 1740 non
3085 1668 3377 1743 meritis
3440 1668 3808 1755 redditur,

2271 1784 2698 1858 secundum
2757 1786 3208 1882 Apostolum
3264 1785 3487 1859 Rom.
3549 1785 3619 1857 9.
3680 1784 3814 1859 sed

2274 1901 2528 1999 passio
2574 1902 2882 1994 Christi,
2929 1904 2993 1977 si
3034 1914 3149 1978 est
3193 1927 3455 1997 causa,
3507 1928 3662 1978 non
3704 1915 3818 1978 est

2275 2041 2509 2094 causa
2541 2020 2685 2093 nisi
2719 2022 3109 2095 meritoria
3145 2053 3160 2113 ;
3195 2046 3405 2119 ergo,
3451 2031 3594 2097 etc.

2375 2140 2592 2232 Item,
2666 2139 2731 2213 si
2802 2141 3175 2215 haberent
3244 2140 3730 2216 efficientiam
3777 2164 3821 2215 a
3867 2158 4161 2216 Quartum·

2278 2255 2638 2352 passione
2678 2256 2986 2350 Christi,
3034 2258 3180 2331 hoc
3224 2256 3549 2332 maxime
3619 2267 3823 2332 esset

2280 2394 2326 2445 a
2365 2373 2687 2446 vulnere
2721 2374 3042 2468 laterali,
3088 2374 3272 2472 quia
3326 2375 3419 2449 ab
3476 2374 3607 2448 illo
3649 2376 3827 2449 vul—

2281 2510 2465 2562 nere
2501 2488 3033 2586 prossuxerunt
3072 2491 3332 2564 omnia
3364 2490 3825 2566 Sacramen-

2281 2615 2359 2679 ta
2433 2606 2855 2680 secundum
2943 2609 3462 2704 Augustinum
3536 2608 3652 2681 15.
3736 2608 3826 2682 de

2283 2722 2505 2795 Civit.
2552 2746 2718 2821 cap.
2757 2724 2875 2796 26.
2901 2724 3253 2822 profecto
3289 2724 3492 2800 illud
3516 2724 3822 2816 vulnuS,

2284 2850 2427 2913 etc.
2528 2840 2661 2914 sed
2737 2865 2889 2913 non
2980 2841 3420 2917 habuerunt
3486 2841 3827 2917 efficien-

2291 2956 2471 3030 tiam
2506 2957 2600 3031 ab
2634 2957 2763 3029 illo
2793 2960 3144 3046 vulnere,
3182 2959 3364 3056 quia
3404 2959 3468 3033 si
3499 2958 3637 3052 sic,
3674 2982 3826 3031 non

2289 3074 2436 3148 nisi
2480 3074 2975 3149 meritoriam.
3014 3076 3164 3150 Sed
3199 3074 3489 3175 hoc‘jest
3522 3076 3824 3171 falsum,

2289 3195 2472 3292 quia
2503 3194 2576 3267 id
2615 3196 2905 3268 vulnus
2947 3195 3086 3269 suit
3118 3196 3418 3270 Christo
3451 3196 3824 3271 inflictum

2287 3311 2453 3410 ipso
2517 3312 2678 3409 jam
2747 3323 3078 3406 mortuo,
3134 3323 3338 3412 patet
3400 3316 3630 3389 Joan.
3706 3314 3823 3387 19.

2284 3431 2564 3504 Nullus
2596 3440 2850 3504 autem
2896 3443 3233 3507 meretur
3263 3432 3438 3526 sibi,
3482 3424 3626 3507 nec
3656 3419 3828 3506 aliis

2285 3557 2456 3645 post
2487 3556 2852 3641 mortem3
2890 3572 3101 3643 ergO,
3138 3559 3279 3623 etc.

2383 3660 2832 3759 Oppositum
2877 3663 3040 3735 vult
3079 3662 3447 3758 Magister
3485 3663 3564 3736 in
3622 3663 3829 3736 litte-

2288 3804 2397 3874 ra,
2443 3789 2516 3854 et
2546 3781 3026 3876 Augustinus
3058 3783 3149 3856 de
3180 3789 3393 3879 nupt.
3442 3791 3515 3857 et
3548 3807 3830 3858 concu-

2274 3897 2471 3996 pisc.
2518 3921 2685 3994 cap.
2722 3898 2812 3970 27
2827 3955 2842 3969 .

3900 3702 4118 3751 Contra.

2820 4127 3182 4186 SCHOLIUM
3237 4131 3278 4185 1.

2357 4281 2589 4335 Asserit
2617 4281 2936 4337 efficaciam
2970 4287 3479 4340 Sat-,ramentorum
3509 4285 3564 4339 in
3589 4301 3655 4340 eo
3678 4301 3826 4355 esse,

2288 4373 2443 4445 quod
2479 4372 2796 4445 signatum,
2836 4375 2890 4428 id
2933 4379 3040 4444 est,
3093 4379 3298 4442 gratia,
3349 4393 3582 4450 semper
3629 4396 3833 4436 conco·

2289 4465 2531 4518 mitetur
2557 4461 2678 4526 illa,
2715 4463 2824 4518 nisi
2858 4470 3107 4534 ponatur
3136 4465 3301 4521 obex.
3354 4467 3603 4524 Causam
3638 4473 3829 4524 auten:

2293 4552 2672 4625 principalem
2705 4553 2977 4609 el‘ficaciae
3007 4569 3135 4609 esse
3160 4554 3420 4611 divinam
3445 4559 3835 4624 voluntatem,

2294 4658 2419 4712 quae
2454 4659 2566 4696 non
2599 4643 3016 4698 determinatur
3040 4659 3141 4714 per
3173 4644 3326 4699 aliud
3361 4662 3393 4699 a
3425 4662 3509 4711 se,
3545 4663 3677 4702 cum
3713 4650 3838 4717 ipsa

2292 4733 2370 4789 sit
2411 4735 2670 4788 omnium
2721 4735 2921 4805 prima.
2959 4735 3121 4800 Quod
3168 4752 3300 4791 vero
3350 4735 3673 4793 instituerit
3714 4738 3836 4793 haeo

2291 4821 2478 4893 signa,
2511 4823 2679 4878 docet
2707 4840 2977 4880 asserens
3027 4825 3361 4880 testimonia
3407 4826 3716 4899 Scripturae
3765 4827 3837 4883 de

2291 4910 2539 4983 singulis
2571 4913 2685 4968 fere
2715 4913 3121 4976 sacramenti&
3152 4915 3383 4985 quando
3407 4915 3644 4972 fuerunt
3672 4917 3836 4973 insti·

2291 5006 2438 5059 tuta.
2475 5008 2554 5058 De
2580 5019 2696 5074 quo
2731 5004 2907 5060 latius
2940 5009 3147 5076 agetur
3194 5006 3417 5076 agendo
3467 5007 3537 5062 de
3590 5007 3836 5081 singulis

2289 5108 2558 5150 seorsim.

2396 5242 2881 5339 Respondeo,
2927 5241 3267 5318 efficacia
3358 5245 3834 5323 Sacramenti
3993 5272 4057 5338 2,

2297 5369 2435 5450 est,
2484 5360 2684 5456 quod
2748 5359 2997 5456 ipsum
3072 5359 3655 5448 Sacramentum
3724 5366 3833 5438 in·
3912 5384 4046 5442 Qum
4077 5385 4155 5435 m

2293 5475 2823 5574 separabiliter
2890 5486 3261 5572 quantum
3349 5487 3463 5553 est
3535 5502 3626 5552 ex
3720 5506 3827 5573 se,
3863 5446 4179 5561 εἶέῗῖὧῗιῗ.

2291 5616 2597 5689 semper
2691 5601 3059 5690 sequatur
3126 5602 3199 5667 et
3274 5595 3833 5674 concomitatur
3862 5579 4167 5700 ²⁰J⁰qff1¹H³
