4295 6326
1356 443 1595 524 D1ST„
1633 445 1824 515 XIV.
1875 445 2294 526 QUAESTIO
2345 446 2466 517 111.
3427 447 3508 528 61

97 651 324 705 antelucin-
348 613 572 689 tendo.
610 614 700 685 Et
758 614 930 688 ideo
960 614 1240 689 dicitur
1279 616 1483 713 quod
1555 616 1860 707 intellef

98 717 298 829 ΠξῇῗζῗζἻ
348 740 496 803 ctus
524 732 1040 829 corrumpitur
1116 743 1476 831 corrupto
1520 735 1852 832 quodam

95 837 315 954 ῑξξζὲζξξῗ
343 847 659 920 interiori
703 848 779 921 in
819 850 1065 942 nobiS,
1103 859 1176 924 et
1206 849 1315 923 sic
1338 850 1687 926 Lunatici
1713 853 1856 925 ali-

341 964 621 1059 quando
656 965 879 1061 pejus
920 966 1465 1064 disponuntur,
1498 970 1855 1066 aliquan-

340 1080 419 1151 do
458 1081 748 1155 melius.
797 1082 944 1156 Sed
990 1083 1189 1158 idem
1227 1086 1530 1160 videtur
1582 1086 1673 1160 de
1727 1110 1855 1159 or·-

336 1220 510 1291 gano
541 1200 927 1297 appetitus
968 1201 1346 1295 sensitivi,
1384 1202 1565 1300 quia
1606 1204 1852 1300 magis

338 1315 831 1411 disponuntur
880 1318 1123 1416 aliqui
1188 1320 1279 1393 ad
1333 1323 1847 1418 appetendum

335 1437 458 1507 hoc
484 1458 715 1532 quam
758 1437 977 1531 illud,
1026 1449 1280 1514 tamen
1342 1441 1697 1514 voluntas
1738 1450 1853 1515 est

90 1579 306 1649 remereju-
337 1574 514 1626 mere
560 1553 828 1628 libera.
870 1557 960 1629 Et
992 1556 1163 1630 ideo
1197 1580 1668 1654 quamquam
1711 1580 1850 1654 ap-

90 1644 306 1755 {¹233ssssng
331 1670 591 1765 petitus
635 1672 1053 1746 sensitivus
1085 1673 1402 1748 inclinet
1441 1674 1536 1748 ad
1573 1699 1843 1768 unum,

90 1772 300 1879 ῑῗῡιῖξξιῖ
331 1797 552 1883 potest
584 1789 948 1863 voluntas
990 1790 1271 1885 eligere
1344 1791 1844 1880 contrarium,

87 1894 300 1954 ‘'tt'“fflffl
327 1903 488 2001 quia
552 1905 773 1978 nulla
841 1907 1081 1992 stella,
1124 1930 1264 1982 nec
1330 1908 1590 2004 aliqua
1648 1931 1852 1983 crea-

323 2029 475 2093 tura
514 2029 767 2116 potest
808 2044 1126 2097 causare
1187 2022 1532 2100 effective
1593 2034 1846 2099 actum

322 2137 385 2208 in
427 2139 850 2231 voluntate,
924 2139 1071 2212 nisi
1115 2140 1465 2237 ipsamet.
1528 2145 1617 2215 Et
1673 2142 1845 2216 ideo

319 2263 580 2327 temere
615 2254 972 2350 judicant
1009 2258 1448 2331 Astronomi
1478 2282 1846 2356 prognos-

318 2369 598 2443 ticando
646 2371 823 2445 talia
883 2381 957 2444 et
1021 2373 1230 2467 talia,
1298 2375 1503 2472 quod
1562 2375 1639 2449 in
1717 2377 1842 2449 tali

312 2486 838 2581 conjunctione
907 2487 1404 2564 Planetarum
1465 2492 1608 2565 erit
1677 2491 1845 2565 bel-

284 2602 477 2691 ·lum,
528 2604 607 2676 in
645 2603 798 2676 alia
857 2604 1400 2701 conjunctione
1461 2609 1605 2681 erit
1640 2632 1837 2706 pax3

310 2718 670 2807 similiter,
709 2719 770 2792 si
818 2718 1117 2793 dicatur
1156 2723 1359 2818 quod
1408 2724 1559 2797 nati
1603 2724 1680 2797 in
1716 2713 1841 2798 tali

311 2836 881 2911 constellatione
950 2846 1178 2911 erunt
1243 2840 1614 2915 luxuriosi
1700 2866 1843 2917 ne-

314 2951 660 3025 cessario.
719 2951 867 3025 Sed
910 2976 1151 3049 prona
1184 2963 1299 3027 est
1348 2957 1705 3031 voluntas
1746 2958 1840 3031 ad

306 3070 709 3142 volendum
780 3068 968 3143 illud
1025 3071 1118 3143 ad
1182 3073 1386 3170 quod
1454 3074 1839 3174 appetitus

307 3187 712 3260 sensitivus
756 3187 1097 3281 inclinat,
1134 3189 1307 3263 ideo
1347 3191 1534 3263 utin
1591 3192 1839 3288 pluri-

305 3303 433 3377 bus
463 3305 573 3377 sic
628 3304 912 3396 evenit,
951 3304 1121 3379 ideo
1164 3306 1347 3380 dicit
1395 3308 1737 3403 quidam,
1775 3309 1835 3382 si

302 3420 403 3493 vis
432 3444 605 3494 esse
640 3421 1052 3517 Propheta,
1081 3445 1239 3495 sem
1250 3425 1841 3521 perproplietiza

306 3540 614 3630 malum,
662 3539 847 3634 quia
896 3539 1083 3612 illud
1129 3542 1605 3636 frequentius
1656 3566 1839 3618 eve-

304 3654 424 3726 nit.
494 3656 697 3727 Nam
782 3654 1059 3727 dicitur
1126 3657 1403 3731 (lenes,
1489 3661 1557 3730 (ἱ.
1630 3660 1836 3756 quod

302 3780 558 3846 cuncta
619 3771 973 3868 coqitate‘o
1026 3772 1362 3847 hominis
1408 3775 1699 3850 intenta
1730 3784 1842 3851 est

300 3888 390 3961 ad
406 3888 729 3963 malum.
763 3891 853 3962 Et
877 3891 1161 3963 EccleS.
1196 3890 1261 3962 1.
1296 3890 1665 3966 Perverse·
1691 3893 1839 3992 dif-

297 4003 490 4100 ficile
535 4006 1059 4103 cot-riquntur,
1105 4012 1177 4079 et
1203 4007 1607 4081 stultorum
1667 4010 1837 4106 infi-

302 4124 489 4197 nitus
508 4131 623 4198 est
652 4148 1042 4197 numerus.
1080 4125 1361 4200 Tamen
1407 4126 1537 4202 illa
1568 4130 1835 4225 proni-

300 4249 402 4313 tas
500 4265 657 4314 non
760 4241 1193 4335 necessitat,
1276 4243 1459 4340 quia
1565 4269 1833 4321 omnes

298 4359 528 4431 stella}
578 4357 1157 4431 melancholicae
1209 4359 1665 4455 conjunctae,
1710 4365 1830 4437 vel

294 4473 683 4547 iracundae
754 4472 1097 4548 ess'ective
1156 4499 1307 4548 non
1371 4479 1546 4573 plus
1612 4479 1831 4553 incli-

293 4603 465 4664 nant
544 4590 971 4687 appetitum
1042 4590 1135 4663 ad
1204 4593 1520 4683 bellum,
1596 4617 1824 4691 quam

289 4707 517 4801 possit
542 4708 966 4779 vehemens
1001 4705 1211 4780 laesio
1245 4731 1589 4803 praesens
1619 4738 1636 4803 3
1687 4736 1826 4786 nec

284 4847 547 4897 omnes
574 4833 892 4921 possent
918 4833 1198 4897 tantam
1232 4825 1820 4904 delectationem

284 4963 622 5032 causare,
656 4948 946 5035 quantu
966 4963 1034 5010 m
1096 4941 1541 5017 delectabile
1586 4948 1825 5021 vehe-

283 5082 488 5132 mens
521 5067 948 5149 sensatum,
978 5066 1051 5130 et
1089 5067 1350 5133 tamen
1408 5071 1819 5161 utrumque

280 5177 507 5252 vincit
543 5177 936 5249 virtuosus
962 5199 1097 5272 per
1127 5177 1514 5253 virtutem.
1544 5179 1813 5254 Utrum

282 5304 523 5369 tamen
604 5295 679 5367 in
744 5293 1241 5388 generatione
1303 5295 1649 5394 aliquam
1716 5299 1817 5372 di-

1964 642 2203 715 agens
2235 619 2636 695 indistans
2677 621 2834 717 agit
2895 620 3144 717 primo
3214 619 3291 693 in
3344 642 3508 692 me-.
3543 651 3618 702 Ad
3640 669 3848 732 amum,

1964 735 2206 828 dium,
2239 736 2436 811 sicut
2463 747 2668 836 patet
2698 738 2789 812 de
2823 737 3107 811 visibili
3156 745 3502 832 respectu,
3538 728 3847 844 prfflssssffiffi

1963 851 2201 925 visus.
2245 855 2335 926 Et·
2374 877 2546 926 cum
2619 854 2897 930 dicitur
2933 879 2947 927 ;
3024 854 3319 927 Coelum
3391 860 3498 925 est
3536 842 3858 966 5323}ssssss-

1962 968 2533 1065 intermedium,
2581 981 2838 1044 etnon
2899 980 3013 1045 est
3067 994 3302 1067 capax
3364 991 3503 1065 pe—
3607 978 3822 1084 ”rffif‘

1962 1084 2442 1180 regrinarum
2562 1086 3203 1183 impressionum,
3331 1083 3500 1156 dico

1959 1204 2164 1301 quod
2226 1203 2400 1278 licet
2469 1228 2619 1277 non
2700 1205 2798 1278 sit
2854 1202 3496 1302 capaxejusdem

1958 1320 2302 1412 rationiS,
2349 1332 2463 1395 est
2517 1331 2770 1396 tamen
2814 1321 3129 1396 effectus
3162 1318 3499 1414 ‘alicujus

1957 1438 2275 1513 alterius
2307 1439 2650 1529 rationiS,
2691 1439 2890 1513 sicut
2922 1438 3156 1536 piscis
3197 1438 3272 1509 in
3311 1445 3495 1525 rete,

1958 1568 2041 1631 ut
2080 1556 2262 1629 dicit
2302 1556 2874 1631 Commentator
2902 1557 3223 1653 septimo
3291 1553 3501 1652 l'lzy-

1952 1670 2317 1763 sicarum,
2359 1680 2624 1745 causat
2676 1681 2993 1757 motum,
3031 1679 3105 1743 et
3162 1668 3496 1765 stupefa-

1955 1784 2055 1859 cit
2096 1809 2441 1879 manum,
2497 1796 2570 1860 et
2621 1810 2773 1860 non
2859 1795 3046 1878 rete,
3103 1784 3283 1882 quia
3341 1806 3495 1856 non

1955 1912 2069 1975 est
2098 1924 2338 1998 capax
2367 1902 2534 1977 talis
2565 1901 2903 1977 effectus.
3282 1930 3286 1935 ·

2054 2020 2465 2114 Praeterea,
2538 2022 2745 2119 quod
2804 2021 3163 2117 objicitur
3225 2021 3298 2093 in
3374 2020 3498 2093 in-

1955 2137 2234 2211 stantia
2292 2160 2445 2211 non
2483 2127 2597 2212 est
2646 2161 2945 2231 verum,
2993 2139 3174 2237 quia
3213 2138 3496 2234 aliquae

1951 2261 2209 2352 partes
2250 2254 2424 2327 coeli
2476 2263 2657 2327 sunt
2699 2254 3106 2352 receptivae
3148 2255 3489 2342 luminiS,

1953 2368 2135 2466 quia
2194 2392 2328 2444 sex
2387 2370 2759 2462 Planetae,
2805 2378 2879 2443 et
2931 2378 3134 2444 terra
3171 2381 3497 2465 possunt

1952 2510 2272 2560 causare
2332 2487 2686 2561 umbram
2747 2486 2824 2559 in
2883 2486 3230 2585 partibus
3289 2487 3488 2579 coeli,

1950 2612 2024 2676 et
2056 2603 2208 2676 illae
2241 2613 2496 2700 partes
2522 2612 2702 2677 sunt
2756 2603 3171 2700 aliquando
3217 2602 3496 2675 illumi-

1949 2728 2177 2806 natae,
2242 2718 2662 2817 aliquando
2728 2744 2912 2813 non,
2978 2720 3152 2792 licet
3209 2719 3491 2816 aliquae

1950 2857 2256 2931 semper
2289 2833 2441 2906 sint
2472 2834 2826 2908 radiosae.

2046 2950 2159 3023 Ad
2191 2950 2429 3042 aliud,
2467 2949 2635 3023 dico
2668 2950 2871 3047 quod
2912 2950 3490 3051 circumscripto
3524 2984 3806 3055 Quomodo

1949 3066 2296 3166 quolibet
2337 3067 2578 3141 ubero
2612 3067 2955 3161 arbitrio,
3011 3067 3177 3162 Dei,
3211 3071 3486 3168 Angeli
3522 3052 3841 3160 gamgffifg!

1949 3194 2023 3258 et
2091 3184 2455 3278 hominis,
2515 3183 2707 3256 nihil
2776 3184 3312 3281 contingenter
3392 3189 3486 3263 ad
3522 3173 3841 3286 ξζῧξζῗζξξξῑ

1949 3311 2366 3398 utrumque
2408 3300 2667 3374 evenit
2706 3301 2785 3373 in
2827 3301 3347 3379 inferioribus.
3397 3307 3486 3379 Et
3598 3298 3764 3349 ‘³⁶⁰⁸-

1946 3416 2117 3491 ideo
2197 3416 2485 3514 pluvia,
2549 3426 2623 3490 et
2690 3415 2862 3491 aliae
2939 3415 3487 3516 impressiones

1947 3533 2400 3606 naturaliter
2440 3532 2902 3629 contingunt
2969 3532 3044 3605 in
3108 3548 3317 3631 parte
3370 3537 3491 3611 de·

1948 3649 2379 3737 terminata,
2444 3661 2517 3724 et
2560 3661 2902 3748 tempore
2958 3650 3488 3741 determinato,

1946 3778 2019 3842 et
2087 3766 2231 3841 ista
2299 3775 2544 3863 potest
2619 3768 2963 3863 Angelus
3039 3771 3490 3846 naturaliter

1946 3884 2169 3978 scire,
2206 3884 2387 3980 quia
2419 3884 2522 3957 ita
2552 3884 2746 3958 bene
2776 3885 2990 3958 novit
3013 3909 3320 3961 causam
3368 3913 3491 3964 ne-

1945 4001 2278 4075 cessario
2314 4000 2889 4097 impedientem,
2947 4002 3145 4076 sicut
3198 4028 3490 4101 perma-

1946 4125 2285 4210 nentem,
2333 4126 2404 4191 et
2445 4140 2715 4190 omnes
2749 4140 3005 4192 causae
3046 4129 3119 4192 et
3159 4143 3489 4195 concur-

1943 4256 2076 4307 sus
2109 4242 2435 4330 possunt
2476 4232 2651 4307 sciri
2695 4233 3148 4308 naturaliter
3179 4237 3273 4310 ab
3328 4240 3488 4312 An-

1942 4350 2139 4445 gelo.

2037 4477 2293 4571 DiceS,
2367 4476 2600 4572 igitur
2682 4476 2877 4548 nihil
2953 4478 3486 4575 contingenter

1940 4595 2284 4669 eveniret
2381 4595 2458 4667 in
2552 4594 2969 4688 medicina,
3075 4598 3258 4695 quia
3353 4604 3482 4676 tali

1939 4723 2084 4788 tem
2097 4714 2432 4811 porealis
2475 4713 2794 4786 Planeta
2805 4712 3106 4808 juvabit
3128 4729 3306 4791 natu
3323 4743 3478 4794 ram

1936 4831 2472 4922 determinate,
2536 4829 2685 4903 alio
2752 4839 3089 4928 tempore
3161 4859 3341 4931 non,
3407 4851 3481 4913 et

1939 4957 2118 5020 tunc
2173 4948 2455 5021 frustra
2516 4944 2829 5018 daretur
2870 4948 3273 5026 medicina.

2031 5064 2218 5137 Dico
2262 5064 2464 5161 quod
2513 5086 2691 5155 non,
2730 5064 2912 5160 quia
2970 5066 3143 5141 licet
3201 5082 3515 5146 natura.
3568 5075 3762 5127 Medici

3504 5138 3675 5201 ignari
3719 5141 3824 5192 A·-

1931 5181 2029 5254 sit
2071 5179 2602 5278 principialius
2648 5203 2960 5276 sanans,
3007 5190 3260 5259 tamen
3328 5212 3472 5262 me·
3518 5203 3820 5265 tronomiae.

1930 5298 2186 5373 [licina
2231 5295 2572 5371 adhibita
2614 5296 2688 5368 in
2736 5297 2923 5371 hora
2975 5305 3465 5381 convenienti
3501 5265 3821 5378 ωὲἒὶἱῧὶιῗο·

277 5413 707 5488 versitatem
755 5419 1098 5503 causent,
1171 5413 1289 5486 vel
1360 5437 1543 5507 non,
1616 5414 1816 5488 diffl-
1926 5423 2176 5512 potest
2203 5413 2703 5508 eamjuvare,
2737 5411 2907 5486 ideo
2942 5416 3075 5511 qui
3111 5422 3464 5498 nesciunt

274 5532 512 5604 cultas
545 5541 681 5604 est.

1834 5613 1842 5621 ,
1922 5530 2514 5608 Astronomiam.
2587 5530 2865 5603 multos
2930 5534 3312 5626 occidunt,
3387 5550 3460 5614 et

116 5667 159 5732 5,
365 5647 474 5718 Ad
516 5648 848 5743 primum
900 5645 1349 5744 principale,
1386 5647 1553 5722 dico
1604 5651 1808 5746 quod
1912 5636 1986 5724 'si
2020 5648 2330 5740 scirent,
2375 5654 2691 5745 possent
2721 5648 3085 5726 adhibere
3121 5663 3456 5753 tempore
