4295 6326
166 915 267 981 12.

84 1030 243 1080 Licita
272 1030 349 1080 uti

93 1097 330 1155 poterant

53 1156 345 1268 gigirigffss’-
408 1172 548 1224 nec
594 1159 790 1247 post,
839 1172 1084 1246 usque
1125 1150 1217 1224 ad
1260 1148 1954 1247 promulgationem

52 1282 252 1351 citiore
277 1293 371 1343 pro
406 1266 769 1363 praecepti
813 1266 905 1340 de
975 1263 1396 1363 Baptismo,
1452 1288 1596 1340 nec
1659 1264 1958 1361 Baptis-

85 1344 341 1470 teffissffi.
407 1407 606 1476 mus,
655 1407 795 1457 nec
852 1382 1351 1457 Circumcisio
1386 1391 1605 1457 erant
1662 1380 1961 1478 simpli-

67 2888 104 2938 J
112 2886 251 2936 udaei
287 2885 352 2935 ad

112 2949 324 3013 Baptis-

91 3026 266 3071 mum‚
300 3016 352 3062 et.

44 3074 349 3127 Circumci-

137 3646 290 3691 ante.

1480 395 1706 464 DIST.
1760 395 1882 466 ΙΙΙ.
1934 392 2355 475 QUAESTIO
2405 394 2526 463 IV.

405 570 511 642 ita
563 568 729 665 ejus
790 567 1184 643 concessio
1245 579 1359 643 est
1429 568 1738 643 licentia
1798 592 1950 641 non

405 683 763 759 servandi
805 683 1059 758 aliam.
1122 684 1341 759 Patet
1390 683 1467 757 in
1525 684 1828 759 statutis
1883 693 1957 757 et

406 799 709 896 legibus
751 799 1140 873 humanis.

507 915 684 991 Ideo
715 927 1088 1014 quantum
1123 916 1220 989 ad
1252 914 1483 989 istum
1511 914 1952 1007 articulum,

408 1031 577 1107 dico
638 1033 842 1129 quod
894 1044 1070 1108 ante
1134 1032 1573 1131 passionem
1644 1030 1952 1124 Christi,

404 1500 591 1575 citer
667 1501 760 1575 ad
856 1501 1184 1575 salutem
1284 1498 1749 1592 necessaria,
1827 1498 1959 1572 sed

403 1626 699 1692 tantum
785 1618 1113 1691 alterum
1186 1617 1510 1692 istorum
1589 1617 1732 1690 sub
1803 1615 1963 1688 dis-

405 1732 799 1825 tinctione,
844 1733 965 1808 vel
1019 1732 1311 1807 scilicet
1352 1730 1797 1807 circumcidi
1843 1730 1960 1803 vel

404 1848 773 1947 baptizari
829 1877 847 1942 ;
921 1859 1282 1924 neutrum
1343 1849 1546 1924 enim
1609 1858 1790 1922 tunc
1849 1870 1965 1921 ca-

404 1966 630 2041 debat
671 1967 813 2040 sub
875 1975 1284 2064 praecepto.
1334 1968 1425 2040 Et
1475 1966 1646 2040 ideo
1689 1974 1964 2063 potue-

406 2092 588 2156 runt
694 2092 1017 2180 utroque
1102 2081 1406 2156 divisim
1514 2081 1715 2156 licite
1823 2080 1959 2169 uti,

409 2195 827 2270 dummodo
916 2204 1274 2270 neutrum
1339 2202 1965 2270 contemneretur

415 2337 659 2413 usque
726 2312 819 2387 ad
890 2315 1194 2411 plenam
1259 2311 1961 2410 promulgationem

414 2429 777 2528 praecepti
820 2429 912 2503 de
961 2429 1383 2527 Baptismo.

510 2547 792 2621 Contra
848 2546 1036 2620 illud
1098 2547 1356 2641 etiam,
1423 2546 1628 2644 quod
1689 2545 1968 2619 dicitur

413 2666 618 2762 quod
706 2675 878 2762 post
945 2664 1385 2762 passionem
1451 2663 1732 2737 Christi
1802 2670 1964 2735 erat

415 2781 912 2856 Circumcisio
1028 2782 1385 2879 pestilera
1484 2789 1558 2854 et
1670 2778 1961 2872 illicita,

415 2921 655 2994 arguo
710 2898 870 2972 sic:
943 2897 1224 2971 Nullus
1293 2897 1514 2971 aliter
1590 2919 1669 2970 se
1739 2894 1971 2968 hahet

415 3015 508 3088 ad
541 3015 788 3110 legem
833 3013 1170 3111 aliquam
1206 3036 1414 3088 nunc
1446 3035 1677 3110 quam
1721 3010 1963 3109 prius,

30 3140 362 3254 „0⁸2⁰2fiffir
418 3129 563 3204 nisi
608 3129 789 3228 quia
849 3139 962 3205 est
1017 3129 1159 3205 sibi
1231 3131 1770 3228 promulgata3
1835 3126 1967 3201 sed

88 3279 150 3314 se
178 3264 341 3313 habe·
418 3258 586 3346 post
664 3248 1101 3347 passionem
1173 3247 1452 3322 Christi
1556 3256 1967 3343 antequam

28 3329 364 3457 ρῖἶξῑζῖἷῖῗι
417 3365 758 3462 Apostoli
794 3365 1416 3463 praedicaverunt
1455 3362 1966 3461 Baptismum,

51 3452 357 3566 19ξὲῗὲοὲ
421 3506 575 3555 non
633 3481 772 3555 fuit
838 3482 1058 3556 aliter
1112 3482 1694 3556 Sacramentum
1767 3480 1972 3578 Bap-

47 3585 162 3631 ten
206 3590 370 3640 quam

421 3598 625 3673 tismi
711 3600 1286 3696 promulgatum
1368 3598 1654 3688 multis,
1739 3620 1966 3696 quam

420 3725 595 3790 ante
664 3715 1166 3814 passionem3
1259 3740 1440 3812 ergo
1529 3740 1682 3789 non
1753 3714 1973 3788 aliter

420 3831 959 3927 obligabantur
989 3841 1171 3906 tunc
1203 3854 1435 3930 quam
1472 3832 1709 3929 prius.
1742 3832 1975 3927 Apos-

422 3950 553 4025 toli
596 3950 823 4024 etiam
885 3961 1061 4026 ante
1121 3951 1657 4044 Pentecosten,
1707 3959 1786 4023 ut
1826 3948 1976 4023 dic-

424 4076 579 4139 tum
617 4077 754 4157 est,
803 4090 955 4140 non
1003 4066 1619 4165 praedicaverunt
1674 4065 1974 4162 Baptis-

425 4190 637 4260 mum'
712 4186 1049 4283 publice,
1101 4188 1221 4261 vel
1294 4186 1355 4259 si
1416 4186 1553 4278 sic,
1617 4207 1772 4257 non
1826 4181 1972 4255 nisi

422 4325 560 4400 per
600 4301 911 4376 modum
973 4301 1301 4392 consilii,
1363 4300 1567 4398 quod
1626 4323 1775 4373 non
1840 4299 1976 4372 ob-

423 4440 731 4492 servare
813 4417 1117 4503 licebat,
1222 4416 1396 4491 licet
1466 4438 1618 4488 non
1712 4438 1979 4511 repro-

423 4533 632 4608 hare.

524 4652 740 4744 Item,
823 4651 1029 4749 quod
1114 4648 1618 4725 Circumcisio
1711 4648 1981 4722 habuit

425 4766 581 4839 vim
667 4768 788 4841 vel
860 4766 1279 4841 efficaciam
1352 4764 1772 4862 obligandi,
1857 4767 1978 4839 vel

426 4884 813 4977 medendi,
885 4893 1092 4982 patet
1150 4908 1286 4983 per
1346 4884 1631 4958 Bedam
1687 4884 1767 4956 in
1810 4905 1975 4978 cap.

426 5001 495 5072 2.
519 5001 778 5094 Lucae,
807 5010 881 5075 et
913 5001 1226 5098 ponitur
1256 5001 1333 5073 in
1363 5000 1611 5074 littera
1642 4998 1975 5072 distinct.

433 5118 499 5192 1.
554 5117 707 5210 Qui
762 5143 966 5194 mene
991 5144 1138 5217 per
1183 5117 1701 5216 Evanqelium
1760 5141 1983 5190 suum

429 5232 718 5308 elamat
752 5233 1205 5309 terribiliter
1261 5240 1335 5309 et
1359 5232 1792 5317 salubriter,
1833 5230 1991 5305 nisi

431 5352 603 5451 quis
663 5360 995 5438 renatae,
1045 5361 1189 5428 etc.
1268 5349 1749 5444 (terribiliter
1796 5348 1990 5422 dici-

432 5477 559 5540 tur
597 5477 914 5565 propter
953 5475 1239 5540 arctam
1294 5465 1871 5561 obligationem,
1917 5472 1990 5537 et

428 5581 871 5668 salubriter,
925 5592 1303 5680 quantum
1374 5581 1663 5657 scilicet
1702 5580 1794 5654 ad
1837 5578 1994 5654 effi-

656 5730 794 5784 Tox.
838 5726 1013 5783 xxm

3488 385 3615 460 593

2068 568 2355 643 caciam
2419 568 2837 662 medendi),
2893 567 3054 667 ipse
3113 566 3401 643 dudum
3456 564 3621 641 cla-

2068 683 2328 758 mabat
2391 708 2539 783 per
2619 709 2837 759 suam
2914 684 3152 782 leqem
3196 711 3221 757 .·
3303 684 3617 765 Anima,

2068 802 2287 901 eujus
2330 800 2709 898 praeputii
2746 825 2920 876 caro
2963 801 3416 876 circumcisa
3466 822 3621 873 non

2065 914 2328 1011 fuerit,
2377 915 2668 1012 peribit
2731 917 2897 1013 ipsa
2952 916 3044 990 de
3107 913 3396 1014 populo
3449 937 3613 988 suo.

2071 1031 2219 1106 Sed
2263 1032 2759 1106 Circumcisio
2803 1032 3070 1107 habuit
3110 1032 3264 1104 vim
3293 1033 3412 1106 vel
3457 1029 3621 1104 elfi-

2073 1148 2357 1222 caciam
2396 1148 2790 1245 obligandi
2833 1148 3279 1245 quemlibet,
3343 1170 3625 1244 quous-

2071 1290 2222 1363 que
2310 1276 2801 1342 revocaretur
2879 1290 3014 1364 per
3092 1265 3624 1340 auctoritatem

2074 1383 2325 1476 istam,
2371 1393 2444 1457 et
2483 1407 2620 1481 per
2663 1391 3134 1480 praeceptum
3178 1380 3489 1455 Domini
3531 1379 3626 1455 ad

2073 1500 2457 1575 Abraham
2532 1500 2624 1574 de
2706 1498 3361 1592 Circumcisione3
3443 1520 3626 1593 ergo

2074 1639 2214 1712 per
2291 1615 2493 1690 idem
2591 1625 3057 1713 praeceptum
3139 1614 3406 1688 habuit
3472 1612 3627 1685 vim

2079 1733 2434 1807 medendi
2585 1755 2992 1830 quousque
3111 1739 3623 1805 revocaretur.

2075 1849 2242 1923 Non
2315 1848 2595 1944 legitur
2680 1860 2936 1923 autem
3008 1847 3212 1945 quod
3280 1846 3630 1920 Christus

2077 1964 2320 2039 voluit
2353 1989 2521 2038 eam
2559 1964 2898 2039 revocari
2943 1965 3192 2038 statim
3240 1974 3409 2061 post
3449 1987 3630 2060 pas-

2075 2082 2370 2156 sionem
2417 2105 2692 2175 suam3
2756 2105 2938 2178 ergo
2999 2104 3303 2179 semper
3362 2079 3630 2155 habuit

2075 2196 2493 2272 efficaciam
2570 2197 2922 2272 medendi
2993 2222 3235 2295 usque
3305 2198 3394 2271 ad
3461 2198 3630 2294 ejus

2079 2314 2677 2407 revocationem,
2714 2314 3631 2413 quantumcumquelfue-

2078 2431 2176 2504 rit
2234 2431 2494 2505 dilata.
3371 2435 3374 2440 ’
3535 2447 3536 2450 ’

2175 2548 2393 2641 Item,
2436 2548 2757 2623 Judaeus
2817 2548 2894 2620 in
2938 2548 3330 2647 aliquibus
3389 2550 3629 2648 parti-

2077 2665 2223 2738 bus
2282 2662 2472 2736 nihil
2510 2664 2762 2738 sciens
2802 2665 2893 2738 de
2929 2664 3282 2762 passione
3316 2663 3625 2758 Christi,

2080 2805 2220 2884 nec
2262 2782 2353 2855 de
2396 2782 3014 2879 promulgatione
3056 2782 3456 2880 Baptismi,
3519 2793 3630 2857 te-

2079 2907 2395 2971 neretur
2452 2921 2540 2972 ex
2602 2899 2770 2994 lege
2839 2897 3387 2974 circumcidere
3450 2923 3632 2996 par-

2079 3015 2346 3086 vulum
2408 3035 2635 3087 suum
2692 3012 2783 3086 de
2830 3013 3283 3088 necessitate
3327 3014 3627 3108 salutis,

2085 3141 2164 3205 ut
2218 3154 2409 3231 puer
2448 3131 2928 3225 salvaretur3
2989 3133 3120 3233 sed
3180 3156 3316 3231 per
3371 3141 3440 3208 te
3481 3132 3636 3207 Cir·

2080 3246 2450 3322 cumcisio
2537 3246 2677 3320 fuit
2770 3246 3086 3323 omnino
3184 3248 3444 3323 illicita
3562 3260 3636 3325 et

2082 3364 2441 3462 pestifera
2481 3373 2651 3461 post
2707 3373 3028 3439 mortem
3079 3364 3357 3439 Christi
3394 3394 3412 3459 ;
3451 3391 3634 3464 ergo

2081 3492 2267 3555 tunc
2350 3480 2760 3555 tenebatur
2838 3482 3122 3556 habere
3210 3484 3476 3557 falsam
3565 3493 3638 3559 et

2082 3597 2516 3698 pestiferam
2577 3596 3054 3695 opinionem,
3100 3598 3391 3674 scilicet
3431 3601 3635 3697 quod

2087 3739 2240 3789 non
2321 3722 2523 3788 esset
2610 3714 3045 3788 necessaria
3131 3715 3224 3788 ad
3309 3718 3635 3793 salutem

2084 3842 2266 3905 tunc
2328 3829 2719 3928 temporis,
2784 3831 2915 3905 sed
2985 3842 3185 3905 esset
3235 3833 3499 3908 illicita
3564 3846 3638 3909 et

2081 3947 2470 4047 pestifera.

2182 4063 2399 4155 Item,
2463 4086 2508 4136 a
2573 4071 2913 4160 tempore
2979 4064 3241 4162 lapsus
3300 4092 3451 4140 non
3512 4092 3634 4143 re-
3662 4073 3951 4139 Nunquam

2118 4183 2130 4196 .
2256 4182 2270 4196 .
2795 4181 2809 4196 .
3058 4183 3073 4198 .
3683 4138 3967 4187 Deusreli-

2085 4184 2305 4279 liqu1t
2353 4181 2562 4254 Deus
2603 4182 2957 4257 hommes
3015 4208 3179 4258 sme
3256 4186 3634 4285 adjutorio
3665 4199 3982 4265 quithomi·

2087 4300 2206 4373 vel
2278 4297 2616 4373 remedio
2712 4298 2971 4396 aliquo
3041 4302 3133 4374 ad
3220 4305 3547 4380 salutem
3614 4276 3988 4398 ;aba⁰1‘i‹¹2¹¹re-

2090 4556 2261 4605 nem
2363 4530 2642 4604 Christi
2703 4533 3112 4630 plusquam
3191 4546 3365 4612 ante
3436 4565 3640 4637 prae-

2090 4659 2394 4746 ceptum
2492 4649 2629 4723 Dei
2732 4650 2822 4725 de
2909 4651 3300 4749 Baptismo
3392 4660 3643 4734 susci-

2092 4767 2372 4866 piendo
2418 4789 2586 4841 esse
2631 4768 3052 4841 remedium
3089 4782 3352 4847 contra
3385 4800 3644 4873 pecca-

2095 4891 2250 4955 tum
2369 4882 2771 4977 originale,
2866 4884 3047 4979 quia
3139 4889 3398 4963 nullus
3500 4894 3642 4968 hoc

2094 5000 2242 5074 sibi
2284 4999 2758 5097 praedicavit,
2832 5001 2972 5075 scit
3013 5015 3268 5079 autem
3311 5008 3648 5083 Circum-

2097 5117 2466 5191 cisionem
2504 5139 2671 5192 esse
2715 5117 3160 5214 hujusmodi
3219 5126 3644 5201 remedium

2097 5256 2189 5307 ex
2255 5234 2477 5329 lege;
2548 5257 2731 5330 ergo
2789 5237 2908 5309 vel
2976 5261 3128 5311 non
3190 5251 3303 5314 est
3371 5243 3493 5316 via
3552 5245 3646 5318 ad

2099 5351 2454 5441 salutem,
2540 5352 2660 5425 vel
2760 5362 3005 5449 potest
3098 5354 3646 5435 circumcidere

2101 5490 2457 5562 puerum,
2504 5479 2577 5541 et
2616 5467 2724 5541 sic
2766 5491 2939 5542 eum
2987 5472 3310 5548 salvare.

2200 5583 2386 5656 Dico
2476 5607 2658 5679 ergo
2745 5585 2835 5659 ad
2908 5588 3115 5662 hunc
3206 5591 3645 5691 articulum,

3359 5738 3428 5791 38

2088 4415 2219 4490 sed
2288 4415 2610 4489 Judaeus
2678 4416 3032 4491 nesciens
3099 4430 3271 4515 post
3337 4424 3637 4520 passio·
3682 4389 3958 4503 niilssieiiil.
