4295 6326
283 934 558 998 Scriptura

251 1013 363 1049 una
413 1010 575 1060 expo·

335 1060 515 1110 nenda

254 1138 349 1186 per
398 1122 575 1183 annun

257 1186 341 1236 vel
385 1186 545 1234 ratio-

354 1261 493 1298 neum

378 4443 486 4513 20.

293 5159 551 5256 Theologi

343 5338 522 5397 ‘quam

284 5395 558 5434 scientiam

309 5448 558 5499 hubent?

593 395 721 462 456

602 561 1079 658 Scripturam
1135 576 1271 652 per
1316 551 1657 624 diversas
1726 539 2146 625 sententias

598 675 972 769 veritatis,
1070 680 1203 746 aut
1295 664 1607 765 exponit
1672 658 2145 758 Scripturam

603 799 1009 872 obscuram
1052 814 1189 889 per
1242 785 1713 883 Scripturam
1789 776 2151 852 maniles-

593 923 789 990 tam.
837 903 1498 998 Quemadmodum
1550 898 1732 973 dicit
1778 891 2152 989 Augusti-

606 1056 758 1106 nus
796 1028 911 1101 11.
959 1026 1051 1100 de
1096 1022 1323 1098 Cz'vit.
1391 1017 1571 1110 Dei,
1616 1038 1783 1111 cap.
1842 1012 1957 1083 19.
2031 1033 2150 1084 ex·

612 1169 908 1247 ponens
951 1142 1136 1216 illud
1183 1140 1450 1213 Genea.
1509 1134 1600 1207 de
1660 1128 2037 1204 divisione
2079 1136 2153 1201 et

608 1260 1096 1337 distinctione
1138 1256 1607 1349 Angelorum
1668 1247 2043 1320 honorum
2108 1267 2153 1317 a

610 1379 857 1469 maliS,
904 1384 975 1451 et
1005 1372 1271 1449 divisit
1296 1370 1508 1444 Deus
1555 1367 1754 1440 inler
1803 1359 2151 1437 tenebras

610 1503 682 1571 et
742 1496 988 1570 lucem
1034 1521 1051 1586 3
1100 1498 1170 1565 et
1199 1486 1495 1565 vocavit
1551 1483 1822 1574 lucem,
1885 1477 2088 1554 diem
2129 1504 2154 1560 ,·

608 1612 957 1689 tenebras
999 1633 1175 1685 vero
1235 1614 1556 1681 noctem.
1605 1600 1938 1676 Divinus
1986 1618 2151 1670 ser-

606 1755 759 1825 m0,
820 1728 1068 1827 inquit
1107 1723 1614 1821 Augustinus,
1660 1742 1832 1792 cet-m
1885 1717 1965 1791 in
2017 1713 2153 1788 ob-

604 1872 827 1923 scuro
900 1846 1060 1920 loco
1130 1840 1618 1938 intelliqz'tur,
1672 1835 1798 1910 vel
1843 1839 2154 1908 allesta-

606 1966 813 2040 tz‘one
853 1986 1110 2037 rerum
1157 1958 1774 2056 manifestatum,
1805 1952 1930 2027 vel
1974 1949 2154 2026 aliis

612 2080 800 2157 locis
848 2080 1171 2155 minime
1220 2074 1473 2151 dubiis
1531 2072 1922 2149 asseritur.
2003 2073 2152 2144 Aut

605 2198 922 2297 exponit
953 2196 1430 2293 Scripturam
1472 2214 1770 2267 sacram
1799 2187 2151 2262 addendo

609 2316 764 2391 alia
823 2338 1163 2390 consona
1231 2311 1656 2386 secundum
1739 2306 2145 2382 rationem.

608 2432 690 2506 Si
737 2455 919 2506 vero
976 2437 1306 2529 exponat
1364 2426 1831 2524 Scripturam
1870 2424 2153 2497 obscu-

611 2573 778 2624 ram
812 2547 1032 2647 quasi
1075 2571 1209 2645 per
1243 2545 1754 2637 manifestam,
1812 2565 1966 2613 non
2019 2564 2155 2637 po-

612 2676 759 2742 test
816 2667 1100 2740 habere
1173 2665 1534 2762 majorem
1617 2660 2152 2737 certitudinem

611 2781 705 2855 de
817 2780 1213 2877 Scriptura
1288 2777 1658 2875 exposita,
1741 2799 1970 2873 quam
2060 2773 2154 2846 de

611 2895 1007 2995 Scriptura
1039 2903 1496 2993 exponente,
1542 2893 1740 2967 sicut
1797 2916 1950 2965 non
2031 2915 2159 2988 po-

609 3013 782 3087 terit
824 3035 991 3086 esse
1016 3012 1260 3109 major
1294 3010 1669 3084 certitudo
1711 3009 1803 3083 de
1835 3006 2157 3083 scientia

611 3131 1135 3206 subalternam
1159 3154 1391 3229 quam
1421 3129 1512 3205 de
1545 3129 2145 3204 subalternante.

611 3249 802 3334 Quae
851 3258 1106 3322 autem
1141 3247 1237 3319 sit
1303 3246 1676 3321 certitudo
1737 3245 2155 3343 Scriptura}

611 3366 1095 3464 exponentiS,
1185 3363 1469 3439 dictum
1561 3374 1696 3449 est,
1786 3363 2151 3461 quoniam

609 3508 765 3559 non
821 3485 1048 3560 habet
1107 3482 1483 3582 principia
1527 3492 1707 3556 nota
1765 3505 1856 3556 ex
1889 3480 2157 3555 termi-

608 3601 758 3697 nis,
797 3626 938 3677 nec
971 3625 1111 3677 sua
1135 3600 1514 3698 principia
1554 3599 1631 3672 in
1676 3622 1811 3698 per
1851 3622 1931 3673 se
1976 3607 2158 3672 nota

611 3721 934 3815 reducit,
999 3719 1198 3795 sicut
1256 3742 1396 3793 nec
1475 3717 1870 3815 Scriptura
1935 3739 2157 3814 expo-

612 3840 782 3933 sita,
828 3839 960 3912 sed
1002 3848 1298 3912 tantum
1349 3836 1682 3910 assentio
1740 3834 2156 3932 Scripturas

616 3957 1030 4057 exponenti
1064 3954 1260 4030 sicut
1289 3955 1706 4052 Scriptura}
1757 3954 2150 4052 expositae,

613 4081 788 4172 quae
822 4074 1225 4150 obscurior
1273 4083 1387 4148 est
1430 4102 1447 4166 3
1495 4082 1566 4147 ct
1627 4072 1795 4146 ideo
1850 4095 1987 4169 per
2042 4081 2157 4144 ta-

614 4195 763 4270 lem
862 4193 1421 4292 expositionem
1491 4215 1644 4264 non
1733 4190 2158 4286 acquiritur

616 4309 967 4404 scicntia,
997 4310 1127 4385 sed
1162 4318 1458 4382 tantum
1495 4306 1710 4381 fides,

713 4428 793 4503 Si
833 4451 1018 4505 vero
1083 4435 1415 4525 exponat
1480 4425 1951 4522 Scripturam
2031 4424 2160 4497 ad-

614 4547 863 4621 dendo
898 4545 1156 4642 aliqua
1189 4568 1325 4642 per
1356 4543 1722 4640 majorem
1759 4543 1874 4616 vel
1922 4542 2160 4614 mino-

616 4688 775 4740 rem
811 4661 1240 4762 syllogismi
1274 4661 1367 4736 de
1417 4659 1942 4753 conclusione,
2001 4683 2153 4733 non

613 4784 980 4881 majorem
1021 4780 1331 4856 habebit
1365 4779 1897 4854 certitudinem
1925 4803 2156 4877 quam

615 4902 706 4976 de
740 4900 1169 4999 praemissa,
1208 4921 1383 4996 quae
1428 4896 1489 4971 si
1535 4921 1686 4970 non
1745 4897 1972 4971 fucrit
2011 4896 2158 4969 sci-

618 5030 717 5109 ta,
762 5019 896 5093 sed
934 5027 1226 5092 tantum
1270 5015 1578 5101 credita,
1621 5023 1753 5089 aut
1809 5013 2162 5111 probabi-

617 5137 738 5231 lis,
776 5159 919 5212 nec
954 5134 1348 5210 conclusio
1382 5134 1524 5208 erit
1574 5132 1786 5207 scita.
1826 5132 1906 5206 Si
1976 5155 2159 5206 vero

149 5243 154 5248 ⁵
261 5256 582 5314 80¹¹0¹⁰⁸tf⁰i
617 5255 806 5332 sciat
865 5256 1189 5340 solvere,
1264 5263 1338 5326 et
1419 5252 1825 5326 defendere
1894 5260 2160 5323 contra

621 5374 898 5472 impios
990 5372 1455 5469 Scripturam
1579 5393 1904 5463 sacram,
2002 5392 2156 5441 non

620 5500 931 5596 propter
1033 5492 1175 5564 hoc
1281 5486 1706 5586 acquiritur
1806 5486 2154 5581 scicntia,

617 5611 801 5721 quia
857 5610 1004 5686 hoc
1079 5630 1234 5682 non
1312 5614 1426 5681 est
1501 5604 1649 5680 nisi
1716 5603 2154 5701 defendere,

2007 363 2248 435 LIBRI
2288 359 2411 433 111.

2257 531 2460 629 quod
2507 529 2903 626 Scriptura
2961 550 3179 602 sacra
3242 550 3393 600 non
3459 525 3803 599 includat

2255 650 2590 747 aliquam
2628 644 3355 743 impossibilitatem,
3403 643 3606 740 quod
3642 666 3796 716 non

2258 777 2373 842 est
2413 766 2608 840 scire
2651 772 3012 838 contenta
3081 762 3158 834 in
3194 784 3284 835 ea
3338 783 3505 835 esse
3560 760 3804 834 deter-

2258 884 2538 958 minate
2565 904 2770 955 vera.
2808 879 2984 953 Ideo
3009 878 3178 951 dico
3205 877 3409 975 quod
3440 875 3795 972 majores,

2259 1007 2339 1071 ut
2426 997 2818 1088 DoctoreS,
2928 993 2990 1067 si
3077 993 3324 1068 sciant
3417 1012 3800 1090 exponere

2260 1138 2499 1189 unum
2564 1114 2814 1202 locum
2861 1111 3280 1210 Scripturae
3314 1132 3452 1208 per
3531 1108 3798 1197 alium,

2256 1233 2662 1307 etsolvere
2697 1237 3180 1327 argumenta,
3256 1227 3460 1324 quod
3522 1225 3807 1300 debent

2255 1351 2451 1425 scire
2517 1348 2873 1445 majoreS,
2946 1370 3099 1421 non
3195 1356 3454 1420 tamen
3515 1344 3803 1419 habent

2261 1468 2619 1567 majorem
2708 1464 3239 1540 certitudinem
3320 1461 3797 1561 simpliciter,

2255 1610 2397 1661 nec
2493 1585 3031 1661 deductionem
3118 1580 3800 1657 demonstrativam

2257 1704 2707 1802 simpliciter
2775 1728 2865 1777 ex
2943 1725 3201 1788 causa,
3276 1710 3349 1775 et
3418 1700 3587 1773 ideo
3630 1698 3800 1772 dico

2258 1821 2462 1919 quod
2500 1845 2636 1895 nec
2672 1829 2980 1918 propter
3032 1819 3175 1891 hoc
3226 1816 3621 1891 scientiam
3660 1817 3802 1889 ha-

2256 1939 2465 2012 benL

2791 2253 3147 2311 SCllOLIUM
3192 2258 3259 2309 V.

2336 2408 2639 2481 Apostolos
2672 2407 2965 2479 accepisse
2995 2424 3027 2462 a
3077 2407 3188 2462 Deo
3242 2405 3532 2471 notitiam,
3573 2421 3686 2476 qua
3722 2402 3801 2458 ita

2259 2504 2412 2555 certo
2442 2507 2495 2554 et
2529 2498 2773 2553 tirmiter
2802 2498 3182 2552 assenserunt
3210 2492 3484 2549 omnibus
3508 2492 3800 2558 revelatis,

2259 2593 2408 2649 sicut.
2442 2606 2545 2646 nos
2578 2587 2880 2660 principiis
2912 2586 2997 2642 vel
3031 2584 3507 2642 conclusionibus
3537 2583 3803 2639 demons-

2259 2678 2450 2743 tratis,
2485 2678 2563 2732 ita
2590 2677 2740 2748 quod
2776 2691 2890 2731 non
2922 2674 3213 2746 potuerint
3262 2671 3549 2737 dubitare,
3580 2670 3804 2725 videtur

2263 2770 2413 2843 quod
2476 2768 2649 2824 suerit
2708 2766 2871 2832 sides,
2935 2765 3034 2821 sed
3095 2762 3533 2836 perfectissima.
3600 2762 3670 2817 Et
3726 2760 3806 2815 ita

2260 2859 2478 2914 sentire
2508 2856 2738 2912 videtur
2799 2856 3025 2921 Doctor‚
3086 2851 3425 2923 quiesi-forte
3474 2849 3805 2905 habuerunt

2261 2944 2605 3001 evidentiam
2658 2947 2728 2997 de
2786 2944 3110 3009 attestante,
3161 2953 3287 3010 quae
3345 2953 3459 2993 non
3518 2940 3807 3009 repugnat

2263 3030 2394 3086 fidei
2427 3049 2440 3098 ;
2488 3030 2618 3085 vide
2647 3028 2708 3084 in
2740 3027 2920 3083 Oxou.
2954 3024 3255 3082 Scholium
3288 3024 3381 3079 hic
3412 3038 3574 3079 num.
3610 3023 3697 3077 17.
3740 3022 3807 3076 Et

2262 3121 2495 3179 resolvit
2524 3120 2932 3192 quaestionem,
2959 3118 3126 3175 tidem
3156 3124 3209 3175 et
3239 3115 3541 3173 scientiam
3576 3114 3806 3189 proprie

2261 3215 2497 3278 dictam,
2534 3229 2853 3284 repugnare
2912 3212 2983 3267 de
3038 3212 3260 3278 codem,
3319 3210 3458 3282 quia
3502 3210 3622 3265 haec
3663 3210 3806 3280 petit

2261 3305 2610 3361 evidentiam
2641 3305 2873 3375 objecti,
2908 3307 2962 3359 et
3004 3301 3103 3358 illa
3145 3301 3587 3358 inevidentiam.

2278 3535 2279 3542 κ
2359 3487 2470 3562 De
2506 3487 2753 3580 terti0,
2799 3487 2968 3560 dico
3002 3486 3202 3584 quod
3238 3510 3542 3561 omnem
3588 3485 3805 3561 ess'ec-

2263 3613 2423 3677 tum
2484 3612 2733 3701 potest
2782 3603 2990 3677 Deus
3053 3604 3296 3678 facere
3347 3601 3512 3678 sine
3569 3626 3804 3678 causa

2263 3721 2603 3796 secunda
2669 3719 3041 3815 effectiva,
3114 3744 3350 3821 quare
3414 3729 3495 3795 ut
3544 3720 3806 3818 objec-

2262 3848 2424 3913 tum
2531 3850 2778 3938 potest
2872 3840 3117 3916 facore
3232 3838 3798 3934 certitudinem,

2262 3981 2436 4054 quae
2512 3957 2836 4031 includit
2901 3957 3238 4055 aliquam
3300 3956 3798 4051 evidentiam,

2260 4072 2470 4148 Deus
2529 4083 2777 4172 potest
2835 4074 3080 4148 facere
3140 4073 3348 4148 illam
3419 4073 3804 4148 certitudi-

2262 4214 2435 4265 nem
2482 4215 2652 4265 cum
2691 4191 3101 4285 evidentia,
3157 4200 3231 4266 et
3269 4191 3434 4266 sine
3487 4191 3807 4267 eviden-

2268 4308 2368 4382 tia
2398 4308 2606 4382 illius
2638 4332 2921 4403 causae,
2990 4332 3164 4406 quae
3226 4318 3405 4384 nata
3473 4321 3806 4385 estcau-

2264 4451 2431 4501 sare
2467 4427 2673 4500 illam
2708 4427 3200 4501 evidentiam.
3247 4427 3467 4503 Unde
3513 4436 3798 4503 tantam

2264 4543 2792 4618 certitudinem
2854 4544 2945 4618 de
3004 4544 3483 4642 Theologicis
3534 4543 3605 4617 in
3662 4544 3801 4618 ali-

2265 4660 2548 4758 quibus
2617 4659 2929 4754 creavit,
3040 4669 3122 4734 ut
3208 4660 3284 4734 in
3386 4661 3798 4760 ApostoliS,

2268 4779 2472 4877 quod
2543 4804 2693 4853 non
2759 4788 3175 4878 potuerunt
3258 4780 3662 4876 dubitare;
3731 4789 3806 4856 et

2263 4896 2572 4970 illorum
2651 4897 2985 4993 cognitio
3064 4907 3411 4995 respectu
3483 4896 3659 4972 fidei
3725 4897 3802 4971 in

2264 5014 2488 5089 nobis
2522 5024 2766 5112 potest
2806 5014 2954 5087 dici
2996 5014 3341 5109 scientia,
3395 5018 3516 5091 vel
3561 5016 3804 5114 magis

2264 5129 2699 5206 intellectus
2741 5132 3321 5230 principiorum.
3376 5133 3546 5208 Non
3597 5133 3799 5208 enim

2263 5259 2678 5347 potuerunt
2774 5275 2924 5326 non
3012 5250 3384 5328 assentire
3464 5253 3798 5347 creditiS,

2262 5367 2631 5443 sicutnec
2683 5392 2823 5466 ego
2884 5369 3283 5468 principiis
3338 5372 3805 5446 demonstra-

2260 5484 2586 5580 tionum,
2660 5486 2764 5560 ita
2826 5487 3029 5584 quod
3126 5486 3270 5562 ista
3363 5489 3800 5587 cognitione

2262 5615 2535 5699 stante,
2596 5605 3067 5705 impossibile
3132 5617 3298 5684 erat
3343 5607 3518 5685 illos
3574 5610 3803 5688 dubi-

3948 3520 4062 3590 21.
