4295 6326
631 405 761 470 482

635 577 793 634 tione
816 576 991 648 justi.
1026 576 1164 632 Vide
1193 592 1327 634 eum
1357 575 1417 631 in
1449 574 1632 631 Oxou.
1681 572 1777 630 hic
1825 586 1989 627 num.
2029 571 2084 625 7.
2126 572 2198 627 et'

637 674 839 740 quoest.
875 686 914 724 1.
948 667 1169 741 prolog.
1202 674 1257 723 et
1289 684 1325 722 1.
1352 667 1487 722 dist.
1514 683 1551 720 1.
1576 670 1776 734 quaeet.
1814 680 1850 718 1.
1875 666 1932 718 et
1962 663 2014 717 4.
2048 660 2180 716 dist.

636 759 724 813 49.
759 763 964 830 quaest.
995 761 1051 814 2.
1088 758 1173 812 11.
1206 762 1262 811 et
1292 756 1380 813 ⁴2.
1414 756 1509 810 ubi
1542 756 1712 810 docet
1737 751 2095 808 intellectum
2130 758 2184 806 et

638 850 992 906 voluntatem
1024 865 1139 906 non
1171 848 1445 918 quietari,
1483 846 1591 901 nisi
1643 845 1700 900 in
1760 841 2187 917 perfectissimo

639 947 911 995 contento
957 938 1068 994 sub
1111 938 1336 1008 obJecto
1385 936 1714 1006 adaequato.
1777 931 2070 997 Secundo,
2103 931 2188 988 ait

642 1028 800 1101 quod
831 1028 974 1084 ratio
1021 1025 1400 1083 accidentalis
1453 1025 1664 1096 objecti
1722 1024 2033 1094 adaequati,
2100 1025 2190 1078 est

645 1119 991 1186 redamatiO,
1023 1134 1121 1175 seu
1150 1117 1333 1174 Deum
1368 1131 1599 1172 amasse
1626 1130 1750 1181 noe,
1782 1122 1835 1170 et
1887 1114 1992 1169 hoo
2043 1129 2186 1185 prae·

645 1210 789 1266 cedit
816 1218 1007 1265 actum
1042 1207 1326 1277 amicitiae,
1359 1205 1623 1263 alliciens
1658 1205 1727 1260 ad
1763 1219 1919 1261 eum.
1971 1202 2188 1273 Terti0,

644 1300 810 1373 ponit
864 1299 1040 1357 aliam
1102 1302 1388 1356 rationem
1451 1298 1636 1370 magis
1711 1292 2188 1360 accidentariam,

646 1405 855 1461 nempe
885 1391 1041 1463 quod
1074 1389 1230 1445 Deua
1261 1389 1337 1445 eit
1365 1389 1679 1459 objectum,
1710 1390 2003 1456 quatenus
2054 1383 2190 1439 bea·

646 1479 891 1535 tificum.
943 1480 1080 1537 Vide
1132 1478 1463 1552 exemplum
1521 1477 1592 1533 de
1651 1475 1894 1549 pulchro
1947 1473 2191 1542 visibili,

649 1584 765 1641 quo
795 1585 913 1627 rem
944 1569 1201 1626 declarat
1229 1569 1285 1624 in
1316 1567 1499 1624 Oxon.
1534 1568 1627 1622 hic
1669 1582 1830 1622 num.
1864 1567 1919 1622 9.
1952 1564 2189 1631 Quarto,

650 1659 890 1715 resolvit
917 1659 1256 1715 charitatem
1285 1673 1413 1715 esse
1431 1659 1703 1713 virtutem
1730 1657 1984 1712 infusam
2015 1654 2195 1712 Theo·

652 1746 923 1821 logicam,
957 1766 1072 1820 qua
1100 1749 1296 1804 anima
1313 1747 1635 1804 secundum
1663 1745 1984 1821 portionem
2018 1760 2193 1816 supe-

654 1839 865 1894 riorem
899 1837 1193 1910 perficitur
1222 1838 1281 1893 in
1313 1836 1517 1894 ordine
1547 1836 1619 1892 ad
1662 1839 1840 1892 Deum
1872 1834 2195 1891 amandum

654 1944 849 1985 amore
880 1928 1167 1985 amicitiae.

336 2079 598 2245 netgessmi-
755 2101 943 2176 Di⁰⁰
993 2124 1176 2197 ergo
1228 2100 1433 2197 quod
1473 2099 1554 2172 in
1595 2099 1891 2196 objecto
1942 2100 2200 2173 chari-

305 2258 450 2309 „³50
480 2255 625 2307 5005
656 2219 832 2293 tatis
902 2227 1017 2293 est
1100 2217 1586 2293 considerare
1653 2218 1827 2312 tria,
1909 2218 2202 2293 scilicet

305 2320 627 2433 :ffiass'fflffif'
658 2337 901 2434 ipsam
1011 2336 1387 2411 rationem
1468 2336 1980 2419 essentialem,
2075 2337 2198 2409 vel

658 2452 1058 2527 formalem
1103 2451 1374 2550 obJeoti
1421 2452 1847 2526 secundum
1890 2476 1998 2528 se.
2065 2452 2203 2526 Se-

664 2572 946 2666 cundo,
996 2570 1226 2646 aliam
1276 2570 1793 2646 conditionem
1845 2571 2207 2646 acciden-

661 2690 894 2764 talem
964 2688 1288 2788 primam
1358 2689 1587 2763 actui.
1643 2689 1918 2777 Tertio,
1974 2688 2205 2763 aliam

667 2806 1190 2883 conditionem
1224 2805 1471 2903 magis
1498 2806 2048 2882 accidentalem
2081 2829 2211 2880 na·

671 2924 1000 2998 turalem
1051 2932 1654 3021 consequentem
1706 2932 1781 2998 et
1831 2920 2214 2998 concomi-

672 3050 961 3115 tantem
996 3049 1278 3115 actum.
1524 3120 1527 3121 ⁷

317 3153 639 3271 fflffoffissg
770 3158 1116 3233 Primum
1151 3167 1265 3232 est
1296 3156 1462 3256 ipsa
1491 3157 1683 3233 ratio
1715 3158 1998 3234 summi
2031 3157 2215 3234 boni

326 3275 1108 3397 {gfffflffiffisecundum
1152 3298 1259 3365 se,
1325 3298 1501 3349 nam
1562 3276 1708 3350 sub
1768 3277 2037 3351 eadem
2104 3298 2221 3350 ra-

417 3407 558 3459 tatis·
677 3395 886 3468 tione
916 3402 1031 3468 est
1061 3392 1350 3466 bonum
1384 3415 1776 3466 summum
1828 3391 2223 3467 charitatis

683 3513 1069 3609 objectum
1128 3510 1266 3584 Dei
1324 3520 1398 3584 et
1437 3511 1727 3605 nostri3
1784 3513 1916 3586 sed
1978 3512 2227 3610 prima

684 3629 878 3704 ratio
920 3627 1454 3725 diligibilitatis
1496 3629 1573 3701 in
1616 3629 1884 3704 ordine
1917 3629 2012 3703 ad
2043 3654 2227 3727 pro-

685 3750 931 3849 priam
981 3750 1482 3841 voluntatem,
1521 3773 1671 3822 non
1744 3759 1857 3823 est
1899 3748 2080 3847 quia
2131 3748 2229 3822 sit

687 3867 977 3941 bonum
1016 3864 1200 3937 mihi
1235 3866 1354 3938 vel
1394 3864 1720 3958 tibi,nec
1761 3865 1987 3940 etiam
2032 3864 2226 3959 sibi;

687 3993 764 4059 et
804 3986 949 4057 hoe
982 3982 1313 4081 pertinet
1354 3981 1447 4056 ad
1499 3979 1981 4057 affectionem
2015 4005 2230 4056 com-

688 4100 926 4194 modi,
965 4109 1048 4173 ut
1094 4106 1340 4198 potest
1380 4097 1482 4172 ibi
1529 4098 1899 4196 distingui
1964 4123 2234 4175 secun-

691 4220 873 4292 dum
914 4216 1221 4290 modum
1250 4225 1598 4290 nostrum
1624 4216 2103 4312 intelligendi
2137 4216 2233 4290 ab

695 4334 1093 4413 affectione
1126 4333 1344 4429 justi.
1392 4333 1611 4409 Unde
1654 4333 1901 4432 prima
1941 4343 2015 4407 et
2058 4357 2237 4431 per-

694 4451 1109 4526 fectissima
1175 4449 1366 4524 ratio
1416 4449 1795 4546 objectiva
1843 4449 2238 4546 diligibili-

703 4571 873 4646 tatis
950 4570 1027 4642 in
1104 4568 1266 4643 Deo
1335 4579 1450 4643 est
1516 4570 1868 4644 absoluta
1933 4569 2238 4644 bonitas

697 4712 865 4781 sua,
936 4695 1016 4759 ut
1064 4695 1176 4761 est
1217 4687 1507 4761 bonum
1578 4686 1656 4759 in
1707 4709 1814 4778 se,
1880 4687 2063 4783 quia
2129 4686 2238 4760 sic

698 4813 1000 4878 amatur
1055 4826 1314 4877 amore
1358 4801 1742 4898 amicitiae,
1816 4812 1894 4877 ut
1935 4804 1997 4878 si
2039 4812 2241 4878 esset

697 4921 1001 4996 visibile
1035 4919 1451 5013 infinitum,
1489 4921 1857 5018 quaelibet
1885 4920 2079 4994 visio
2119 4919 2243 4993 vi-

699 5040 914 5114 deret
947 5039 1139 5113 illud
1180 5061 1347 5113 esse
1389 5038 1806 5113 videndum
1864 5048 2238 5138 quantum

706 5169 990 5257 posset.

806 5278 931 5352 Sic
967 5278 1165 5351 hanc
1206 5276 1617 5351 essentiam
1670 5275 1809 5350 Dei
1863 5274 2245 5351 infinitam

707 5397 1032 5494 quilibet
1115 5395 1550 5468 intellectus
1592 5403 1838 5492 potest
1894 5394 2246 5492 judicare

707 5536 875 5589 esse
917 5535 1214 5587 summe
1250 5510 1744 5607 diligendam.

806 5630 1027 5705 Unde
1061 5638 1306 5705 stante
1349 5626 1426 5700 in
1470 5627 1630 5703 Deo
1676 5629 1970 5704 ratione
2012 5628 2246 5725 liujus

2057 394 2300 463 LIBRI
2344 393 2468 463 111.

2293 570 2653 646 essentiae
2694 569 3048 665 infinitae,
3083 578 3231 645 stat
3269 568 3463 644 ratio
3504 568 3840 666 diligen-

2297 691 2372 764 di
2406 691 2826 765 Dominum
2860 713 3093 788 super
3123 688 3409 764 omnia.
3454 687 3551 763 Ut
3582 697 3843 763 tamen

2295 808 2586 881 bonum
2664 818 2778 882 est
2854 830 3111 882 meum
3192 808 3316 881 vel
3392 815 3648 898 tuum,
3720 805 3843 879 vel

2296 949 2553 1019 suum,
2598 935 2712 1000 est
2741 924 3118 1022 diligibile
3167 948 3425 1000 amore
3468 922 3841 1021 concupi-

2296 1042 2639 1137 scentiae,
2698 1042 2830 1139 qui
2884 1065 3040 1116 non
3083 1050 3334 1140 potest
3399 1064 3568 1116 esse
3628 1048 3844 1115 actus

2296 1156 2900 1255 perfectissimus
2928 1156 3379 1233 voluntatis.

2397 1277 2488 1349 Et
2526 1299 2702 1350 cum
2734 1274 3013 1350 dicitur
3044 1274 3122 1348 in
3157 1274 3501 1350 secunda
3540 1273 3846 1373 opinio·
4002 1290 4066 1356 9,

2299 1413 2397 1465 ne
2444 1414 2459 1465 :
2498 1390 2576 1464 Si
2646 1391 2846 1466 alius
2903 1390 3114 1465 Deus
3190 1400 3416 1478 esset,
3484 1389 3619 1487 qui
3687 1412 3845 1462 non

2300 1515 2637 1583 creasset
2681 1530 2828 1600 me,
2861 1530 3002 1582 nec
3035 1505 3508 1582 beatificaret
3547 1529 3697 1599 me,
3733 1504 3849 1579 di-

2302 1625 2619 1722 ligerem
2673 1648 2851 1701 eum
2893 1647 3128 1722 super
3166 1623 3455 1699 omnia.
3508 1623 3720 1711 Dico,
3784 1622 3846 1696 si

2303 1743 2439 1836 sie,
2504 1765 2659 1816 non
2721 1750 2921 1817 esset
2973 1741 3382 1838 charitaS,²1
3421 1763 3563 1816 nec
3631 1748 3847 1815 actus

2304 1860 2445 1936 iste
2487 1871 2687 1937 esset
2717 1870 2933 1936 actus
2964 1861 3383 1961 charitatis7

2403 1990 2621 2083 Item,
2689 1988 2998 2086 quando
3059 1989 3399 2064 secundo
3469 1987 3843 2085 arguitur,
3881 1999 3965 2111 ἑο
3995 1997 4209 2111 ιιιιι]υε,ιι

2309 2107 2552 2206 major
2581 2117 2917 2193 sanctus,
2952 2117 3035 2182 ut
3076 2108 3380 2196 Petrus,
3429 2106 3674 2203 magis
3730 2104 3852 2179 di-
3917 2074 4182 2189 οιῗιῖἓεω

2308 2223 2665 2321 ligendus
2692 2234 2919 2299 esset.
2949 2223 3166 2317 Dico,
3201 2223 3849 2320 quandocumque
3883 2202 4043 2238 ‘'m‘'
4060 2187 4213 2237 ‘¹⁰⁰¹'

2310 2350 2563 2417 essent
2603 2343 2913 2416 colores
2980 2341 3342 2436 ordinati,
3404 2339 3855 2439 perfectissi-

2317 2480 2487 2531 mus
2561 2465 2781 2531 actus
2845 2456 3158 2531 videndi
3225 2456 3663 2531 necessario
3739 2463 3855 2529 est

2313 2574 2518 2648 circa
2548 2572 3187 2671 perfectissimum
3229 2572 3559 2665 visibile,
3595 2582 3850 2646 tamen

2316 2715 2474 2765 non
2542 2699 2841 2790 oportet
2897 2690 3182 2765 habere
3251 2699 3466 2764 actus
3542 2688 3854 2763 videndi

2318 2809 2746 2884 secundum
2805 2807 3092 2904 gradus
3167 2807 3577 2905 objectum.
3636 2806 3855 2880 Unde

2321 2925 2491 3000 dico
2533 2925 2738 3021 quod
2788 2924 3035 3020 gratia
3095 2925 3336 3021 major
3376 2924 3452 2997 in
3497 2923 3669 2998 aliis
3703 2946 3854 2995 non

2323 3043 2616 3141 quietat
2653 3042 3130 3116 voluntatem
3175 3064 3456 3131 meam,
3501 3041 3632 3116 sed
3694 3065 3861 3138 pos-

2326 3186 2496 3238 sum
2532 3161 2814 3236 habere
2848 3169 3099 3236 actum
3135 3159 3540 3263 minorem,
3587 3185 3727 3235 nec
3783 3159 3862 3233 in

2328 3303 2417 3356 eo
2459 3287 2574 3353 est
2606 3278 2795 3352 ratio
2828 3278 3182 3353 eliciendi
3225 3288 3508 3372 actum,
3545 3279 3678 3353 sed
3722 3279 3865 3352 hoc

2327 3406 2625 3471 tantum
2658 3405 2772 3472 est
2801 3395 2879 3469 in
2939 3395 3186 3493 primo
3229 3394 3523 3491 objecto
3566 3419 3866 3473 summe

2329 3515 2561 3589 bono.

2432 3631 2789 3707 Secunda
2855 3630 3220 3719 conditiO,
3279 3653 3454 3729 quae
3516 3640 3630 3706 est
3683 3630 3873 3705 acci·
3945 3643 4193 3697 Amicitia

2336 3750 2663 3825 dentalis
2692 3758 2765 3825 et
2817 3748 3091 3846 prima,
3130 3749 3577 3845 praecedens
3617 3760 3870 3824 actum
3905 3709 4204 3826 ⁸⁸33:th
4281 3753 4282 3826 ]

2339 3867 2728 3960 amicitiae,
2766 3874 2878 3940 est
2931 3864 3008 3937 in
3060 3864 3219 3940 Deo
3271 3889 3487 3940 amor
3550 3867 3721 3952 mei,
3767 3866 3878 3938 in-
4004 3841 4133 3887 ‘⁸¹¹¹‘

2340 3994 2712 4084 quantum
2794 3984 3085 4058 scilicet
3150 3983 3398 4080 diligit
3471 4008 3588 4060 me
3664 3984 3881 4081 prius

2342 4101 2700 4189 creand0,
2739 4109 2812 4174 et
2844 4098 3380 4194 beatificando,
3418 4110 3492 4175 et
3512 4110 3738 4198 prout
3770 4109 3885 4176 est

2342 4222 2633 4295 bonum
2738 4240 3039 4311 meum3
3112 4227 3186 4292 et
3254 4219 3419 4292 haec
3486 4217 3678 4291 ratio
3772 4225 3888 4292 est

2345 4338 2792 4437 praecedens
2823 4345 3072 4410 actum
3114 4334 3471 4410 amicitiae
3502 4345 3880 4410 nostrum.

2347 4456 2566 4530 Unde
2617 4452 2953 4527 amicitia
3010 4460 3123 4526 est
3176 4451 3269 4525 ad
3331 4452 3884 4545 redamantem,

2348 4582 2422 4648 et
2476 4572 2645 4646 ideo
2725 4567 3182 4644 secundario
3245 4567 3665 4664 diligimus,
3723 4576 3886 4642 tum

2350 4690 2530 4787 quia
2574 4689 2859 4762 bonum
2907 4694 3285 4779 nostrum,
3348 4693 3511 4759 tum
3545 4685 3729 4783 quia
3777 4696 3892 4759 est

2351 4806 2786 4896 redamanS,
2814 4802 3014 4877 siout
3045 4811 3118 4876 et
3159 4824 3512 4876 amamus
3552 4801 3886 4899 aliquem

2352 4946 2609 4998 amore
2664 4919 3054 5012 amicitiae,
3125 4919 3373 5017 primo
3439 4930 3510 4994 et
3571 4941 3711 5017 per
3776 4942 3883 5007 se,

2350 5049 2661 5140 propter
2690 5038 2978 5113 bonum
3011 5035 3315 5111 virtutis
3347 5036 3424 5109 in
3458 5059 3548 5111 eo
3577 5036 3894 5110 absolu-

2353 5170 2454 5252 te,
2500 5155 2684 5255 quia
2744 5165 2856 5230 est
2918 5153 3335 5228 formaliter
3401 5153 3754 5228 amabilis
3812 5153 3891 5226 in

2356 5300 2436 5351 se
2479 5295 2737 5349 amore
2780 5270 3136 5345 amicitiae
3191 5271 3617 5345 secundum
3661 5271 3897 5345 ratio-

2357 5416 2532 5467 nem
2569 5399 2879 5466 rectam.
2918 5388 3275 5463 Secunda
3302 5389 3720 5465 redamatio
3754 5414 3899 5488 po-

2360 5511 2473 5584 nit
2511 5510 2737 5585 aliam
2781 5507 3154 5582 rationem
3207 5505 3739 5602 diligibilitatis
3789 5507 3900 5580 ul-

2364 5627 2719 5702 teriorem
2785 5623 3032 5721 magis
3113 5619 3692 5723 accidentalem,
3761 5623 3901 5700 sed
