4295 6326
727 397 855 464 654
2144 391 2383 458 LtBRI
2432 390 2550 459 IV.

734 576 926 656 tum,
973 567 1269 667 species
1337 580 1451 644 est
1486 567 1951 666 principium
1992 565 2280 640 intelli·
2391 565 2573 637 dum
2609 589 2800 662 quas
2860 565 3224 638 dicuntur
3299 565 3562 639 onmia
3629 589 3796 638 esse
3850 565 3924 638 in

737 687 968 782 gendi
1000 687 1376 761 absolute.
2389 683 2520 755 illa
2586 683 2866 779 specie,
2940 683 3236 756 dicetur
3286 683 3490 778 quod
3572 682 3927 754 Philoso-

400 810 681 923 Dffittgffisslj
839 800 1288 895 Itenusicut
1328 826 1415 877 ex
1450 803 1746 876 actibus
1778 800 2000 874 honis
2033 807 2282 897 potest
2386 801 2588 897 phos
2659 810 2949 873 tantum
3023 800 3363 896 loquitur
3430 800 3521 872 de
3596 800 3928 873 naturali

382 935 706 1010 difien-ennox
742 920 1090 1015 generari
1140 921 1444 995 habitus
1504 919 1886 993 inclinans
1928 919 2019 990 ad
2082 917 2276 991 bene
2388 918 2752 1014 potentia,
2827 927 2896 992 et
2957 941 3106 991 non
3179 916 3275 991 de
3326 920 3925 1014 supernaturali,

383 1000 689 1050 ⁸⁰¹¹h⁰⁸w
740 1039 1245 1135 operandum,
1284 1047 1356 1113 et
1388 1062 1477 1112 ex
1506 1038 1801 1112 actibus
1872 1036 2091 1109 malis
2157 1036 2279 1108 ha·
2386 1034 2819 1130 cujusmodi
2864 1044 2977 1108 est
3036 1037 3433 1109 character
3500 1036 3928 1108 secundum

469 1061 626 1113 libus.

737 1152 940 1226 bitus
970 1155 1219 1228 malus
1260 1154 1351 1228 ad
1381 1153 1573 1228 male
1607 1152 2109 1251 operandum,
2176 1151 2276 1250 ita
2387 1150 2597 1224 istos.

734 1292 823 1343 ex
857 1271 1154 1344 actibus
1206 1269 1820 1344 indifferentibus
1854 1277 2099 1365 potest
2139 1290 2277 1363 ge-

729 1386 982 1460 nerari
1017 1386 1325 1460 habitus
1359 1384 1832 1473 indifferenS‚
1873 1407 2010 1459 nec
2047 1383 2273 1457 incli—

726 1525 924 1577 nans
983 1503 1077 1577 ad
1160 1503 1354 1576 bene
1419 1501 1929 1597 operandum,
1976 1525 2116 1573 nec
2177 1500 2270 1573 ad

726 1620 951 1712 male,
1016 1642 1156 1693 nec
1221 1618 1565 1702 faciliter,
1632 1641 1772 1691 nec
1832 1615 2266 1709 difficulter,

723 1736 855 1809 sed
899 1736 991 1809 ad
1035 1736 1383 1809 absolute
1416 1734 1920 1832 operandum.

821 1853 1037 1946 Item,
1085 1852 1393 1926 habitus
1434 1852 2064 1948 supernaturales
2110 1875 2268 1923 non

719 1968 904 2043 dant
945 1969 1266 2044 faciliter
1303 1966 1630 2065 operari.
1689 1967 1904 2040 Patet
1945 1967 2035 2040 de
2088 1966 2270 2039 inti-

718 2087 866 2160 deli
901 2095 974 2161 et
1016 2085 1221 2160 fideli
1252 2114 1268 2179 3
1306 2108 1487 2180 ergo
1520 2108 1675 2157 nou
1702 2092 1815 2158 est
1846 2083 1938 2158 de
1972 2083 2266 2157 ratione

719 2204 1107 2280 essentiali
1164 2203 1470 2277 habitus
1515 2203 1684 2275 talis
1734 2201 1938 2298 quod
1980 2200 2088 2274 sic
2140 2202 2263 2274 vel

718 2322 825 2395 sic
868 2321 1308 2394 inclinetur.

823 2439 1041 2512 Dices
1084 2437 1288 2534 quod
1340 2436 1593 2510 omnis
1653 2435 1958 2509 habitus
2000 2459 2261 2533 super-

718 2555 1091 2630 naturalis
1159 2555 1285 2627 dat
1327 2554 1523 2629 hene
1581 2562 1941 2649 agere,et
1990 2553 2095 2626 ita
2137 2553 2262 2627 dat

715 2672 909 2747 bene
946 2695 1170 2767 agere
1205 2670 1409 2768 quod
1444 2671 1672 2744 etiam
1703 2670 1830 2742 dat
1858 2668 1965 2742 sic
2000 2692 2254 2765 agere,

712 2799 786 2862 et
812 2812 947 2886 per
988 2809 1473 2884 consequens
1506 2786 1708 2882 quod
1751 2785 1859 2858 sic
1892 2785 1982 2857 ad
2018 2809 2260 2882 agen-

393 2473 667 2526 instantia.

2484 1267 2631 1341 Sed
2665 1270 2833 1342 haec
2880 1268 3277 1365 responsio
3304 1291 3456 1340 non
3491 1271 3719 1355 valet,
3745 1270 3928 1366 quia
3960 1267 4260 1392 2332&ssss

2383 1385 2806 1458 secundum
2873 1387 3014 1458 hoc
3084 1408 3236 1457 non
3304 1396 3559 1482 posset
3618 1387 3923 1484 probari
3989 1399 4241 1443 naturam

2383 1500 2727 1575 habitum
2826 1502 3163 1598 aliquem
3256 1507 3922 1599 supernaturalem
3958 1464 4241 1591 εὲἒτιᾳηᾶῗὲἶ

2380 1641 2548 1691 esse
2582 1618 2674 1691 de
2710 1619 2954 1715 prima
2986 1619 3240 1716 specie
3276 1619 3705 1713 Qualitatis,
3744 1621 3926 1719 quia
3960 1582 4245 1718 ''lisssssslissffl

2379 1733 2676 1808 dicetur
2741 1736 2868 1809 tihi
2931 1736 3135 1833 quod
3207 1736 3727 1835 Philosophus
3771 1751 3928 1813 tan·
4049 1710 4185 1757 “²¹¹'‘

2367 1859 2536 1946 atum
2578 1854 2877 1926 locutus
2917 1864 3032 1927 est
3071 1853 3161 1926 de
3233 1853 3497 1927 habitu
3561 1857 3920 1947 naturali,

2378 1980 2451 2043 et
2519 1993 2669 2043 non
2727 1972 3326 2068 supernaturali.
3393 1973 3536 2046 Sed
3601 1996 3928 2070 quomo-

2374 2085 2809 2184 documque
2865 2087 2961 2160 sit
3021 2087 3112 2161 de
3169 2090 3338 2182 hoc,
3404 2113 3558 2163 non
3621 2091 3927 2166 videtur

2376 2202 2564 2275 mihi
2584 2204 2770 2277 ratio
2789 2205 3223 2279 necessaria
3241 2205 3332 2278 ad
3359 2206 3923 2282 ostendendum

2373 2317 2618 2414 ipsam
2650 2342 2817 2393 esse
2852 2318 2929 2392 in
2964 2319 3214 2419 prima
3271 2322 3527 2418 specie
3572 2321 3921 2408 Qualita-

2373 2433 2493 2521 tis,
2539 2435 2661 2508 vel
2696 2435 2774 2509 in
2835 2436 3201 2530 secunda,
3240 2436 3438 2511 sicut
3478 2438 3692 2511 nulla
3725 2441 3917 2514 ratio

2371 2552 2806 2626 necessaria
2857 2560 2970 2625 est
3028 2551 3121 2625 ad
3165 2552 3725 2630 ostendendum
3797 2557 3918 2654 ip-

2369 2692 2529 2742 sam
2574 2692 2768 2743 esse.

2465 2784 2904 2859 Secundum
2941 2785 3140 2859 dicta
3182 2795 3430 2883 potest
3461 2789 3911 2885 responderi
4054 2817 4153 2883 13,

2366 2903 2458 2975 ad
2502 2913 2957 2999 argumenta
3018 2904 3417 3001 utriusque
3487 2906 3746 3002 partis.
3791 2908 3907 2982 Ad
4008 2933 4196 2996 Λαρη-
4263 2959 4264 2966 1

712 2905 895 2978 dum
926 2905 1268 2978 inclinat.

376 3112 655 3171 Quomodo
810 3022 920 3095 Ad
1000 3023 1143 3094 hoc
1202 3019 1399 3112 dico,
1464 3018 1664 3116 quod
1739 3018 1908 3091 ideo
1978 3017 2256 3092 (licitur
2365 3021 2727 3117 primum,
2809 3021 2872 3095 si
2933 3032 3261 3119 ponatur
3311 3022 3644 3117 habitus,
3705 3035 3909 3122 patet
3943 2999 4228 3122 mffiffi'ssf'

388 3176 667 3244 ..hammer
714 3137 894 3212 dare
955 3137 1150 3211 hene
1211 3158 1466 3231 agere,
1510 3134 1692 3232 quia
1750 3133 2252 3210 determinate
2366 3139 2762 3237 responsio
2823 3139 3028 3236 quod
3098 3166 3251 3214 non
3294 3152 3907 3239 oportetsecun-

357 3237 560 3351 ⁶¹2}ssssss
590 3241 679 3353 ξω·
710 3256 1029 3330 inclinat
1071 3255 1161 3327 ad
1199 3254 1516 3339 honum,
1562 3264 1636 3327 et
1686 3253 1824 3326 isto
1862 3253 2085 3326 modo
2128 3279 2254 3351 po-
2361 3258 2542 3330 dum
2581 3258 2830 3355 ipsum
2894 3259 3090 3333 hene
3132 3261 3520 3353 velmale,
3560 3264 3677 3336 vel
3719 3264 3906 3337 saci-

708 3379 852 3444 test
885 3370 1278 3442 character
1317 3367 1464 3440 dici
1509 3366 1842 3459 hahituS‚
1885 3367 2065 3463 quia
2119 3368 2252 3441 de-
2363 3374 2532 3448 liter
2615 3375 2945 3471 operari,
3019 3375 3485 3471 inquantum
3565 3378 3903 3472 habituS,

711 3488 1109 3561 terminate
1164 3486 1481 3559 inclinat
1513 3484 1605 3558 ad
1659 3485 1977 3577 honum,
2025 3496 2097 3558 et
2156 3486 2246 3558 ad
2358 3491 2541 3587 quia
2575 3493 2717 3564 hoc
2752 3492 2995 3565 solius
3029 3492 3335 3567 habitus
3363 3495 3718 3591 acquisiti
3760 3510 3902 3590 est,

704 3606 929 3697 hene,
966 3626 1191 3698 agere
1254 3601 1710 3698 inquantum
1758 3601 2065 3674 habitus
2126 3626 2250 3675 re-
2363 3617 2440 3679 ut
2516 3616 2718 3705 patet
2776 3632 3034 3704 supra,
3100 3632 3251 3680 non
3328 3633 3506 3683 vero
3576 3613 3906 3708 alicujus

425 3048 646 3102 Solutio.

706 3730 982 3794 motus.

396 3861 624 3925 nepueu.
798 3839 877 3911 Si
920 3838 1127 3911 dicas
1161 3836 1363 3933 quod
1409 3838 1804 3909 character
1836 3844 1948 3907 est
1980 3836 2055 3908 in
2101 3837 2248 3933 pri-

702 3979 823 4030 ma
873 3955 1129 4051 specie
1164 3952 1598 4039 Qualitatis,
1667 3961 1747 4025 ut
1812 3951 2240 4049 dispositio,

698 4082 768 4146 et
811 4095 963 4146 non
1011 4082 1088 4145 ut
1135 4070 1469 4161 habitus,
1534 4069 1718 4165 quia
1773 4067 2109 4166 disponit
2150 4071 2241 4143 ad

696 4189 1047 4284 gratiam.

385 4336 607 4387 Solutio.
795 4304 1275 4401 Respondeo,
1356 4327 1557 4376 unus
1637 4302 1943 4375 habitus
1994 4312 2242 4400 potest

692 4446 859 4497 esse
901 4419 1300 4518 dispositio
1335 4419 1425 4493 ad
1463 4418 1727 4500 alium,
1770 4427 1849 4491 ut
1883 4417 2239 4515 imperse-

694 4539 885 4614 otior
914 4540 1006 4612 ad
1046 4538 1492 4635 perlectum,
1522 4546 1594 4608 et
1625 4544 1877 4608 tamen
1916 4544 2238 4631 uterque

692 4667 805 4731 est
862 4655 1202 4728 habitus.
1278 4654 1388 4726 Ita
1448 4653 1521 4725 in
1604 4652 2020 4749 proposito,
2095 4653 2238 4725 etsi

692 4779 1091 4849 character
1130 4773 1487 4870 disponat
1532 4770 1622 4843 ad
1669 4771 2019 4865 gratiam,
2056 4796 2236 4845 vere

697 4906 947 4968 tamon
999 4902 1109 4964 est
1154 4891 1487 4982 habitus,
1537 4888 1674 4962 etsi
1720 4889 2236 4986 imperfectior

692 5017 821 5089 illo
855 5015 944 5088 ad
991 5035 1216 5111 quem
1254 5010 1614 5108 disponit.

364 5154 641 5230 impertae
790 5132 868 5204 Si
934 5131 1156 5205 etiam
1232 5137 1498 5201 contra
1538 5126 1740 5199 viam
1812 5126 2230 5199 secundam

363 5218 641 5345 iiss‘phoiiii't
690 5252 1015 5342 (linatur,
1075 5246 1276 5344 quod
1351 5269 1500 5317 non
1574 5254 1687 5318 est.
1752 5244 1828 5316 in
1892 5245 2232 5317 secunda

337 5344 944 5466 ,ffltfflsggspeeie
1014 5361 1441 5450 Qualitatis,
1507 5369 1579 5433 et
1654 5361 1796 5433 hoc
1867 5361 2232 5457 probetur

372 5485 583 5533 ponere.
691 5511 824 5585 per
887 5504 1191 5555 omnem
1257 5477 1795 5575 proprietatem
1871 5477 2229 5572 potentia}

692 5600 1083 5679 naturalis
1162 5600 1279 5671 vel
1374 5594 1871 5691 impotentiw,
1955 5619 2229 5668 secun-

2360 3726 2617 3818 infusi,
2655 3726 2787 3799 sed
2851 3725 3018 3800 ideo
3070 3736 3320 3823 potest
3360 3727 3506 3800 dici
3562 3729 3897 3823 hahituS,

2356 3842 2537 3939 quia
2603 3852 2718 3915 est
2785 3842 3203 3915 immobilis
3271 3855 3340 3917 et
3409 3844 3898 3941 indelebilis;

2353 3982 2521 4034 esse
2563 3971 2819 4033 autem
2887 3958 3193 4033 difficile
3268 3961 3545 4035 mobile
3591 3974 3704 4036 est
3747 3987 3901 4039 una

2353 4075 2691 4148 conditio
2769 4074 3104 4165 habituS,
3151 4084 3225 4149 et
3274 4076 3501 4149 etiam
3581 4077 3901 4153 inclinat

2354 4193 2447 4266 ad
2495 4193 2690 4266 hene
2724 4193 3105 4287 agendum
3157 4202 3234 4265 ut
3296 4194 3601 4268 habitus
3645 4220 3901 4269 remo-

2357 4320 2500 4402 tus,
2562 4310 2694 4383 sed
2750 4332 2900 4381 non
2958 4309 3419 4399 immediate,
3464 4323 3540 4384 ut
3614 4314 3899 4409 princi-

2352 4426 2559 4521 pium
2612 4425 2923 4497 formale
2958 4423 3379 4498 elicitivum
3424 4428 3888 4522 proximum.

2349 4541 2497 4614 Per
2554 4542 2698 4614 hoc
2743 4550 2943 4637 patet
3016 4541 3413 4637 responsio
3455 4544 3545 4617 ad
3612 4568 3897 4620 secun-

2348 4660 2557 4751 dum,
2607 4660 2681 4731 in
2754 4682 2908 4754 qua
2974 4659 3227 4755 specie
3298 4652 3703 4745 Quali'tatis
3780 4676 3896 4737 est

2348 4777 2775 4873 ponenduS.

2446 4892 2549 4964 ,td
2658 4901 3199 4984 argumentum
3298 4895 3601 4967 tertium
3686 4897 3883 4987 dico,
3962 4895 4216 5006 ‘hssuffffl'

2346 5009 2545 5104 quod
2630 5033 2777 5081 non
2869 5018 3166 5105 oportet
3252 5008 3495 5105 ipsam
3567 5013 3887 5089 formam

2345 5126 2771 5199 absolutam
2828 5125 2918 5198 do
2962 5147 3242 5219 genere
3272 5126 3676 5212 Qualitatis
3718 5155 3886 5207 esse
3977 5208 3980 5211 ,

2344 5241 2806 5338 principium
2878 5240 3349 5337 operationis
3414 5242 3881 5333 immediate,

2344 5360 2475 5432 sed
2517 5360 2634 5432 vel
2671 5359 2779 5432 sic
2837 5360 2952 5431 vel
2997 5357 3104 5431 sic
3165 5358 3746 5455 dispositionem
3792 5367 3888 5438 ad

2343 5477 2688 5559 formam,
2737 5500 2911 5571 qua*
2973 5484 3083 5547 est
3130 5475 3586 5573 principium
3645 5484 3892 5577 proxi·

2344 5618 2549 5665 mum
2588 5606 2660 5667 et
2709 5592 3233 5666 immediatum
3283 5598 3773 5691 operationis,
3813 5613 3889 5676 et
