4295 6326
1452 472 1676 541 DIST.
1727 472 1937 542 XLII.
1992 472 2409 552 QUAESTIO
2457 472 2579 540 IV.

417 650 802 725 audientis
868 648 1292 724 secundum
1376 647 1584 722 illam
1653 647 1960 722 intelle-

418 767 779 860 ctionem,
818 766 1280 864 inquantum
1322 772 1438 839 est
1481 763 1590 837 sic
1657 761 1963 859 signifi-

420 884 696 974 cativa,
740 891 815 956 et
853 891 1036 955 tunc
1103 888 1446 955 moveret
1485 880 1960 954 intellectum

422 1000 669 1075 Graeci
764 997 1146 1073 audientis
1212 998 1416 1070 illam
1505 1020 1803 1089 vocem,
1870 993 1964 1068 ad

424 1124 880 1214 conceptum
970 1112 1202 1212 quem
1296 1113 1679 1212 exprimit,
1760 1111 1965 1209 quod

426 1235 701 1307 falsum
746 1240 885 1306 est.
934 1231 1154 1305 Unde
1197 1232 1407 1304 nulla
1460 1228 1789 1326 qualitas
1822 1224 1965 1300 sibi

428 1349 923 1447 imprimitur,
1009 1370 1147 1422 nec
1239 1347 1576 1445 aliquem
1655 1365 1973 1439 concep-

430 1477 590 1540 tum
620 1466 694 1538 in
733 1488 812 1539 se
846 1465 1183 1539 continet
1227 1486 1363 1562 per
1402 1464 1575 1556 hoc,
1611 1460 1816 1559 quod
1858 1467 1972 1533 est

432 1582 967 1681 significativa,
1047 1582 1244 1684 sicut
1285 1604 1424 1655 nec
1509 1580 1586 1652 in
1683 1577 1971 1652 circulo

434 1701 694 1799 aliqua
751 1699 1080 1798 qualitas
1155 1698 1248 1773 de
1316 1721 1517 1771 novo
1582 1703 1967 1780 causatur,

436 1841 571 1918 per
610 1820 756 1892 hoc
815 1816 1020 1913 quod
1061 1814 1483 1911 imponitur
1526 1813 1619 1887 ad
1687 1808 1977 1908 signifi-

436 1934 765 2009 candum
807 1931 1101 2006 vinum.

100 2050 219 2164 Ῑζζξζ
244 2059 378 2161 2:¹1¹&ss
538 2053 714 2125 Ideo
757 2050 927 2124 dico
969 2048 1170 2145 quod
1246 2071 1389 2121 vox
1430 2044 1969 2143 significativa,

95 2182 403 2291 {3210032213
437 2170 686 2243 solum
752 2175 866 2241 est
935 2166 1243 2262 signum
1289 2164 1382 2239 ad
1427 2164 1791 2262 placitum
1854 2185 1978 2236 re-

205 2301 289 2351 na.
440 2283 1052 2360 memorativum.
1122 2280 1338 2354 Unde
1433 2304 1582 2353 vox
1677 2287 1975 2352 tantum

438 2403 792 2474 immutat
839 2422 1151 2473 sensum
1198 2385 1530 2486 auditus,
1566 2418 1707 2470 nec
1750 2395 1979 2469 habet

436 2539 753 2593 causare
806 2515 879 2588 in
924 2537 1188 2607 sensu,
1227 2536 1367 2587 nec
1410 2512 1483 2585 in
1540 2510 1969 2609 phantasia,

437 2659 576 2710 nec
661 2634 740 2707 in
818 2633 1240 2724 intellectu,
1309 2629 1454 2703 nisi
1517 2637 1975 2727 conceptum

435 2754 647 2827 vocis
677 2776 767 2827 ex
800 2775 908 2827 se.
952 2752 1235 2826 Tamen
1279 2748 1543 2824 auditu
1579 2748 1981 2822 immutato

437 2894 481 2945 a
584 2892 773 2943 voce
874 2865 1420 2964 significativa,
1529 2864 1983 2938 immutatur

438 2985 844 3083 phantasia
896 2993 969 3058 et
1023 2981 1417 3075 memoria,
1472 2990 1546 3055 et
1603 3004 1984 3055 memora-

442 3126 615 3177 mur
641 3102 748 3177 rei
790 3100 912 3177 cui
947 3102 1097 3175 tale
1155 3122 1435 3174 nomen
1481 3097 1621 3172 fuit
1662 3097 1984 3196 imposi-

444 3230 631 3311 tum,
703 3226 778 3292 et
842 3215 951 3291 sic
1019 3216 1295 3291 excitat
1354 3215 1823 3288 intellectum
1888 3213 1983 3287 ad

443 3332 1134 3410 considerationem
1229 3330 1437 3404 illius
1532 3329 1670 3423 rei,
1764 3330 1986 3426 cujus

448 3452 660 3550 prius
726 3449 997 3524 habuit
1053 3448 1428 3522 notitiam.
1474 3446 1713 3521 Aliter
1778 3446 1985 3521 enim

447 3591 585 3667 per
625 3589 890 3641 vocem
925 3565 1131 3639 illam
1176 3564 1362 3637 nihil
1401 3562 1801 3659 intelliget,
1840 3561 1986 3636 nisi

451 3685 666 3785 prius
737 3707 856 3758 res
888 3683 1011 3757 cui
1080 3681 1528 3779 imponitur,
1576 3680 1722 3754 sibi
1769 3678 1993 3754 fuerit

456 3810 661 3894 nota,
722 3808 797 3875 et
828 3798 1031 3897 quod
1083 3797 1177 3871 ad
1221 3820 1378 3872 rem
1441 3796 1649 3870 illam
1692 3792 1994 3890 signifi-

424 3919 778 3994 candam
808 3917 975 3991 haec
1007 3939 1153 3989 vox
1178 3914 1741 4012 imponebatur,
1782 3922 1855 3986 et
1885 3910 1996 3985 sic

459 4033 752 4109 reducit
791 4031 1261 4106 intellectum
1318 4029 1410 4103 ad
1462 4030 1837 4103 actualem
1876 4027 2000 4100 in-
2049 4016 2066 4027 ”

459 4150 968 4226 tellectionem
1003 4148 1108 4223 rei
1147 4147 1359 4246 prius
1404 4156 1607 4220 notae
1643 4145 2001 4219 habitua-

462 4267 674 4360 liter3
724 4274 794 4341 et
830 4265 959 4339 illo
1007 4264 1229 4338 modo
1273 4271 1517 4361 potest
1547 4285 1714 4337 esse
1759 4270 2001 4335 mate-

463 4383 750 4457 rialiter
784 4381 1068 4456 malitia
1100 4380 1178 4454 in
1204 4404 1417 4473 voce,
1458 4390 1537 4453 ut
1577 4389 1692 4454 est
1727 4378 2004 4452 instru-

465 4509 807 4574 mentum
855 4496 1295 4579 voluntatis.

996 4884 1352 4941 SCUOLIUM
1392 4884 1487 4938 VI.

546 5064 733 5136 Opera
761 5063 1049 5119 sensitivoe
1075 5068 1131 5118 et
1163 5061 1452 5133 negativae,
1495 5061 1786 5116 mediante
1823 5067 2016 5131 poten·

481 5154 561 5209 tia
593 5152 823 5213 motiva,
856 5152 1110 5207 subsunt
1157 5150 1439 5205 voluntati
1475 5167 1488 5216 ;
1527 5150 1680 5204 unde
1723 5165 1855 5204 cum
1891 5150 2015 5206 sine

481 5241 934 5298 circumstantiis
964 5240 1175 5296 debitis
1209 5240 1376 5305 siunt,
1408 5245 1639 5310 peccata
1671 5247 1828 5294 sunl.
1856 5240 2019 5295 Cnca

483 5332 827 5389 solutionem
863 5332 934 5386 ad
970 5333 1238 5403 primam,
1272 5330 1394 5384 vide
1422 5327 1480 5383 in
1515 5329 1695 5384 Oxon.
1731 5329 1786 5384 in
1822 5328 2013 5384 schol.

484 5425 575 5479 bic
608 5439 766 5478 num.
804 5421 888 5476 ¹9.
920 5420 1019 5476 nbi
1071 5421 1394 5476 resolvitur.
1459 5419 1671 5482 Prim0‚
1721 5435 1791 5472 an
1853 5419 2021 5473 detur

483 5512 693 5584 aliquis
734 5516 899 5567 actus
942 5509 1276 5572 voluntatiS,
1325 5525 1435 5563 non
1491 5507 1683 5561 liber?
1731 5507 2018 5580 Secundo,

484 5602 583 5672 qui
613 5608 808 5656 motus
840 5598 1007 5670 primi
1041 5600 1154 5654 sint
1186 5601 1415 5669 peccata
1443 5597 1470 5653 ‘t
1500 5597 1713 5665 Tertio,
1737 5613 1809 5651 an
1857 5609 2020 5656 actus

486 5690 732 5748 aliarum
784 5688 1174 5761 potentiarum
1233 5687 1460 5761 possint
1517 5703 1642 5744 esse
1692 5686 1848 5759 mali,
1900 5689 2024 5746 sine

630 5808 746 5862 Tou
798 5805 993 5860 xxm.

3488 478 3617 545 225

2067 650 2200 700 actu
2229 646 2475 716 positivo
2503 645 2813 702 voluntatis
2843 644 2872 700 ⁴?
2919 645 3155 710 Quarto,
3205 660 3276 698 an
3326 641 3617 715 appetitus

2069 736 2311 790 inferior
2341 735 2550 792 babeat.
2582 736 2836 807 aliquam
2890 735 3213 790 libertatem
3264 732 3558 805 propriam
3589 732 3619 787 ‘i

2070 826 2157 880 Ad
2193 831 2461 898 quartam
2510 827 2915 898 quaestionem,
2968 825 3215 897 explicat
3276 823 3616 879 divisionem

2074 917 2290 989 pcccati
2323 917 2378 971 in
2416 923 2651 988 peccata
2682 917 2894 984 cordis,
2927 917 3046 973 oris
3076 927 3128 973 et
3159 916 3372 989 operis,

2172 1124 2282 1197 Ad
2371 1122 2671 1198 tertiam
2732 1122 3241 1221 quaestionem
3309 1111 3617 1195 solven··
3734 1127 3847 1195 21.

2076 1241 2281 1333 dani,
2323 1315 2327 1319 ,
2367 1240 2782 1315 videndum
2870 1249 3007 1330 est,
3072 1238 3270 1313 sicut
3334 1238 3548 1336 prius
3592 1261 3607 1311 ε
3646 1244 3942 1357 Ξοῐὲξξϋὲ

2079 1356 2366 1449 Prim0‚
2432 1355 2815 1453 quomodo
2875 1354 3360 1453 operationes
3427 1356 3619 1430 alia·
3692 1322 3866 1420 qniti·

2079 1497 2247 1547 rum
2318 1472 2829 1571 potentiarum
2887 1478 3067 1544 sunt
3124 1471 3200 1544 in
3249 1479 3619 1567 potestate

2080 1588 2499 1663 voluntatis
2549 1586 2589 1658 Ῥ
2643 1586 3030 1680 SecundO,
3094 1588 3481 1683 quomodo
3540 1587 3620 1661 in

2081 1705 2193 1780 eis
2226 1713 2339 1779 est
2373 1703 2720 1777 malitia?

2182 1819 2573 1920 Quantum
2608 1819 2702 1892 ad
2764 1818 3124 1914 primum,
3188 1817 3358 1891 dico
3422 1819 3628 1914 quod

2083 1960 2272 2033 opus
2303 1934 2676 2032 accipitur
2708 1933 2781 2006 in
2834 1932 3225 2031 proposito
3266 1956 3403 2030 pro
3445 1956 3633 2031 ope-

2088 2050 2379 2125 ratione
2426 2048 2749 2122 aliarum
2809 2047 3324 2145 potentiarum
3381 2068 3424 2120 a
3491 2071 3634 2144 po-

2086 2166 2324 2243 tentia
2402 2165 2685 2238 motiva
2784 2165 3099 2260 linguae,
3163 2164 3339 2238 licet
3424 2162 3629 2238 enim

2086 2305 2340 2358 sermo
2373 2280 2469 2355 sit
2499 2304 2694 2378 opus
2727 2280 3110 2377 quoddam
3143 2308 3161 2374 ;
3191 2288 3444 2354 tamen
3489 2279 3635 2353 dis-

2088 2398 2467 2496 tinguitur
2506 2407 2772 2472 contra
2803 2397 2953 2471 alia
2994 2421 3254 2495 opera,
3293 2398 3476 2496 quia
3508 2421 3632 2473 se-

2089 2516 2428 2591 cundum
2500 2513 2687 2587 illud
2758 2537 2953 2612 opus
3025 2514 3405 2588 sermonis
3479 2539 3636 2589 ma-

2087 2633 2289 2707 xime
2324 2656 2405 2706 se
2441 2633 2667 2705 homo
2711 2630 3038 2705 civiliter
3106 2631 3334 2705 habet
3388 2641 3464 2705 et
3499 2655 3637 2729 po-

2091 2750 2320 2826 litice.

2189 2867 2376 2940 Dico
2437 2889 2618 2962 ergo
2688 2865 2893 2961 quod
2964 2866 3306 2963 potentia
3353 2867 3639 2942 motiva
3697 2881 3953 2939 Quaenam

2092 2994 2206 3059 est
2236 2983 2310 3056 in
2350 2990 2717 3080 potestate
2769 2982 3210 3075 voluntatiS,
3259 2992 3339 3057 ut
3402 3007 3639 3081 supra
3665 2946 3982 3068 assss²gss2¹?g,

2093 3109 2489 3175 ostensum
2523 3105 2693 3190 est3
2756 3098 3121 3196 potentiae
3175 3099 3405 3175 etiam
3458 3123 3640 3174 sen-
3666 3069 3990 3195 {2⁰33}ss

2093 3217 2341 3293 sitivoe
2382 3227 2562 3291 sunt
2630 3215 2708 3288 in
2768 3226 3138 3313 potestate
3190 3218 3637 3311 voluntatis,
3669 3194 3987 3307 ‘ufflfm‘

2094 3344 2169 3410 et
2234 3334 2462 3409 etiam
2545 3333 3027 3430 vegetativae,
3082 3344 3467 3431 quatenus
3509 3336 3645 3411 de-

2097 3450 2435 3549 pendent
2460 3473 2550 3524 ex
2592 3450 3035 3546 operatione
3077 3452 3440 3549 potentiae
3483 3476 3648 3526 mo-

2097 3567 2304 3660 tivae,
2341 3566 2891 3662 utvegetativa
2946 3567 3270 3664 requirit
3335 3569 3650 3667 opposi-

2099 3685 2388 3760 tionem
2460 3683 2873 3778 nutribilis,
2930 3695 3304 3782 quantum
3348 3687 3443 3760 ad
3509 3711 3653 3784 po-

2102 3802 2414 3877 tentiam
2523 3800 3012 3895 nutritivam,
3111 3812 3185 3877 et
3301 3801 3656 3878 similiter

2103 3915 2844 4016 approximationem
2901 3917 3128 3991 activi
3181 3926 3256 3991 et
3333 3918 3646 4015 passivi.

2106 4036 2197 4108 Et
2236 4031 2663 4107 secundum
2734 4033 2878 4106 hoc
2938 4032 3280 4130 potentia
3329 4056 3659 4129 genera-

2106 4151 2264 4224 tiva
2294 4148 2512 4223 estin
2551 4157 2922 4246 potestate
2980 4160 3268 4243 nostra,
3305 4159 3378 4225 et
3418 4150 3497 4222 in
3568 4172 3659 4224 ea

2110 4273 2359 4364 potest
2425 4287 2594 4338 esse
2637 4275 3053 4362 rpeccatum
3133 4266 3656 4360 materialiter,

2114 4380 2576 4478 inquantum
2635 4378 2730 4451 ad
2791 4387 3044 4453 actum
3136 4380 3660 4454 inordinatum

2114 4495 2478 4596 praecedit
2520 4494 2862 4592 potentia
2930 4495 3242 4590 motiva,
3307 4519 3482 4594 quae
3549 4506 3665 4571 est

2117 4616 2195 4687 in
2311 4619 2679 4710 potestate
2765 4613 3231 4699 voluntatis3
3314 4613 3666 4688 similiter

2118 4730 2348 4805 etiam
2410 4737 2783 4825 quantum
2846 4729 2940 4802 ad
3011 4729 3388 4826 potentias
3429 4729 3667 4805 sensi-

2126 4847 2345 4938 tivaS,
2405 4853 2788 4942 quatenus
2843 4845 3330 4942 operationes
3398 4869 3663 4921 earum

2123 4965 2561 5064 dependent
2600 4990 2642 5038 a
2705 4965 3042 5062 potentia
3093 4966 3401 5040 motiva.
3448 4961 3668 5042 Unde

2124 5081 2610 5177 Augustinus
2663 5083 2778 5155 12.
2840 5082 3114 5156 Τνίηἱί.
3173 5108 3338 5181 cap.
3386 5086 3456 5157 8.
3493 5084 3676 5158 dicit

2127 5198 2331 5295 quod
2374 5198 2557 5294 quia
2595 5199 2887 5296 apertio
2945 5201 3489 5297 palpebrarum
3537 5224 3678 5276 ne-

2129 5313 2463 5387 cessario
2509 5314 2924 5411 requiritur
2991 5315 3084 5388 ad
3152 5314 3558 5409 visionem,
3605 5324 3679 5389 et

2136 5440 2387 5503 motus
2461 5430 2725 5505 localis
2813 5432 3355 5529 palpebrarum
3421 5432 3678 5506 obedit

2132 5548 2442 5641 animae,
2478 5557 2799 5622 eatenus
2847 5548 3041 5622 visio
3102 5558 3215 5623 est
3282 5548 3355 5621 in
3419 5559 3680 5646 potes-

2134 5673 2286 5738 tate
2327 5665 2772 5740 voluntatis,

3393 5814 3455 5864 15
