4295 6326
105 5659 376 5788 οξέἐὲιιέι-τ,
437 5700 566 5766 rat

1550 479 1772 546 DIST.
1830 478 1981 547 XII.
2035 478 2455 558 QUAESTIO
2505 480 2590 549 Il.
3073 518 3074 521 =
3253 536 3259 543 .
3584 487 3659 554 15

446 651 886 727 secundum
927 653 1278 729 Boetium
1344 680 1394 727 1.
1486 653 1760 728 Trinit.
1834 676 1998 751 cap.

443 768 515 841 3.
556 793 787 845 omne
836 794 1020 859 esse,
1067 774 1187 847 vel
1284 783 1400 847 est
1451 775 1742 860 formae,
1798 773 1917 845 vel
1961 794 2006 844 a

443 886 767 979 forma3
843 887 1077 984 igitur
1162 890 1479 964 materia
1561 913 1715 962 non
1778 888 2009 961 habet

446 1025 635 1096 esse,
685 1004 835 1078 nisi
894 1004 990 1080 sit
1048 1015 1289 1102 actuS,
1353 1007 1474 1081 vel
1545 1014 1800 1080 actum
1869 1007 2011 1077 ha-

448 1118 645 1192 bens
700 1147 717 1211 ;
774 1130 939 1194 tum
1009 1122 1192 1219 quia
1276 1123 1486 1197 Deus
1557 1145 1708 1195 non
1779 1119 2010 1194 habet

443 1235 703 1310 ideam
762 1239 1109 1314 materiae
1154 1267 1172 1333 3
1226 1239 1458 1336 igitur
1543 1262 1697 1313 non
1762 1243 2009 1336 potest

444 1374 616 1424 eam
663 1354 1085 1449 producere
1125 1379 1259 1454 per
1292 1378 1399 1430 se.
1450 1354 1756 1439 Ultimo,
1825 1352 2010 1449 quia

447 1469 1109 1569 quandocumque
1197 1475 1436 1547 multa
1497 1472 2009 1566 analogantur

446 1593 525 1664 in
589 1590 881 1687 aliquO,
927 1591 1119 1665 illud
1184 1615 1333 1665 non
1406 1599 1521 1665 est
1589 1589 2007 1664 formaliter

449 1711 599 1784 nisi
636 1711 713 1782 in
763 1734 918 1784 uno
974 1711 1314 1804 illorum,
1358 1709 1558 1784 sicut
1634 1718 1837 1807 patet
1913 1707 2005 1781 de

445 1851 663 1919 sane,
701 1827 887 1924 quia
940 1836 1236 1902 tantum
1281 1838 1395 1902 est
1455 1825 1871 1901 formaliter
1925 1824 2001 1895 in

449 1943 800 2030 animali,
855 1951 930 2016 et
986 1944 1137 2017 alia
1214 1943 1577 2017 dicuntur
1635 1964 1849 2034 sana,
1926 1948 2007 2012 ut

448 2059 679 2132 urina
702 2059 806 2134 ita
837 2059 1043 2133 dicta
1067 2083 1220 2133 non
1246 2084 1291 2134 a
1322 2059 1674 2151 sanitate,
1699 2081 1874 2156 quae
1910 2056 2005 2129 sit

447 2175 524 2247 in
564 2175 751 2272 ipsis
796 2176 1215 2251 formaliter
1274 2178 1685 2275 plusquam
1757 2175 1828 2247 in
1890 2175 2005 2246 la-

444 2292 650 2389 pide,
697 2289 832 2365 sed
875 2290 1059 2386 quia
1090 2289 1376 2363 habent
1427 2286 2000 2363 attributionem

444 2407 541 2481 ad
586 2408 776 2481 illud
819 2407 896 2479 in
959 2429 1113 2503 quo
1169 2415 1281 2480 est
1335 2405 1622 2480 sanitas
1677 2403 2006 2478 formali-

444 2539 587 2602 ter.
646 2528 801 2600 Sed
859 2549 998 2600 ens
1068 2525 1467 2621 analogice
1553 2523 1834 2598 dicitur
1907 2523 1998 2598 de

446 2640 769 2715 materia
801 2649 877 2714 et
912 2640 1082 2714 aliis
1130 2668 1148 2732 ;
1211 2663 1363 2713 non
1430 2639 1664 2735 igitur
1721 2638 2002 2713 dicitur

438 2783 608 2852 enS‚
647 2769 722 2833 et
768 2757 1053 2832 habere
1096 2780 1254 2832 esse
1285 2756 1435 2831 nisi
1496 2781 1632 2855 per
1689 2757 2001 2831 attribu-

436 2875 785 2968 tionem3
851 2874 1085 2971 igitur
1154 2898 1312 2949 esse
1365 2898 1519 2949 non
1583 2874 2003 2949 formaliter

438 2996 647 3069 inest
689 2994 1055 3069 materiae.
1087 2993 1250 3066 Hoc
1276 2992 1578 3067 videtur
1616 3017 1753 3090 per
1810 2992 2000 3066 illud

437 3115 513 3187 7.
560 3114 999 3211 MetaphyS.
1046 3135 1243 3187 com.
1302 3121 1480 3186 text.
1537 3111 1606 3184 8.
1665 3110 2003 3185 Materia

438 3254 585 3305 nec
665 3237 776 3304 est
870 3229 1079 3329 quid,
1151 3253 1288 3303 nec
1379 3234 1775 3326 quantam,
1857 3233 1994 3300 etc.

441 3348 669 3422 Unde
696 3347 1140 3421 Aristoteles
1171 3345 1355 3420 dicit
1381 3345 1530 3419 ibi:
1569 3345 1732 3418 Aac
1761 3351 2003 3419 mate-

441 3465 593 3552 ria,
642 3485 814 3561 qaae
854 3460 1276 3537 secundnm
1315 3484 1423 3555 se,
1479 3479 1724 3559 neque
1787 3460 2000 3558 qaid,

440 3604 693 3679 neque
720 3580 1130 3678 quantitas,
1162 3602 1406 3676 neque
1431 3577 1734 3677 aliquid
1756 3577 1999 3668 alind,

443 3697 726 3796 qne-'bns
769 3702 879 3770 est
915 3696 1537 3788 determinatum,
1589 3695 1663 3767 id
1706 3703 1840 3779 est,
1885 3693 2005 3767 di-

444 3815 735 3888 visum.
775 3815 868 3887 Et
906 3813 1208 3887 subdit:
1248 3813 1392 3886 Est
1422 3812 1627 3886 enim
1675 3811 2000 3910 aliquid,

444 3932 544 4004 {le
600 3956 755 4028 qua
798 3931 1058 4004 omnia
1117 3930 1274 4004 alia
1322 3928 1881 4026 praedicantur,
1937 3935 2011 4004 et

442 4048 1049 4146 unumquodque
1090 4047 1297 4146 qnod
1339 4047 1823 4144 praedicatur
1869 4047 2005 4122 de-

440 4165 922 4240 nominative
968 4164 1293 4238 alteram
1328 4171 1436 4237 est
1467 4188 1621 4238 esse
1652 4162 1742 4237 ab
1769 4187 1882 4258 60,
1912 4163 2005 4239 de

440 4310 595 4384 qno
633 4283 1139 4380 praedicatur.
1186 4282 1692 4379 Manifestum
1726 4289 1836 4356 est
1854 4283 2006 4380 iqi-

441 4413 575 4476 tm·
636 4400 845 4499 qnod
872 4400 1229 4475 altimum
1277 4398 1839 4499 sabjectnm,id
1865 4406 1999 4494 est,

440 4522 779 4593 materia
852 4519 953 4591 sit
1008 4517 1231 4591 alind
1292 4516 1714 4591 secundnm
1781 4542 2000 4592 snam

440 4634 859 4709 essentiam
921 4633 1011 4708 ab
1076 4634 1294 4707 omni
1366 4632 1625 4729 forma
1664 4632 2005 4708 snbstan-

437 4752 626 4827 tiali
665 4759 738 4825 et
782 4750 1264 4825 accidentali.
1307 4753 1395 4824 Et
1435 4751 1838 4849 Expositor
1868 4751 1997 4844 ait,

438 4869 659 4969 quod
720 4868 914 4943 ratio
971 4868 1184 4966 prius
1238 4893 1333 4943 ex
1397 4868 1748 4967 opposito
1808 4869 2004 4943 facta

439 4985 829 5086 processit
881 5008 973 5060 ex
1025 4985 1364 5060 materiae
1414 4985 1848 5082 ignorantia
1906 4986 2001 5059 ad

435 5103 1016 5179 ostendendum
1051 5102 1256 5199 quod
1298 5101 1465 5200 ipsa
1535 5101 1863 5176 maxime
1906 5101 2003 5176 sit

435 5218 913 5312 substantia,
1019 5217 1191 5294 ideo
1287 5219 1363 5291 in
1473 5218 1722 5292 littera
1802 5217 2003 5293 dicta

438 5336 895 5412 manifestat
922 5336 1365 5411 Aristoteles
1390 5335 1571 5434 quid
1603 5345 1715 5410 est
1759 5348 2002 5411 mate-

434 5458 590 5532 ria.

544 5570 748 5645 Dico
779 5578 1032 5644 tamen
1062 5568 1268 5667 quod
1302 5569 1706 5667 Expositor
1743 5568 1847 5644 ihi
1877 5592 2002 5645 er-

625 5687 831 5762 sicut
891 5686 967 5760 in
1020 5685 1280 5761 multis
1346 5686 1517 5761 aliis
1549 5688 1763 5781 locis,
1819 5686 2002 5785 quia

2118 675 2261 728 nec
2303 661 2418 728 est
2456 653 2646 729 illud
2679 654 3106 729 secundum
3147 654 3425 730 seriem
3458 655 3663 730 litte-—

2118 793 2248 857 rae,
2281 795 2422 848 nec
2453 796 2726 848 verum
2787 773 2860 846 in
2908 797 3017 867 se,
3054 772 3239 871 quia
3289 773 3665 849 Aristote-

2121 880 2231 963 les
2272 889 2528 985 arguit
2584 889 2868 964 ibidem
2937 900 3204 964 contra
3244 890 3661 965 secundam

2116 1004 2560 1102 opinionem
2632 1005 3124 1103 antiquorum
3209 1006 3662 1105 ponentium

2119 1121 2521 1198 materiam
2564 1147 2732 1200 esse
2776 1123 2962 1222 quid
3003 1123 3080 1198 in
3142 1133 3344 1216 actu,
3400 1134 3482 1198 ut
3527 1148 3669 1200 va-

2117 1263 2283 1336 por,
2319 1241 2442 1314 vel
2497 1240 3043 1338 quodcumque
3095 1243 3271 1315 tale.
3312 1243 3401 1315 Et
3454 1241 3670 1316 Aris-

2117 1356 2387 1432 toteles
2427 1357 2610 1431 dicit
2637 1358 2844 1456 quod
2886 1357 3311 1434 secundum
3354 1382 3486 1433 eos
3514 1381 3670 1431 om-

2117 1470 2246 1545 nia
2291 1472 2810 1571 praedicantur
2878 1475 2969 1549 de
3047 1474 3367 1548 materia
3438 1474 3668 1549 deno-

2115 1587 2511 1683 minative,
2560 1590 2661 1664 ita
2727 1589 3300 1665 denominative
3357 1590 3664 1688 proprie

2115 1708 2342 1804 dicta,
2408 1720 2481 1785 et
2557 1711 2908 1808 arguitur
2997 1711 3091 1785 ad
3186 1710 3656 1809 oppositum,

2114 1825 2477 1912 subdens,
2524 1827 2655 1901 sed
2711 1826 3184 1925 impossibile
3252 1832 3365 1901 est
3418 1833 3664 1902 mate-

2114 1941 2313 2015 riam
2337 1965 2495 2018 6336
2512 1944 2852 2018 maxime
2880 1942 3413 2018 substantiam.
3451 1943 3661 2020 Nam

2114 2079 2273 2131 esse
2310 2058 2739 2157 separabile
2780 2059 2870 2134 ab
2940 2059 3146 2153 aliis,
3192 2066 3265 2134 et
3327 2083 3486 2159 esse
3522 2058 3663 2134 hoc

2113 2172 2416 2271 aliquid
2440 2177 2780 2250 maxime
2815 2175 3175 2250 videntur
3214 2174 3661 2250 substantiae

2111 2288 2383 2363 inesse.
2441 2288 2692 2376 Quare
2754 2291 3074 2366 materia
3131 2300 3205 2366 et
3271 2290 3661 2390 composi-

2111 2414 2272 2479 tum
2354 2409 2596 2504 magis
2655 2408 3122 2483 videbuntur
3207 2431 3375 2483 esse
3462 2408 3652 2483 sub-

2112 2523 2441 2620 stantiae‚
2490 2549 2718 2626 quam
2783 2526 3127 2620 materia,
3162 2524 3359 2601 hene
3401 2535 3656 2601 tamen

2113 2639 2632 2739 Philosophus
2673 2641 2777 2716 ait
2816 2641 3022 2740 quod
3074 2665 3232 2716 esse
3291 2651 3407 2715 est
3462 2644 3657 2718 alte-

2113 2779 2278 2829 rum
2363 2758 2701 2833 materiae
2764 2783 2807 2832 a
2890 2758 3235 2856 quolibet
3327 2756 3654 2833 aliarum

2110 2872 2714 2971 Categoriarum.
2769 2873 2920 2949 Sed
2984 2874 3474 2950 manifestum
3546 2882 3661 2949 est

2110 2990 2316 3087 quod
2403 2991 2548 3065 1106
2599 3015 2753 3065 non
2827 2990 3009 3064 dicit
3066 3014 3158 3066 ex
3232 2990 3658 3066 intentione
3741 3034 3744 3037 ι

2108 3107 2447 3206 propria,
2492 3107 2676 3207 quia
2707 3107 2767 3182 si
2811 3117 2926 3184 est
2964 3108 3259 3207 species
3297 3107 3659 3185 substan-

2111 3227 2372 3302 tantioe
2451 3227 2924 3326 compositae,
2992 3237 3073 3301 ut
3179 3229 3345 3301 vult
3420 3228 3502 3302 in
3582 3228 3652 3299 8.

2108 3343 2453 3442 Metaph.
2492 3351 2673 3419 teoet.
2723 3345 2790 3417 7.
2831 3369 2983 3419 non
3033 3344 3268 3441 igitur
3312 3352 3426 3420 est
3465 3346 3660 3419 alte-

2112 3484 2279 3534 rum
2316 3483 2360 3534 a
2416 3459 2814 3557 Categoria
2866 3459 3362 3553 Substantiae‚
3422 3482 3664 3557 quan·
3759 3473 3766 3482 '

2112 3577 2207 3650 do
2241 3585 2355 3650 est
2411 3576 2516 3649 ibi
2568 3600 2706 3674 per
2760 3577 3312 3651 reductionem.
3370 3576 3662 3651 Praeter

2111 3695 2286 3782 hoc,
2323 3693 2694 3791 expositio
2739 3695 2903 3769 haec
2936 3692 3389 3767 contradicit
3424 3693 3497 3766 in
3540 3694 3665 3767 in-

2111 3809 2587 3885 tentionibus
2649 3811 2828 3887 huic
2885 3809 3318 3905 sententiae,
3356 3810 3539 3907 quia
3598 3809 3661 3884 si

2114 3952 2271 4002 esse
2304 3936 2418 4003 est
2440 3930 2810 4023 alterum3
2847 3928 3081 4025 igitur
3143 3927 3460 4003 materia
3500 3952 3655 4000 non

2114 4054 2228 4119 est
2270 4044 2487 4139 nihil,
2535 4045 2717 4144 quia
2759 4046 2955 4120 idem
3005 4053 3080 4120 et
3110 4046 3437 4119 alterum
3479 4053 3661 4117 sunt

2114 4160 2565 4236 differentiae
2617 4162 2840 4236 entis.
2906 4161 2985 4235 Si
3045 4161 3279 4257 igitur
3345 4159 3662 4235 materia

2114 4304 2269 4355 non
2324 4281 2641 4355 haberet
2695 4304 2853 4355 esse
2911 4282 3238 4354 alterum
3295 4301 3339 4352 a
3389 4278 3656 4371 forma,

2115 4421 2269 4471 non
2301 4406 2559 4495 posset
2589 4396 2736 4470 dici
2761 4398 3115 4472 alterum.

2213 4514 2506 4589 Proeter
2579 4517 2751 4608 1106,
2812 4512 3336 4609 Philosophus
3410 4510 3663 4607 arguit

2112 4631 2248 4725 ibi,
2321 4630 2524 4729 quod
2615 4630 2930 4705 materia
3033 4627 3497 4728 praedicatur
3563 4626 3658 4702 de

2114 4747 2565 4844 composito,
2664 4755 2738 4820 et
2849 4769 2889 4819 e
2976 4754 3267 4837 contra,
3353 4741 3662 4841 propria

2114 4862 2657 4961 praedicatione
2737 4861 3338 4937 denominativa.
3407 4863 3497 4934 Et
3555 4859 3659 4933 di-

2114 4982 2215 5055 cit
2258 5005 2272 5054 :
2320 4981 2517 5054 Dico
2558 5004 2802 5078 neque
2832 4980 2999 5069 lzoc,
3035 5003 3279 5079 neque
3318 4978 3485 5068 hoe,
3530 4976 3666 5052 sed

2109 5094 2525 5170 secandum
2573 5120 2696 5170 eos
2732 5092 3297 5194 praedicabitur
3332 5093 3660 5191 propria

2111 5213 2736 5289 denominatione
2798 5213 2891 5288 de
2954 5212 3398 5310 composito,
3451 5210 3657 5307 quod

2111 5339 2367 5404 tamen
2432 5329 2706 5403 falsum
2786 5340 2901 5403 est
2952 5325 3428 5425 simpliciter,
3476 5324 3659 5422 quia

2112 5448 2285 5523 talis
2353 5446 2793 5546 praedicatio
2871 5472 3024 5522 non
3103 5445 3404 5534 dicitur,
3475 5444 3659 5542 quia

2112 5564 2303 5640 illud
2353 5564 3015 5641 denominativum
3081 5563 3300 5639 cadat
3359 5559 3453 5635 ad
3515 5561 3658 5635 ali-

2112 5681 2297 5781 quid
2329 5683 2845 5758 extrinsecum
2887 5682 2960 5754 in
2999 5689 3299 5769 natura,
3337 5675 3467 5750 sed
3527 5700 3654 5773 po-
