4295 6326
669 384 803 453 426

674 556 858 654 quia
899 556 1088 631 ratio
1168 562 1281 629 est
1335 550 1681 627 definitio
1751 547 1946 645 ejuS,
2013 544 2223 641 quod

678 673 908 747 habet
939 671 1128 770 qaid
1178 681 1252 744 et
1326 667 1575 767 quale,
1650 668 1794 739 hoc
1858 674 1941 737 ut
1985 672 2225 735 mate-

683 791 903 882 riam,
937 788 1125 862 illud
1161 811 1341 861 vero
1385 796 1467 859 ut
1498 785 1847 857 formam.
1884 781 2107 871 Item,
2145 778 2222 849 in

685 907 951 982 eodem
988 905 1169 979 dicit
1201 904 1405 1001 quod
1448 900 1879 977 substantia
1911 921 2227 995 compo-

683 1024 829 1098 sita
874 1022 1102 1097 habet
1160 1019 1789 1119 perfectissimam
1846 1016 2220 1091 rationem

679 1138 1130 1215 substantiae
1167 1166 1186 1232 3
1232 1138 1364 1212 sed
1443 1137 1587 1210 hoc
1656 1158 1808 1209 non
1855 1142 2056 1208 esset
2088 1156 2225 1206 ve-

676 1279 847 1331 rum
908 1254 1335 1329 secundum
1425 1254 1624 1327 hanc
1714 1250 1947 1343 viam,
2039 1248 2224 1346 quia

679 1374 995 1448 haberet
1061 1370 1348 1469 aliquid
1420 1369 1623 1467 quod
1690 1392 1840 1441 non
1896 1366 2223 1465 pertinet

675 1491 767 1566 ad
812 1513 1031 1565 suam
1075 1488 1575 1587 quidditatem
1629 1496 1702 1561 et
1748 1484 2221 1559 substantia-

674 1607 989 1681 litatem.

773 1727 886 1800 Ad
921 1727 1139 1799 illum
1182 1749 1365 1821 ergo
1398 1724 1806 1798 articulum
1840 1721 2009 1794 dico
2045 1720 2223 1794 bre-

673 1838 897 1933 viter,
943 1839 1147 1936 quod
1191 1838 1388 1912 sicut
1428 1846 1742 1911 causata
1791 1859 1871 1909 se
1932 1834 2221 1907 habent

678 1956 770 2030 ad
831 1979 1103 2029 causas
1158 1978 1338 2029 suas
1384 1953 1849 2029 extrinsecas
1908 1949 2220 2024 diversi-

675 2073 928 2166 mode,
999 2072 1102 2146 ita
1169 2081 1480 2145 causata
1547 2068 2057 2143 diversimode
2136 2090 2216 2141 se

672 2189 960 2263 habent
991 2188 1084 2263 ad
1120 2210 1393 2261 causas
1433 2186 1917 2260 intrinsecas.
1986 2184 2217 2271 Qus-‚e-

671 2307 845 2382 dam
879 2306 1083 2381 enim
1116 2314 1297 2380 sunt
1329 2315 1667 2398 causata,
1714 2326 1889 2400 quae
1933 2303 2219 2376 habent

670 2426 933 2521 plures
967 2424 1463 2515 extrinsecaS,
1507 2433 1586 2496 ut
1628 2444 1802 2518 quae
1837 2444 1991 2494 non
2035 2428 2218 2493 sunt

668 2540 1105 2614 immediate
1152 2565 1193 2614 a
1249 2540 1438 2631 De0,
1502 2538 1635 2612 sed
1700 2537 2216 2611 mediantibus

672 2655 930 2729 causis
963 2655 1323 2729 secundis
1360 2654 1632 2728 mediis
1668 2682 1685 2748 3
1732 2663 1806 2728 et
1855 2654 1982 2726 illa
2037 2676 2216 2749 quae

667 2771 1107 2845 immediate
1142 2771 1676 2870 producuntur
1706 2794 1776 2866 a¹
1805 2770 1993 2862 De0,
2038 2777 2215 2842 tan-

671 2899 828 2964 tum
870 2891 1154 2964 habent
1198 2914 1428 2964 unam
1489 2912 1800 2962 causam
1873 2887 2216 2962 efficien-

667 3018 820 3084 tem
863 3007 1244 3100 etfinem;
1292 3008 1391 3081 ita
1450 3005 1676 3081 etiam
1747 3014 1928 3079 sunt
1994 3028 2214 3102 qua}-

668 3128 843 3203 dam
905 3127 1112 3203 entia
1165 3136 1478 3202 causata
1529 3149 1573 3201 a
1630 3123 1884 3198 causis
1936 3121 2215 3198 intrin-

668 3244 865 3318 secis
951 3243 1330 3342 pluribus,
1437 3251 1519 3316 ut
1611 3239 2062 3337 composita,
2141 3248 2216 3313 et

669 3364 1021 3462 quaedam
1105 3387 1287 3454 non,
1378 3370 1456 3433 ut
1523 3359 1731 3434 entia
1803 3358 2209 3456 simplicia,

671 3501 846 3575 quaa
887 3487 1140 3550 tamen
1214 3476 1498 3549 habent
1557 3497 1867 3548 causam
1933 3474 2215 3547 forma-

672 3596 848 3687 lem,
896 3617 1049 3667 non
1134 3591 1599 3666 materialem
1639 3619 1657 3684 ;
1713 3600 1786 3663 et
1825 3588 2209 3689 sicutilla,

673 3734 850 3808 quae
887 3712 1168 3784 liabent
1200 3707 1701 3806 quidditatem
1749 3706 2208 3804 simplicem,

674 3826 960 3901 habent
1011 3848 1324 3900 causam
1393 3824 1885 3898 intrinsecam
1940 3821 2214 3896 forma·

674 3946 850 4038 lem,
933 3967 1108 4041 quae
1185 3942 1511 4042 pertinet
1563 3941 1654 4015 ad
1710 3940 2213 4039 quidditatem

672 4085 969 4153 eorum,
1008 4059 1110 4133 ita
1141 4083 1317 4157 quaa
1358 4068 1541 4132 sunt
1569 4065 1883 4131 causata
1939 4080 1984 4130 a
2032 4079 2215 4130 cau-

673 4178 778 4252 sis
819 4174 1297 4268 extrinseciS,
1357 4173 1867 4248 essentialiter
1926 4170 2213 4269 depen-

599 4326 604 4330 ·
672 4295 978 4372 dentab
1020 4295 1159 4388 eis,
1217 4302 1302 4366 ut
1367 4290 1622 4366 causis
1672 4290 2215 4364 essentialibus

439 4874 543 4941 13.

357 4961 574 5025 Species

673 4413 767 4486 ad
800 4412 1243 4496 essentiam,
1282 4419 1355 4484 et
1413 4418 1595 4481 tunc
1654 4407 2011 4505 sim-'causa
2064 4430 2217 4479 ma-

672 4529 960 4603 terialis
999 4527 1416 4600 intrinseca
1456 4525 1549 4598 sit
1593 4522 1910 4597 materia
1943 4523 2212 4620 prima,

675 4647 838 4720 sive
899 4667 1179 4741 corpus
1242 4640 1720 4736 organicum,
1805 4640 2215 4736 pertinebit

674 4764 765 4837 ad
803 4753 1308 4861 quidditatem
1348 4759 1449 4833 rei
1496 4756 1936 4829 materialis.

769 4883 874 4956 Ad
947 4879 1449 4953 intentionem
1521 4887 1774 4949 autem
1855 4874 2212 4948 Philoso-

317 5024 606 5085 tripliciter
669 5000 830 5098 phi,
878 5001 946 5072 7.
1005 4998 1348 5094 Melaplz.
1410 4996 1489 5070 z‘n
1554 5018 1718 5091 cap.
1767 4993 1858 5066 de
1919 4994 2210 5065 unitate

348 5088 599 5136 sumitur.

333 5149 635 5209 Exponam
668 5117 1166 5213 definitioni&

313 5212 619 5276 philosoph.

1277 5123 1391 5188 est
1488 5112 1884 5186 sciendum
2000 5111 2203 5207 quod

667 5234 1188 5331 Philosophus
1242 5230 1637 5327 {equivoco
1709 5230 1786 5302 in
1867 5227 1998 5301 z'llo
2033 5253 2198 5325 cap.

666 5353 940 5448 accipit
982 5351 1118 5424 ista
1155 5348 1317 5438 tria,
1363 5348 1719 5444 speciem,
1765 5346 2196 5432 materiam,

662 5480 735 5544 et
773 5467 1223 5567 subjectam,
1288 5466 1509 5559 cujus
1567 5463 2201 5560 utquivocatismis

658 5583 1096 5684 ignorantia
1138 5581 1313 5655 facit
1381 5590 1464 5654 ut
1531 5580 1716 5652 illud
1775 5581 2197 5677 capitulum

2097 368 2337 436 LIBRI
2383 367 2506 437 Ill.

2335 567 2380 618 a
2423 543 2679 616 multis
2752 545 2943 617 male
3005 554 3458 642 exponatur.
3507 544 3881 630 Quando-

2334 682 2483 756 que
2517 660 2720 734 enim
2760 661 3279 758 Philosophus
3303 662 3505 759 capit
3542 662 3873 759 speciem

2332 801 2470 875 pro
2508 779 2773 872 forma,
2820 802 2996 878 quae
3037 790 3150 853 est
3190 781 3427 854 altera
3461 804 3635 878 pars
3666 804 3876 853 com-

2334 894 2585 991 positi,
2624 905 2692 968 et
2729 896 3193 992 quandoque
3256 920 3391 993 pro
3453 897 3868 970 universali

2333 1012 2710 1084 abstracto
2788 1012 2882 1085 ab
2963 1011 3409 1099 individuis,
3485 1013 3707 1108 cujus
3762 1024 3875 1087 est

2331 1128 2538 1225 quod
2591 1129 2781 1226 quid
2833 1137 2965 1210 est,
3032 1130 3278 1227 primo
3357 1130 3866 1228 simpliciter3

2332 1244 2797 1342 quandoque
2839 1245 3212 1342 accipitur
3252 1270 3388 1343 pro
3449 1248 3871 1344 composito

2330 1383 2422 1434 ex
2454 1362 2721 1436 ultima
2759 1364 3099 1456 materia,
3146 1374 3219 1437 et
3265 1366 3510 1439 forma
3572 1365 3864 1457 ultima,

2330 1478 2535 1574 quod
2578 1488 2691 1551 est
2723 1479 3071 1553 videlicet
3116 1502 3249 1577 per
3288 1504 3368 1554 se
3444 1481 3517 1553 in
3589 1505 3870 1577 genere

2331 1595 2797 1670 Substantia}
2866 1598 3426 1694 compositum;
3519 1601 3871 1698 quando-

2329 1735 2478 1810 que
2520 1722 2774 1787 autem
2835 1715 3036 1812 capit
3077 1714 3176 1788 ibi
3240 1740 3376 1812 pro
3445 1718 3867 1815 composito

2332 1828 2824 1916 universalia,
2920 1832 3347 1905 secundum
3432 1833 3635 1931 quod
3723 1835 3869 1908 dis·

2331 1947 2790 2043 tinguuntur
2856 1958 3123 2023 contra
3195 1951 3531 2048 speciem
3618 1951 3865 2048 primo

2330 2064 2554 2138 modo
2587 2064 2894 2154 dictam,
2933 2074 3006 2139 et
3037 2089 3189 2139 non
3224 2068 3564 2141 secundo
3610 2070 3860 2143 modo.

2328 2180 2545 2255 Unde
2614 2183 2924 2278 quando
2991 2193 3214 2257 vocat
3319 2185 3708 2259 hominem
3787 2187 3862 2259 in

2328 2299 2741 2373 universali
2776 2301 3236 2396 subjectum,
3274 2312 3347 2377 et
3379 2302 3863 2378 individuum

2323 2414 2399 2487 in
2435 2438 2717 2509 genere
2771 2415 3239 2491 Substantiae
3303 2419 3665 2512 existenS,
3722 2421 3865 2494 hoc

2325 2557 2475 2605 non
2521 2533 2773 2628 arguit
2826 2558 2916 2608 ex
2992 2558 3072 2609 se
3139 2535 3646 2631 existentiam,
3687 2562 3859 2611 nam

2325 2646 2695 2743 quidquid
2775 2658 2881 2721 est
2951 2648 3158 2722 illius
3235 2650 3859 2736 coordinationis,

2323 2774 2439 2837 est
2476 2762 2553 2835 in
2625 2786 2935 2858 genere,
2971 2776 3383 2862 antequam
3463 2792 3865 2866 compare-

2324 2888 2449 2953 tur
2487 2880 2577 2953 ad
2614 2881 3122 2956 existentiam.
3175 2883 3391 2959 Unde
3448 2885 3571 2959 hic
3636 2886 3861 2960 homo
3894 2888 4009 2948 0⁰0
4053 2900 4224 2937 ‘0⁰⁸⁰

3896 2951 4189 3001 existentia

2326 2996 2823 3071 abstrahitab
2881 2999 3285 3074 existentia
3341 3002 3539 3076 sicut
3604 3007 3857 3097 homa,
3936 3015 4190 3063 estacci·

2325 3112 2447 3186 hic
2480 3121 2735 3188 tamen
2773 3116 3001 3189 homo
3034 3116 3371 3194 existens
3394 3143 3546 3194 non
3581 3132 3695 3196 est
3726 3144 3863 3196 ens

2325 3254 2460 3328 per
2491 3230 2848 3306 accidens
2888 3242 3256 3331 tanquam
3299 3236 3585 3334 aliquid
3649 3261 3863 3312 com-

2323 3347 2653 3444 positum
2692 3371 2783 3421 ex
2819 3349 3046 3423 rebus
3101 3350 3581 3427 diversorum
3623 3378 3864 3450 gene-

2324 3488 2494 3538 rum
2541 3492 2558 3557 3
2605 3465 2737 3539 sed
2805 3466 3210 3542 existentia
3268 3471 3684 3547 formaliter
3753 3485 3865 3548 est

2324 3592 2535 3657 extra
2616 3581 2984 3656 rationem
3065 3587 3553 3663 essentialem
3653 3591 3864 3667 illius

2324 3699 2689 3786 hominiS,
2758 3710 2831 3775 et
2890 3702 3121 3777 totius
3186 3703 3392 3780 illius
3467 3710 3867 3784 coordina-

2323 3816 2554 3891 tionis
2599 3817 2677 3889 in
2719 3841 3002 3913 genere
3044 3819 3541 3918 Substantiae,
3589 3834 3661 3899 et
3728 3851 3864 3924 pro

2322 3941 2532 4008 tanto
2566 3933 2843 4008 dicitur
2874 3937 3283 4012 ewislentia
3315 3938 3459 4013 sibi
3519 3965 3689 4016 esse
3732 3967 3864 4017 ac-

2323 4050 2611 4125 cidens.
2655 4050 2870 4126 Unde
2907 4053 3312 4129 existentia
3371 4068 3484 4132 est
3525 4060 3860 4136 conditio

2324 4167 2761 4242 necessaria
2800 4167 2922 4242 isti
2992 4171 3316 4265 homini,
3367 4181 3443 4247 ut
3510 4176 3869 4252 terminet

2323 4285 2931 4381 generationem,
2970 4311 3143 4361 nam
3209 4290 3330 4363 hic
3411 4293 3639 4365 homo
3708 4318 3863 4368 non

2323 4413 2738 4498 generatur
2770 4428 2905 4501 per
2962 4430 3042 4480 se
3102 4416 3174 4481 et
3241 4409 3511 4506 primo,
3546 4411 3676 4484 sed
3739 4414 3863 4488 hic

2327 4522 2555 4594 homo
2598 4523 2960 4603 existens,
2995 4536 3068 4599 et
3099 4549 3189 4600 eo
3247 4529 3467 4602 modo
3527 4533 3866 4606 existen-

2322 4639 2424 4711 tia
2472 4640 2821 4736 sequitur
2890 4641 3170 4738 ipsum,
3234 4654 3315 4717 ut
3377 4661 3866 4745 comparatur

2323 4755 2414 4829 ad
2486 4757 3058 4851 generationem
3132 4762 3677 4857 producentem
3763 4766 3865 4862 ip·

2321 4894 2491 4943 sum
2539 4871 2609 4944 in
2659 4895 2871 4958 casse,-
2930 4876 3127 4948 unde
3190 4877 3297 4949 sic
3352 4879 3495 4951 hoc
3556 4881 3864 4976 subjec-

2321 4997 2481 5060 tum
2561 5000 3000 5083 generatur,
3048 5000 3121 5064 et
3188 5016 3337 5065 non
3393 4996 3853 5092 subjectum,

2318 5113 2402 5178 ut
2434 5104 2751 5201 praecise
2813 5106 2995 5179 dicit
3056 5107 3538 5184 individuum
3583 5112 3657 5185 in
3725 5139 3859 5211 ge-

2317 5247 2499 5297 nere
2572 5224 3068 5317 Substantiae,
3143 5230 3565 5302 secundum
3664 5233 3857 5306 ordi-

2313 5343 2702 5416 nationem
2749 5343 2954 5417 illius
2994 5345 3322 5439 generis.

2415 5470 2628 5561 Item,
2676 5470 2951 5566 accipit
3025 5473 3425 5547 materiam
3518 5479 3855 5572 quando-

3989 3076 4140 3126 den&

4006 5475 4113 5540 14.

3946 5564 4173 5614 Materia

2315 5608 2463 5682 que
2503 5594 2580 5659 ut
2630 5610 2785 5660 non
2846 5596 3233 5662 contracta
3292 5601 3431 5685 est,
3486 5594 3617 5668 sed
3687 5596 3854 5669 uni-
3886 5625 4178 5690 tripliciter
