4295 6326
176 3863 371 3914 Secun-

205 3926 351 3977 dum.

1456 438 1681 507 DIST.
1735 440 1855 509 lx.
1908 438 2328 519 QUAESTIO
2379 442 2615 512 UNIC.

3559 436 3678 503 311

1303 938 2448 1110 DISTINCTIO
2607 943 2877 1121 ΙΧ.

869 1622 1269 1701 QUAES'HO
1316 1622 1605 1690 UNICA.

475 1794 721 1858 Utrum
798 1790 1026 1858 cultus
1079 1789 1298 1859 latriae
1353 1792 1686 1859 debeatur
1735 1789 2008 1860 Christo

626 1898 1006 1966 secundum
1036 1910 1363 1966 naturam
1395 1899 1785 1966 humanam
1803 1904 1839 1967 Ρ

469 2090 664 2148 Ateus,
688 2090 744 2146 3.
775 2106 830 2162 p.
862 2107 911 2162 q.
947 2090 1032 2145 30.
1067 2106 1141 2146 m.
1172 2091 1226 2144 2.
1262 2095 1320 2144 υ.
1356 2090 1561 2146 Tbom.
1607 2091 1660 2145 3.
1713 2107 1766 2157 p.
1819 2108 1869 2162 q.
1915 2091 2003 2146 25.

537 2171 641 2217 art.
674 2162 728 2215 2.
774 2166 824 2216 et
868 2165 956 2218 hic
1007 2169 1202 2233 quaest.
1250 2162 1304 2216 5.
1355 2170 1458 2216 art.
1509 2162 1562 2217 2.
1600 2162 1661 2217 D.
1690 2162 2002 2219 Bonavent.

537 2238 643 2289 art.
675 2249 715 2289 ι.
750 2238 942 2305 quaest.
976 2251 1013 2291 1.
1049 2233 1321 2290 Richard.
1352 2241 1460 2289 art.
1500 2236 1554 2288 2.
1600 2238 1792 2305 quaml.
1825 2250 1861 2289 1.
1895 2238 2007 2290 Du·

540 2305 706 2359 rand.
732 2321 783 2375 q.
817 2308 868 2358 2.
898 2305 1065 2361 Gabr.
1097 2305 1226 2360 ctist.
1260 2308 1312 2361 8.
1344 2321 1396 2375 q.
1430 2305 1652 2361 1.Suar.
1687 2306 1739 2360 3.
1769 2323 1827 2377 p.
1861 2305 2002 2377 disp.

535 2377 627 2431 55.
657 2382 784 2432 sect.
819 2393 857 2430 1.
892 2382 945 2432 et
982 2378 1036 2431 2.
1064 2376 1241 2450 Vasq.
1272 2377 1410 2446 disp.
1441 2377 1531 2432 95.
1561 2376 1830 2434 Bellarrn.
1864 2378 1901 2432 Ι.
1942 2378 2008 2433 de

531 2449 685 2503 cultu
718 2448 1044 2504 Sanctorum
1073 2465 1194 2520 cap.
1233 2450 1319 2503 12.
1354 2449 1483 2504 vide
1505 2448 1659 2505 Scot.
1693 2466 1730 2505 1.
1787 2453 1922 2505 Met.
1970 2466 2001 2521 q
2043 2465 2056 2479 ·

533 2523 587 2576 2.
621 2529 676 2574 et
708 2521 764 2575 iu
797 2518 969 2576 Oxou.
1010 2519 1100 2575 hic
1128 2537 1159 2593 q
1211 2521 1396 2576 unica.

559 2695 780 2769 Circa
833 2718 1115 2769 nonam
1181 2695 1750 2771 distinctionem
1802 2718 2007 2793 quae·

104 2788 657 2919 arguuentst‘stffl‘
730 2814 1029 2912 primo:
1105 2815 1377 2890 Utrum
1444 2813 1691 2889 cultus
1755 2813 2004 2889 latriae

461 2928 825 3005 debeatur
895 2930 1194 3004 Christo
1260 2929 1510 3005 solum
1584 2930 2005 3005 secundum

457 3054 812 3122 naturam
845 3046 1264 3123 divinam?
1334 3047 1553 3135 Quod
1613 3048 1750 3142 sic,
1822 3047 2006 3146 quia

457 3166 650 3241 ratio
703 3176 1003 3241 naturae
1055 3167 1421 3242 humanae
1488 3167 1717 3241 habet
1769 3190 2008 3266 supe-

456 3283 767 3377 riorem,
830 3283 1015 3381 quia
1094 3293 1373 3359 natura
1466 3286 1811 3359 humana
1890 3292 2006 3359 est

454 3424 722 3494 serva3
787 3400 1019 3498 igitur
1072 3401 1371 3476 Christo
1429 3401 1720 3477 ratione
1794 3401 2004 3477 illius

456 3542 610 3591 non
654 3517 979 3594 debetur
1009 3519 1263 3593 cultus
1294 3518 1563 3595 latriae.
1605 3518 1767 3592 Hoc
1792 3518 2004 3593 vide-

457 3644 582 3709 tur
665 3657 803 3733 per
902 3635 1424 3731 Augustinum
1505 3658 1739 3733 super
1811 3635 2001 3709 illud

462 3752 748 3827 Psalmi
781 3751 898 3824 98.
965 3751 1307 3826 Adorate
1345 3750 1762 3826 scabellum
1808 3758 1997 3851 ejuS.

563 3869 778 3961 Item,
826 3869 1026 3966 quod
1071 3879 1186 3943 est
1224 3892 1522 3942 summe
1579 3868 1998 3960 adorabile,

463 3994 915 4060 est.summe
956 3985 1380 4082 diligibile3
1431 3985 1563 4060 sed
1631 3986 1821 4058 nihil
1891 3994 2006 4060 est

462 4099 540 4173 in
585 4100 914 4187 Christo,
952 4099 1157 4197 quod
1199 4098 1297 4172 sit
1327 4122 1630 4173 summe
1662 4099 2004 4195 diligibi-

464 4217 561 4310 le,
626 4215 773 4290 nisi
843 4225 1120 4290 natura
1179 4215 1466 4309 divina,
1559 4216 1742 4314 quia
1810 4215 1999 4290 nihil

462 4333 670 4408 aliud
707 4334 935 4408 habet
965 4332 1336 4407 rationem
1396 4332 1700 4405 infiniti.

559 4460 1013 4558 Oppositum
1054 4460 1222 4534 vult
1248 4460 1734 4557 Augustinus
1765 4484 1996 4537 serm.

460 4575 581 4648 58.
621 4575 713 4650 de
749 4575 959 4650 verb.
997 4575 1219 4648 Dom.
1266 4599 1499 4673 super
1540 4575 1773 4651 illud:
1817 4577 2003 4651 Non

461 4690 809 4767 turbetur
838 4715 971 4766 cor
998 4699 1360 4784 vestrum,
1428 4701 1570 4766 etc.
1629 4695 1715 4766 Et
1778 4693 2002 4790 poni-

463 4817 586 4883 tur
652 4808 731 4882 in
800 4808 1077 4884 littera.
1149 4811 1238 4882 Et
1314 4808 1843 4883 Damascenus
1908 4808 2001 4882 de

462 4923 672 4998 Orth.
708 4922 866 5020 fide
925 4923 1054 4999 lib.
1093 4925 1162 4998 3.
1211 4948 1380 5022 cap.
1435 4924 1506 4997 6.

1009 5220 1368 5278 Senonum
1408 5225 1452 5279 1.

535 5371 796 5442 Explicat
824 5371 961 5442 quid
997 5371 1073 5428 sit
1105 5372 1289 5428 virtus
1321 5375 1646 5430 revercntiae
1677 5382 1728 5429 et
1770 5375 1999 5448 religio-

464 5461 577 5524 nis.
637 5471 694 5517 et
741 5461 986 5532 qualiter
1031 5466 1120 5518 est
1169 5462 1426 5530 moralis,
1478 5480 1591 5518 non
1632 5463 1997 5534 Theologica,

460 5550 562 5605 sed
598 5549 1000 5622 frequentibus
1044 5552 1271 5609 actibus
1318 5553 1689 5623 generabilis.
1734 5554 2002 5611 Secundo

462 5654 698 5697 omnem
753 5639 1047 5699 bominem
1099 5640 1279 5697 teneri
1327 5639 1638 5713 aliquando
1689 5645 1755 5700 ad
1805 5648 1997 5702 actum

2120 1374 2347 1429 colendi
2410 1375 2620 1442 Deum,
2682 1389 2751 1428 ex
2806 1371 2994 1443 primo
3046 1374 3330 1443 praecepto
3381 1367 3674 1439 Deculogi.

2119 1464 2320 1521 Tertio
2353 1466 2410 1519 in
2444 1464 2605 1519 omni
2638 1463 2765 1535 lege
2826 1463 3285 1518 determinatum
3334 1460 3511 1517 fuisse
3566 1474 3678 1521 mo,

2119 1556 2257 1610 dum
2294 1554 2477 1610 divini
2506 1554 2805 1620 cultu3,et
2835 1553 2889 1607 in
2929 1553 3051 1624 lege
3086 1557 3327 1618 natum,
3378 1548 3584 1622 Moysi,
3619 1553 3677 1631 et

2116 1645 2352 1702 Christi.
2391 1647 2629 1711 Quart0,
2681 1644 2741 1700 iu
2792 1643 2953 1699 omni
3003 1642 3131 1715 lege
3182 1643 3249 1696 ud
3304 1641 3525 1695 cultum
3574 1638 3673 1695 De¹

2119 1735 2494 1791 concurrisse
2525 1734 2871 1801 oblationes,
2905 1732 3219 1796 orationes,
3252 1734 3310 1785 et
3341 1729 3455 1785 alia
3506 1729 3676 1801 signa

2119 1832 2376 1880 externa.

2216 1999 2329 2072 Ad
2370 1997 2875 2096 quaestionem
2919 1995 3088 2069 dico
3133 1995 3406 2092 prim0‚
3464 1992 3668 2090 quod
3835 2023 3898 2088 2,

2119 2116 2626 2190 reverentiam
2689 2113 3050 2188 exhibere
3092 2122 3206 2188 est
3248 2121 3461 2186 actus
3516 2112 3673 2184 lau·
3721 2135 3992 2197 Superiori

2118 2234 2395 2307 dabilis
2484 2232 2869 2307 inferioris
2955 2239 3303 2328 respectu
3390 2228 3669 2302 summi
3704 2198 4021 2312 dssss'ffissfiffi’

2119 2349 2460 2442 Domini,
2542 2349 2724 2446 quia
2782 2371 3217 2441 consonans
3275 2355 3390 2421 est
3448 2353 3673 2420 rectae

2120 2467 2421 2543 rationi.
2489 2466 2703 2541 Sicut
2768 2463 2972 2539 enim
3042 2460 3118 2536 i'n
3183 2462 3467 2561 politiis
3526 2462 3678 2536 Su-

2117 2585 2374 2684 perior
2429 2584 2654 2660 debet
2704 2581 3106 2681 providere
3159 2580 3528 2669 inferiori,
3575 2580 3679 2653 ita

2120 2701 2438 2776 inferior
2501 2708 2808 2773 tenetur
2861 2696 3257 2794 Superiori
3318 2718 3678 2771 reveren-

2119 2818 2302 2892 tiam
2346 2816 2708 2891 exhibere
2744 2842 2762 2907 3
2809 2838 2984 2888 cum
3043 2813 3276 2909 igitur
3315 2812 3524 2886 Deus
3581 2811 3679 2885 sit

2117 2956 2527 3033 supremus
2587 2931 2993 3024 Dominus,
3048 2940 3121 3004 et
3174 2937 3527 3004 creatura
3580 2927 3677 3003 sit

2116 3075 2341 3131 serva
2399 3058 2773 3149 quantum
2834 3049 2928 3124 ad
2985 3047 3408 3146 quodlibet,
3466 3047 3672 3144 quod

2117 3170 2193 3243 in
2255 3192 2347 3245 ea
2403 3177 2543 3262 est,
2606 3166 2957 3265 sequitur
3005 3165 3209 3264 quod
3288 3161 3670 3238 laudabile

2116 3296 2231 3363 est
2287 3285 2433 3360 sibi
2494 3283 3003 3360 reverentiam
3062 3281 3451 3359 exhibere.

2214 3402 2571 3479 Secundo
2639 3401 2808 3477 dico
2868 3400 3073 3498 quod
3143 3423 3235 3474 ex
3306 3400 3671 3496 frequen·
3704 3399 4020 3451 nubitum-

2118 3520 2320 3603 tibus
2372 3519 2668 3594 actibus
2729 3527 2976 3617 potest
3031 3517 3340 3591 habitus
3399 3516 3669 3591 lauda·
3700 3469 4022 3590 αἷῗίἷθυῖυἷῖ·

2113 3636 2293 3711 bilis
2350 3635 2732 3733 generari,
2777 3634 2961 3732 quia
3000 3657 3154 3707 non
3216 3632 3672 3707 determina·
3750 3593 3983 3640 natatur.

2114 3763 2242 3827 tur
2318 3761 2589 3828 natura
2675 3752 2769 3826 ad
2837 3750 3345 3826 reverentiam
3417 3749 3669 3848 Supe-

2117 3870 2328 3962 riori,
2392 3869 2586 3943 sicut
2626 3891 2859 3964 grave
2919 3866 3010 3941 ad
3054 3889 3221 3940 esse
3274 3867 3663 3959 deorsum,

2116 3987 2299 4084 quia
2356 3985 2463 4059 sic
2504 4007 2657 4058 non
2701 3994 2901 4058 esset
2942 3982 3352 4074 laudabile,
3417 4004 3669 4079 neque

2114 4104 2670 4179 determinatur
2738 4103 2830 4177 ad
2914 4101 3382 4199 oppositum,
3472 4101 3670 4175 sicut

2114 4223 2312 4321 lapis
2344 4223 2439 4297 ad
2497 4245 2651 4295 non
2708 4220 2884 4295 ferri
2918 4242 3256 4312 sursum,
3320 4219 3428 4292 sic
3461 4218 3665 4293 enirn

2113 4363 2269 4414 non
2316 4347 2573 4437 posset
2630 4360 2767 4435 per
2806 4335 3379 4411 assuetudinem
3443 4334 3669 4408 incli-

2114 4457 2282 4531 nari
2364 4456 2456 4531 ad
2527 4455 2769 4546 illud3
2843 4454 3073 4550 igitur
3151 4477 3323 4527 cum
3412 4452 3666 4527 medio

2115 4574 2343 4647 modo
2410 4596 2490 4648 se
2549 4571 2852 4662 habeat,
2919 4578 3163 4667 potest
3219 4568 3295 4641 in
3354 4567 3667 4642 homine

2116 4690 2291 4764 talis
2351 4688 2660 4763 habitus
2718 4685 3098 4783 generari.

2208 4806 2459 4880 Tertio
2523 4805 2692 4878 dico
2752 4803 2956 4900 quod
3009 4801 3197 4896 ‚huic
3239 4803 3478 4878 cultui
3548 4827 3671 4899 po-

2112 4931 2260 4997 test
2341 4945 2621 4995 nomen
2685 4919 3006 5018 imponi,
3062 4919 3352 4993 scilicet
3419 4918 3672 4996 latria,

2113 5047 2187 5113 et
2237 5037 2437 5111 actui
2501 5036 2753 5110 elicito
2817 5043 3065 5132 potest
3132 5035 3330 5108 idem
3385 5059 3667 5109 nomen

2112 5152 2403 5249 imponi
2439 5180 2456 5244 3
2495 5160 2710 5225 actus
2749 5150 3009 5246 igitur,
3055 5150 3184 5246 qui
3230 5150 3454 5224 debet
3493 5175 3672 5248 pro-

2113 5267 2383 5342 cedere
2451 5268 2542 5340 de
2618 5269 2761 5340 hoc
2824 5266 3116 5359 babitu,
3205 5277 3451 5363 potest
3518 5268 3665 5341 dici

2113 5384 2358 5458 cultus
2409 5382 2682 5458 latriae.

2212 5500 2617 5575 Secundus
2694 5500 3063 5575 articulus
3126 5510 3264 5592 cst,
3355 5501 3663 5598 quando
3696 5521 3996 5572 Cunusla-

2112 5617 2254 5693 iste
2314 5629 2528 5694 actus
2587 5627 2700 5692 est
2758 5617 3059 5693 debitus
3110 5616 3341 5691 Deo‘?
3729 5585 3983 5698 ‘52⁸3inss
