4295 6326
600 427 733 494 2¹4

1992 430 2236 498 Ltssffl
2282 430 2370 499 11.

1330 963 1864 1114 DISTI
1882 966 2017 1113 N
2034 964 2476 1118 CTIO
2593 962 3071 1115 XLII.

1140 1657 1541 1769 QUAESTIOO
1584 1659 1633 1723 1.

619 1829 864 1894 Utrum
935 1825 1014 1892 in
1068 1824 1484 1913 coqitatz'one
1530 1824 1753 1910 possit
1800 1842 1939 1891 esse
1980 1820 2157 1890 ratio

1211 1931 1554 2017 peccati?

609 2127 812 2184 Alone.
843 2130 898 2182 2.
925 2144 982 2199 p.
1014 2144 1066 2198 q.
1101 2123 1223 2182 107.
1255 2144 1330 2183 m.
1366 2144 1405 2181 1.
1428 2143 1480 2181 a.
1514 2128 1567 2180 2.
1597 2125 1664 2181 D.
1698 2125 1909 2180 Thom.
1945 2141 1982 2179 1.
2013 2124 2068 2178 2.
2100 2141 2152 2195 q.

679 2202 772 2254 20.
805 2208 914 2255 art.
946 2199 999 2253 4.
1031 2204 1083 2254 et
1112 2216 1164 2271 q.
1193 2199 1281 2254 72.
1317 2215 1372 2254 α.
1404 2199 1458 2254 7.
1509 2197 1575 2254 D.
1626 2198 1839 2253 Bonav.
1890 2197 1977 2251 hic
2007 2212 2060 2250 α.
2110 2213 2152 2252 1.

678 2287 730 2342 q.
766 2288 804 2326 ι.
839 2275 889 2326 et
918 2270 973 2324 2.
1004 2274 1156 2326 Scot.
1191 2269 1252 2325 in
1283 2273 1463 2327 Oxou.
1507 2271 1615 2325 hic.

385 2482 447 2547 1,
705 2451 926 2528 Circa
1016 2449 1585 2526 distinctionem
1667 2447 2158 2545 quadragesi-

261 2601 576 2673 Argument.
612 2594 815 2645 mam
877 2569 1298 2645 secundam
1363 2577 1676 2666 propter
1728 2564 2159 2639 distinctio-

293 2675 545 2726 prunum.
613 2713 791 2764 nem
889 2685 1342 2787 Hieronymi
1425 2684 1499 2756 in
1591 2683 1864 2776 littera,
1948 2680 2150 2780 quod

612 2813 1009 2904 peccatum
1092 2801 1438 2877 consistit
1517 2799 1589 2873 in
1662 2798 2150 2895 cogitatione,

609 2944 964 2996 sermone
1008 2929 1081 2995 et
1114 2942 1374 3016 opere,
1423 2916 1799 3015 quaeritur
1848 2915 2095 3013 primo
2134 2939 2150 2988 ε

617 3043 891 3118 Utrum
958 3041 1041 3114 in
1125 3040 1587 3136 coqitatz'one
1658 3043 1914 3134 potest
2000 3058 2158 3109 esse

605 3159 802 3234 ratio
849 3155 1155 3256 peccati
1208 3155 1248 3228 ⁶?
1315 3154 1536 3242 Quod
1608 3178 1760 3228 non
1821 3151 2152 3247 videtur,

612 3300 752 3377 per
800 3274 1320 3372 Augustinum
1387 3272 1461 3345 in
1513 3273 1642 3346 lib.
1707 3272 1797 3347 de
1858 3272 2158 3347 duabus

609 3392 909 3468 naturis
972 3414 987 3465 :
1066 3390 1484 3463 Peccatum
1550 3413 1927 3488 nusquam
2020 3394 2153 3477 est,

611 3508 771 3583 nisi
797 3508 879 3580 in
909 3504 1321 3580 voluntate.

715 3626 931 3716 Item,
956 3629 1352 3720 peccatu-m
1396 3627 1509 3696 est
1560 3620 1747 3695 adeo
1797 3619 2159 3694 volunta-

615 3741 850 3835 rium,
914 3738 1120 3838 quod
1169 3737 1240 3811 si
1279 3760 1431 3810 non
1471 3736 1569 3808 sit
1602 3733 2155 3826 voluntarium,

612 3882 769 3934 non
820 3867 932 3934 est
966 3864 1393 3957 peccatum,
1444 3877 1580 3951 per
1637 3852 2155 3948 Augustinum

614 3978 707 4053 de
736 4000 918 4051 vera
945 3972 1196 4069 Reliy.
1228 3970 1375 4045 Sed
1419 3969 1609 4042 nihil
1644 3978 1760 4043 est
1796 3970 2161 4043 volunta-

615 4095 845 4186 rium,
883 4089 1032 4165 nisi
1066 4087 1270 4188 quod
1300 4095 1416 4162 est
1479 4085 1555 4159 in
1600 4093 1971 4185 potestate
2023 4109 2163 4158 vo-

615 4207 960 4303 luntatis,
1033 4206 1334 4281 dicente
1392 4203 1825 4299 Augustino
1914 4203 1985 4275 3.
2066 4202 2160 4276 de

617 4329 749 4403 lib.
789 4326 1049 4402 arbitr.
1088 4348 1152 4398 c.
1199 4322 1313 4395 15.
1381 4321 1564 4396 Non
1614 4327 1723 4395 est
1782 4321 1866 4393 in
1903 4327 2164 4418 potes-

620 4453 770 4522 tate
813 4448 1077 4518 nostra
1152 4438 1338 4538 quin
1413 4436 1602 4511 visis
1672 4444 2082 4533 tanqamur
2139 4462 2159 4528 3

620 4588 830 4658 erge,
877 4570 1018 4635 etc.

728 4681 938 4768 ltem,
986 4673 1174 4748 nihil
1218 4680 1330 4747 est
1382 4678 1813 4767 peccatum,
1869 4669 2018 4741 nisi
2067 4668 2164 4741 sit

622 4794 1045 4889 cognitum,
1090 4790 1273 4887 quia
1315 4787 1505 4860 nihil
1560 4797 1672 4861 est
1731 4795 2158 4885 peccatum,

624 4912 771 4985 nisi
806 4909 985 5008 quia
1018 4907 1368 4993 volitum,
1405 4914 1479 4980 et
1534 4904 1725 4977 nihil
1788 4913 1900 4978 est
1967 4903 2166 4976 voli-

623 5039 815 5121 tum,
856 5025 999 5099 nisi
1034 5024 1130 5097 sit
1187 5021 1580 5118 cognitum
1629 5049 1646 5114 3
1702 5021 1827 5093 sed
1888 5019 2166 5113 cogita-

624 5147 728 5219 tio
773 5166 922 5215 uon
970 5149 1084 5215 est
1141 5139 1474 5235 cognita,
1530 5139 1689 5211 sive
1751 5136 2159 5228 intellecta,

626 5262 810 5362 quia
842 5260 903 5334 si
936 5259 1073 5353 sic,
1120 5267 1252 5332 aut
1312 5256 1620 5353 quando
1673 5255 1897 5339 inest,
1959 5254 2164 5351 quod

626 5404 779 5456 non
833 5374 1235 5472 contingit,
1293 5373 1478 5471 quia
1537 5382 1715 5445 tuuc
1757 5372 1908 5445 duo
1951 5381 2166 5445 actus

626 5499 857 5574 simul
902 5505 1159 5570 essent
1190 5493 1266 5565 in
1303 5491 1723 5584 intellectu,
1760 5490 1964 5588 quod
2011 5514 2161 5563 non

627 5626 742 5692 est
830 5636 1142 5688 necesse
1246 5608 1340 5683 ad
1437 5609 1607 5702 hoe,
1706 5607 1909 5704 quod
1993 5607 2169 5704 quis

329 3639 524 3690 Secun-

361 3702 505 3752 dum.

299 4723 557 4773 Tertium.

2270 1426 2557 1514 peccet.
2629 1415 2790 1491 Nec
2850 1424 3098 1513 potest
3175 1438 3342 1492 esse
3427 1417 3813 1492 intellecta

2270 1541 2681 1629 antequam
2716 1532 2839 1624 sit,
2893 1531 3074 1628 quia
3128 1541 3310 1606 tunc
3360 1533 3452 1608 de
3504 1532 3636 1607 illa
3683 1531 3809 1605 in-

2266 1649 2701 1723 tellectione
2755 1657 3237 1745 quaereretur
3289 1658 3540 1722 utrum
3606 1658 3810 1723 esset

2267 1765 2681 1858 intellecta,
2743 1766 2861 1840 vel
2917 1788 3101 1857 non,
3151 1774 3226 1839 et
3268 1765 3379 1840 sic
3431 1765 3505 1838 in
3560 1763 3810 1837 infini-

2267 1891 2459 1955 tum.
2493 1880 2652 1956 Nec
2683 1890 3085 1979 postquam
3122 1880 3344 1969 inest,
3383 1890 3569 1954 tunc
3601 1880 3808 1954 enim

2267 1999 2344 2072 in
2384 1998 2515 2072 illo
2575 2022 2727 2071 non
2790 2007 2993 2072 esset
3036 2005 3434 2095 peccatum
3489 1997 3811 2072 actuali-

2266 2126 2381 2192 ter
2413 2144 2432 2210 3
2470 2139 2680 2212 erge,
2717 2125 2858 2190 etc.

2365 2233 2583 2324 Item,
2650 2231 2725 2303 in
2798 2229 3259 2327 cogitatione
3335 2253 3486 2303 non
3558 2239 3805 2328 potest
3861 2259 4151 2319 Quartum.

2266 2371 2434 2424 esse
2495 2347 2782 2423 malitia
2847 2375 2866 2441 3
2927 2370 3109 2444 ergo
3166 2370 3306 2421 nec
3373 2357 3800 2446 peccatum.

2266 2461 2749 2536 Antecedens
2803 2470 3057 2559 pa‘tet3
3122 2469 3281 2534 tum
3349 2461 3532 2557 quia
3581 2483 3807 2534 omne

2267 2577 2786 2675 cognoscibile
2841 2577 2985 2652 sub
3060 2577 3270 2651 omni
3331 2575 3625 2652 ratione
3676 2599 3809 2650 co-

2266 2693 2716 2790 gnoscibilis
2784 2703 2897 2768 est
2955 2693 3272 2779 bonum,
3348 2702 3577 2790 atque
3634 2692 3807 2768 ideo

2267 2809 2684 2885 intellectio
2784 2810 2961 2883 mali
3056 2818 3170 2883 est
3236 2811 3507 2903 mala3
3578 2809 3808 2883 habet

2268 2926 2470 3001 enim
2544 2927 2754 3002 Deus
2830 2926 3372 3022 cogitationem
3452 2925 3655 3012 mali,
3731 2925 3803 2998 in

2269 3065 2422 3140 quo
2471 3053 2721 3118 tamen
2788 3068 2940 3118 non
2994 3051 3110 3117 est
3177 3044 3492 3136 malum,
3554 3064 3808 3140 neque

2271 3168 2668 3257 peccatum
2735 3187 2753 3252 3
2830 3167 2989 3232 tum
3080 3157 3265 3255 quia
3343 3166 3457 3232 est
3540 3158 3806 3232 eadem

2270 3275 2636 3371 cognitiO,
2733 3276 2894 3349 sive
3001 3274 3350 3367 scientia,
3459 3284 3807 3372 respectu

2269 3390 2793 3488 oppositorum
2835 3418 2853 3482 3
2893 3413 3075 3487 ergo
3101 3400 3216 3464 est
3255 3389 3521 3464 eadem
3556 3390 3814 3487 cogni-

2268 3506 2375 3580 tio
2416 3507 2597 3582 boni
2641 3517 2716 3582 et
2746 3507 2926 3582 mali
2973 3535 2991 3600 3
3055 3506 3187 3581 sed
3235 3505 3571 3603 cognitio
3627 3505 3809 3581 boni

2270 3645 2426 3695 non
2514 3631 2627 3697 est
2690 3623 2942 3715 mala3
3015 3644 3198 3718 ergo
3268 3644 3409 3695 nec
3476 3619 3810 3717 cognitio

2273 3737 2474 3812 mali.

2371 3856 2677 3944 Contra,
2718 3855 3342 3953 Hieronymusin
3407 3855 3681 3949 littera,
3742 3864 3817 3930 et
3901 3900 4121 3951 contra.

2270 3970 2754 4067 Augustinus
2803 3970 2895 4045 de
2930 3970 3145 4044 Trin.
3186 3970 3316 4044 lib.
3363 3971 3433 4044 9.
3472 3995 3643 4068 cap.
3695 3972 3809 4044 12.

2270 4087 2638 4183 Magister
2703 4088 2775 4159 in
2845 4087 3116 4173 littera,
3169 4111 3337 4185 cap.
3391 4088 3620 4162 Modz'
3669 4113 3815 4163 au-

2273 4209 2623 4296 tem,etc.

2779 4511 3180 4589 QUAESTIO
3232 4514 3312 4579 11.

2281 4673 2526 4739 Istrum
2571 4674 2751 4740 ratio
2791 4675 3066 4761 peccati
3115 4678 3335 4763 possit
3386 4696 3527 4745 esse
3567 4679 3640 4746 in
3689 4698 3821 4746 ser·

2914 4801 3118 4850 mone
3147 4784 3179 4848 ?

2278 4974 2473 5030 Alcas.
2507 4994 2627 5045 sup.
2662 4981 2713 5029 et
2746 4978 2930 5048 q.106.
2967 4996 3125 5034 mem.
3151 4980 3202 5033 3.
3239 4980 3303 5035 D.
3339 4980 3541 5037 Thom.
3578 4984 3670 5039 mc
3699 5002 3752 5054 q.
3784 5002 3821 5038 1.

2346 5056 2452 5101 art.
2488 5049 2602 5103 1.3.
2640 5049 2906 5105 nichard.
2939 5060 2989 5103 et
3043 5052 3100 5104 Ι).
3158 5051 3368 5107 Bonuv.
3415 5054 3595 5110 citati.
3647 5057 3820 5110 Gabr-

2346 5127 2401 5172 et
2429 5119 2685 5188 Cupi-eol.
2723 5138 2773 5189 q.
2811 5137 2848 5175 ι.
2900 5128 3013 5176 art.
3071 5139 3106 5175 1.
3159 5121 3335 5195 Vasq.
3389 5142 3426 5178 ι.
3470 5127 3524 5181 2.
3556 5127 3698 5198 disp.
3730 5128 3817 5181 76.

2347 5191 2499 5246 Scot.
2536 5194 2631 5246 ubi
2661 5209 2848 5262 supra.

2373 5368 2603 5439 Juxta
2686 5369 2829 5440 hoc
2900 5369 3275 5465 quaeritur
3329 5394 3345 5444 z
3411 5372 3683 5447 Utrum
3742 5375 3822 5448 in
3982 5416 4023 5481 2

2276 5509 2630 5560 sermone
2652 5488 2900 5583 possit
2927 5510 3087 5561 esse
3096 5495 3498 5584 peccatum
3538 5489 3578 5561 ⁴?
3603 5490 3820 5578 Quod
3853 5468 4192 5596 Argpuiem.

2282 5625 2433 5676 non
2491 5601 2820 5675 videtur.
2875 5601 3120 5678 Utens
3171 5603 3681 5680 instrumento
3726 5609 3821 5683 ad
3895 5598 4148 5649 prunum.
