4295 6326
660 379 789 446 616

671 575 718 624 a
746 549 948 624 bono
984 572 1212 647 quam
1249 574 1294 625 a
1328 550 1554 643 male,
1610 549 1833 622 aliter
1882 558 2215 623 errasset

676 666 1106 764 Cyprianus
1188 667 1505 764 Martyr,
1588 674 1660 738 et
1712 664 1978 738 suisset
2046 665 2213 738 sine

675 781 922 878 gratia
960 782 1038 854 in
1080 782 1204 856 via
1237 782 1328 857 ad
1363 783 1719 855 salutem.

776 899 1226 997 Oppositum
1332 907 1648 997 apparet
1732 920 1868 994 per
1939 898 2217 969 inultas

678 1016 1168 1090 auctoritates
1198 1016 1272 1088 in
1310 1015 1585 1108 littera,
1631 1037 1892 1111 quiere
1935 1013 2014 1086 in
2058 1012 2222 1086 clis-

677 1135 1041 1210 tinclione
1084 1136 1248 1210 isla.
1302 1137 1531 1210 Juxta
1563 1136 1707 1208 hoc
1759 1148 2155 1231 quaei‘atur
2198 1155 2214 1206 ε

359 907 513 958 Ratio
556 905 622 955 ad

376 972 609 1035 opposit.

1184 1485 1583 1563 QUAESTIO
1637 1483 1728 1551 II.

681 1659 926 1723 Utrum
997 1654 1339 1740 recipiens
1407 1654 1844 1739 Bczplz'smum
1921 1669 1960 1715 α
2039 1649 2223 1715 malo

925 1763 1249 1831 Ministro
1271 1772 1502 1850 peccet
1541 1756 1927 1827 morlalieer
1952 1758 1983 1822 ἰ)

675 1953 742 2008 D.
774 1951 1031 2008 Thomas
1090 1952 1144 2007 3.
1195 1955 1342 2022 part.
1398 1956 1592 2023 quaest.
1645 1950 1735 2005 64.
1786 1953 1891 2005 art.
1942 1949 1997 2003 5.
2038 1954 2090 2004 et
2138 1946 2228 2001 hic

745 2030 935 2096 quast.
970 2025 1025 2079 2.
1059 2030 1166 2078 art.
1201 2025 1254 2077 ⁶2.
1305 2022 1637 2079 Richardus
1683 2026 1794 2077 art.
1843 2021 1897 2076 3.
1942 2028 2136 2091 quoest.
2173 2019 2224 2072 4.

744 2100 1052 2152 covarruv.
1086 2111 1210 2165 cap.
1236 2094 1401 2150 Alma
1434 2096 1634 2160 Mater,
1667 2101 1813 2165 pure.
1852 2093 1953 2161 2.§
1981 2096 2034 2146 2.
2068 2106 2223 2146 num.

745 2168 801 2221 7.
836 2171 1006 2223 Sotus
1037 2166 1171 2222 dise.
1208 2183 1245 2222 ι.
1273 2173 1466 2238 quaest.
1498 2168 1553 2222 5.
1587 2173 1692 2222 art.
1726 2167 1780 2221 ὃ.
1814 2165 1975 2219 Suar.
2004 2164 2058 2218 3.
2091 2170 2224 2219 tom.

747 2239 888 2310 disp.
924 2239 1011 2294 11.
1045 2243 1173 2294 sect.
1207 2238 1312 2295 ult.
1357 2239 1565 2297 Scolus
1596 2242 1656 2295 in
1687 2237 1860 2294 Oxou.
1895 2237 1981 2291 hir
2010 2253 2060 2306 q.
2094 2237 2153 2289 2.

446 2465 509 2530 2·
775 2429 1145 2527 Arguitur
1211 2430 1415 2526 quod
1477 2428 1612 2522 sie,
1685 2453 1822 2527 per
1900 2431 2229 2506 Ambro-

328 2578 624 2652 Argumeq-
679 2548 909 2642 sium,
998 2549 1124 2623 ubi
1226 2571 1488 2646 supra,
1571 2548 1699 2645 qui
1770 2550 1936 2622 vult
2021 2548 2228 2646 quod

360 2649 619 2757 uffmss'f‘
684 2664 1124 2762 Baptismus
1156 2666 1250 2739 ab
1303 2665 1413 2739 eis
1455 2674 1858 2761 susceptus
1911 2664 2108 2738 cedit
2152 2663 2226 2737 in

369 2770 614 2820 Afflbm‘·
673 2781 1086 2878 judicium,
1124 2791 1196 2856 et
1237 2805 1389 2855 non
1437 2781 1510 2853 in
1552 2781 2003 2855 remedium.

781 2899 996 2989 Item,
1108 2899 1239 2996 qui
1336 2907 1793 2996 cooperatur
1880 2899 2228 2996 peccanti

687 3017 1135 3104 mortaliter,
1211 3026 1475 3115 peccat
1556 3017 2025 3111 mortaliter3
2098 3017 2230 3091 sed

687 3136 1069 3235 recipiens
1096 3160 1138 3211 a
1178 3136 1533 3211 Ministro
1572 3139 1769 3211 malo
1803 3146 1916 3212 est
1957 3136 2232 3234 hujus-

689 3255 922 3346 modi,
959 3254 1141 3352 quia
1189 3278 1340 3329 non
1396 3255 1773 3329 conferret
1827 3254 1974 3329 nisi
2022 3265 2233 3353 pete-

687 3381 801 3447 ret
835 3401 854 3466 ;
892 3396 1103 3469 erge,
1142 3382 1283 3448 etc.

784 3491 1003 3583 Item,
1051 3499 1212 3563 esto
1243 3489 1446 3587 quod
1478 3487 1855 3563 Sacerdos
1896 3490 2232 3565 noluerit

682 3606 1095 3704 baptizare,
1143 3606 1291 3679 nisi
1332 3607 1614 3680 vendat
1654 3629 1929 3703 aquam
1977 3631 2226 3701 suam,

684 3724 756 3797 in
804 3724 933 3798 tali
974 3748 1155 3799 casu
1192 3724 1501 3799 adultus
1535 3724 1961 3821 baptizatus
2014 3724 2230 3798 vide-

684 3851 808 3914 tur
839 3840 1271 3915 consentire
1302 3850 1640 3942 peccato,
1676 3843 1797 3914 ve'l
1841 3840 1904 3914 si
1950 3841 2232 3939 depor-

682 3967 787 4033 tet
828 3959 1237 4055 parvulum
1272 3980 1528 4051 suum,
1579 3966 1654 4030 ut
1716 3957 2142 4054 baptizetur
2185 3984 2231 4031 a

682 4077 843 4150 tali.

784 4192 1235 4292 Oppositum
1296 4193 1388 4268 de
1457 4194 1812 4268 Consecr.
1905 4192 2079 4266 dist.
2153 4192 2221 4265 4.

685 4338 851 4412 cap.
897 4314 1315 4401 Romnum,
1363 4313 1639 4387 dicitur
1680 4313 1755 4386 in
1819 4311 1970 4385 fine
2015 4312 2229 4409 capi-

683 4432 824 4507 tuli
871 4456 886 4507 :
933 4431 1328 4507 Romanus
1366 4429 1747 4527 Pontifex
1777 4454 1929 4503 non
1978 4436 2227 4503 atten-

680 4550 798 4625 dit
858 4550 1273 4643 hominem,
1390 4549 1525 4648 qni
1606 4548 1971 4645 baptizat,
2092 4547 2233 4621 sed

679 4667 965 4763 Deum,
1009 4670 1454 4744 ministrare
1492 4668 1848 4765 qratiam,
1883 4668 2026 4742 etsi
2059 4668 2225 4742 Pa-

678 4811 923 4885 qanus
947 4788 1049 4861 sit
1077 4787 1212 4884 qui
1249 4785 1614 4884 baptizat.

776 4905 994 4995 Item,
1026 4904 1505 5001 Augustinus
1553 4927 1784 5002 super
1840 4904 2217 4978 Joannem

679 5024 944 5100 homil.
1020 5024 1089 5096 35.
1147 5023 1329 5098 Non
1389 5020 1795 5098 abhorreat
1869 5020 2222 5096 columba

678 5141 1191 5219 minister-ium
1256 5139 1669 5233 malorum,
1726 5150 1868 5213 etc.

394 2912 591 2962 Secun-

413 2976 561 3026 dum.

372 3529 623 3581 Tertium.

365 4188 516 4239 Ratio
556 4189 619 4260 fid

380 4256 612 4316 oppont.

2009 375 2251 444 LIBRI
2298 377 2419 445 IV.

2813 814 3222 892 QUAESTIO
3266 817 3378 884 ΙΙΙ.

2333 988 2574 1051 Utrum
2635 980 2889 1069 aliquis
2938 991 3109 1052 tunc
3164 985 3404 1053 debeat
3465 987 3869 1054 ministrare

2408 1087 2531 1156 hoc
2559 1089 3120 1176 Sacramentum,
3173 1099 3456 1182 quando
3507 1098 3872 1183 proesumi-

2420 1203 2535 1262 lm·
2592 1216 2867 1284 verqere
2912 1201 2981 1265 in
3026 1202 3425 1289 periculum
3495 1205 3686 1271 illius
3758 1204 3875 1270 cui

2420 1304 2865 1372 ministratur
2901 1303 2941 1370 P

2333 1521 2657 1578 Richardus
2689 1523 2774 1578 liic
2802 1524 2929 1583 dist.
2964 1526 3015 1580 4.
3050 1532 3157 1580 art.
3206 1527 3256 1581 4.
3311 1537 3505 1597 quaest.
3561 1528 3612 1582 3.
3666 1528 3869 1584 Palud.

2404 1593 2493 1648 hic
2523 1600 2717 1664 qucesl.
2753 1612 2789 1649 1.
2823 1608 2931 1655 arc.
2964 1598 3016 1652 2.
3052 1597 3221 1653 MarS.
3257 1599 3306 1652 -ἰ,
3345 1604 3529 1669 quaest.
3568 1600 3617 1653 4.
3658 1613 3780 1655 nrt.
3816 1603 3870 1657 4.

2401 1665 2530 1720 dub.
2559 1667 2611 1719 8.
2646 1667 2782 1722 Soto
2813 1669 2940 1724 dist.
2974 1670 3026 1724 3.
3061 1677 3250 1740 quaest.
3285 1671 3437 1725 wzic.
3474 1683 3588 1727 are.
3622 1672 3676 1724 8.
3712 1674 3873 1741 Sytv.

2403 1741 2576 1793 verbo
2636 1739 2971 1810 Baptismus,
3031 1741 3082 1794 4.
3137 1743 3191 1795 5.
3255 1744 3338 1796 10.
3402 1744 3615 1798 Suarez
3654 1753 3781 1799 tom.
3817 1746 3871 1801 3.

2403 1808 2544 1880 disp.
2577 1811 2667 1936 213.
2700 1822 2830 1868 secl.
2865 1815 2917 1869 3.
2952 1812 3180 1869 Valent.
3216 1821 3353 1868 tom.
3385 1816 3435 1870 4.
3478 1816 3530 1870 d.
3576 1816 3628 1869 4.
3679 1826 3872 1888 quaesl.

2405 1898 2442 1936 1.
2475 1897 2622 1952 punc
2646 1897 2676 1938 o
2709 1900 2743 1938 i.

2433 2078 2663 2152 Juxta
2695 2081 2839 2152 hoc
2872 2081 3247 2176 quoeritur
3278 2082 3441 2157 sine
3475 2106 3884 2178 argumen-

2336 2193 2455 2272 tis,
2511 2196 2715 2292 quod
2784 2197 2911 2270 alii
2965 2197 3318 2273 diffusius
3371 2211 3810 2298 proponunt
3859 2225 3875 2275 t

2335 2315 2449 2385 An
2494 2312 2776 2409 aliquis
2817 2314 3089 2390 debeat
3121 2316 3554 2391 ministrare
3604 2318 3884 2392 Sacra-

2341 2438 2679 2502 mentum
2753 2430 3151 2528 Baptismi‚
3216 2434 3524 2530 quando
3578 2459 3882 2532 praesu-

2342 2546 2576 2619 mitur
2677 2548 3268 2646 baptizationem
3387 2575 3702 2648 vergere
3805 2554 3882 2627 in

2338 2663 2766 2761 periculum
2804 2665 2980 2740 vitae
3023 2668 3442 2765 corporalis
3502 2669 3695 2766 ejuS,
3750 2671 3885 2767 qui

2342 2783 2544 2856 illam
2591 2783 2935 2881 suscipit.

2887 3002 3248 3061 SCHOLIUM
3296 3006 3335 3060 1.

2411 3150 2690 3209 Malitiam
2729 3151 2977 3209 ministri
3012 3171 3126 3210 non
3158 3153 3443 3227 impedire
3500 3155 3749 3213 valorem
3802 3156 3891 3214 vel

2339 3244 2606 3298 effectum
2639 3243 3020 3310 sacramenti,
3059 3244 3230 3299 modo
3280 3250 3576 3316 ponantur
3623 3249 3889 3319 materia,

2340 3335 2512 3390 verba
2549 3339 2606 3389 et
2651 3333 2920 3389 intentio.
2982 3335 3062 3389 Ita
3120 3352 3324 3391 omnes
3383 3336 3534 3392 citati
3597 3344 3804 3410 quaest.
3848 3358 3886 3395 1.

2345 3427 2487 3482 Vide
2520 3426 2576 3482 in
2611 3425 2791 3482 Oxon.
2827 3426 3123 3483 Scholium
3160 3426 3253 3482 hie
3287 3433 3486 3498 quaest.
3522 3445 3559 3483 1.

2435 3600 2543 3675 Ad
2646 3600 2965 3698 primam
3075 3604 3580 3702 quiestionem
3676 3604 3877 3699 dico,
4048 3636 4114 3703 3,

2338 3720 2542 3817 quod
2603 3718 3186 3795 Sacramentum
3249 3732 3498 3821 potest
3552 3720 3882 3797 conferri
3979 3755 4212 3821 necato,

2337 3860 2382 3911 a
2424 3839 2650 3930 maIO,
2696 3848 2770 3911 et
2810 3861 2853 3911 a
2915 3848 3341 3936 peccatore,
3404 3841 3565 3916 sive
3617 3830 3883 3940 peccet
3916 3823 4234 3929 quffisspn‘

2338 3954 2414 4026 in
2514 3953 3017 4029 ministrando
3104 3958 3715 4051 Sacramentum,
3809 3972 3883 4035 ct

2338 4071 2634 4145 dicatur
2725 4074 2972 4146 malus
3059 4083 3367 4171 propter
3477 4074 3877 4173 peccatum

2337 4189 2542 4284 quod
2584 4190 2814 4263 habet
2880 4192 3299 4279 actualiter,
3351 4193 3512 4268 sive
3569 4204 3881 4293 propter

2336 4315 2730 4402 peccatum
2777 4309 2979 4404 quod
3025 4309 3240 4407 prius
3304 4311 3712 4405 commisit,
3760 4312 3881 4386 di-

2334 4432 2550 4496 catur
2602 4426 2875 4498 malus.
2943 4425 3105 4499 Hoc
3166 4440 3482 4526 apparet
3540 4431 3880 4503 auctori-

2338 4547 2482 4612 tate
2523 4541 2962 4635 Augustini,
3018 4553 3092 4616 et
3138 4545 3452 4640 ponitur
3497 4545 3571 4618 in
3631 4547 3878 4622 littera

2332 4660 2548 4729 traci.
2587 4655 2656 4727 ὃ.
2710 4680 2942 4753 super
2996 4652 3324 4751 Joanne,
3389 4669 3461 4735 et
3523 4662 3613 4735 de
3669 4662 3877 4736 Con-

2331 4796 2524 4847 secr.
2564 4772 2736 4846 dist.
2775 4774 2844 4845 4.
2911 4797 3075 4871 cap.
3125 4775 3570 4874 Baptismus
3607 4805 3632 4851 .·
3686 4779 3870 4855 Non.

2330 4892 2557 4966 timeo
2629 4890 3044 4986 ebriosum,
3129 4900 3265 4967 ccc.
3365 4895 3504 4969 sed
3563 4897 3875 4972 accedat
3907 4891 4204 5007 Eebgrffffisg}

2329 5008 2704 5083 columba.
2765 5011 3133 5085 Ebriosus
3183 5036 3337 5086 non
3395 5023 3510 5089 est
3548 5018 3874 5091 actuali-

2327 5135 2442 5199 ter
2499 5124 2788 5218 ebrius,
2880 5127 3063 5224 quia
3155 5152 3330 5203 cum
3422 5130 3874 5229 simpliciter

2326 5244 2587 5319 ebrius
2621 5268 2772 5318 non
2813 5254 3066 5320 utatur
3135 5247 3457 5342 ratione,
3532 5273 3684 5324 non
3727 5277 3871 5350 po-

2324 5373 2470 5439 test
2547 5366 2690 5438 hoc
2751 5364 3331 5441 Sacramentum
3402 5368 3864 5466 ministrare,

2322 5482 2506 5580 quia
2552 5482 2871 5580 requirit
2935 5483 3100 5559 fieri
3171 5508 3344 5560 cum
3439 5484 3866 5566 intentione

2322 5608 2554 5699 recta,
2663 5622 2892 5701 quam
2988 5624 3146 5679 non
3235 5603 3468 5681 habet
3570 5602 3858 5685 ebriuS.
