4295 6326
1321 443 1549 513 DIST.
1599 438 1922 510 XXXIII.
1976 435 2397 518 QUAESTIO
2444 434 2683 506 UNIC.
3494 438 3613 506 161

420 638 585 703 tum
618 623 988 723 originale
1028 628 1286 721 posset
1337 615 1633 693 intendi
1689 636 1827 712 per
1857 611 1966 686 is-
2081 608 2598 708 aceepiteam,
2633 619 2710 685 et
2737 616 3048 707 propter
3073 611 3219 684 hoc
3259 607 3467 683 filius
3507 618 3622 683 est

423 755 577 821 tam
609 743 843 830 viam,
878 751 962 817 ut
1019 739 1423 838 probatum
1478 744 1618 810 est.
2077 726 2402 820 debitor,
2433 735 2507 801 et
2545 736 2660 801 est
2697 725 2979 801 amissa
3011 748 3147 825 per
3185 735 3437 799 actum
3483 748 3624 823 pa-

203 1914 312 1982 14.

105 2031 377 2160 3303?
445 2008 942 2111 quaestioneS,
979 2016 1054 2080 et
1085 2002 1388 2077 videtur
1427 2000 1519 2073 de
1552 1995 1979 2071 intentione

188 2157 276 2208 do.

141 3184 279 3245 Quid
315 3183 388 3234 sit

121 3252 400 3313 peecatum

128 3312 386 3423 οοῗέῑιξζ

165 3435 355 3486 Ansel-

174 3512 345 3549 mum.

949 1025 1310 1084 SCHOLIUM
1347 1022 1442 1079 Vl.

503 1183 578 1237 Ex
612 1179 839 1251 propria
859 1175 1334 1245 sententiajuxta
1367 1169 1622 1227 Anselmi
1646 1168 1966 1225 doctrinam

429 1272 664 1329 resolvit
686 1275 892 1341 quaest.
922 1269 977 1323 2.
1026 1267 1161 1323 dist.
1207 1266 1297 1321 30.
1349 1268 1649 1336 peecatum
1693 1256 1973 1330 originale

429 1378 555 1418 esse
587 1356 1229 1431 privationemJustitiae
1260 1352 1586 1424 originalis,
1617 1351 1672 1405 id
1704 1355 1813 1415 est,
1849 1364 1974 1404 ree-

432 1451 703 1507 titudinia
733 1447 937 1504 debitae
968 1448 1157 1501 inesse
1191 1459 1290 1515 per
1340 1442 1577 1497 modum
1632 1436 1862 1494 termini
1905 1453 1970 1492 ex

430 1545 558 1596 actu
592 1539 875 1603 secunde,
909 1536 965 1590 in
998 1534 1296 1590 voluntate
1328 1536 1649 1597 causatum,
1701 1533 1759 1584 et
1797 1543 1973 1599 gene·

432 1631 651 1689 ratione
701 1626 1071 1683 transfusam.
1113 1622 1257 1678 Vide
1298 1621 1357 1677 in
1407 1620 1592 1676 Oxou.
1650 1616 1844 1673 Schol.
1884 1617 1977 1672 hte

433 1720 571 1778 dist.
613 1719 704 1774 32.
740 1732 903 1773 num.
938 1715 994 1767 7.

535 1894 705 1969 Alia
735 1902 851 1970 est
878 1891 1004 1965 via
1045 1884 1490 1987 principalis
1533 1890 1799 1957 contra
1841 1882 1980 1954 has

440 2123 908 2201 Anselmi‘de
958 2122 1346 2216 Concepta
1376 2113 1771 2213 viryinalz‘,
1808 2135 1975 2209 cap.

441 2244 560 2316 21.
607 2240 865 2314 Primo
906 2237 1140 2334 igitur
1172 2232 1589 2307 videndum
1623 2228 1806 2327 quid
1843 2250 1987 2300 no-

444 2357 671 2432 minis
720 2352 1009 2453 peeeati
1076 2348 1502 2445 originalis.
1589 2343 1979 2435 Secundo,

440 2476 504 2551 si
536 2476 682 2550 tale
740 2471 1103 2571 possibile
1174 2466 1270 2542 sit
1320 2488 1489 2540 esse
1559 2464 1636 2537 in
1673 2471 1979 2550 natura,

442 2592 567 2668 cui
609 2591 1047 2687 assignatur
1115 2586 1261 2658 tale
1315 2604 1595 2657 nomen
1624 2579 1664 2653 ⁵?
1701 2576 1982 2686 Terti0‚

443 2710 617 2784 dato
658 2706 863 2805 quod
904 2705 1039 2797 sic,
1103 2701 1162 2777 si
1209 2699 1450 2798 possit
1511 2694 1789 2771 remitti
1853 2715 1987 2791 per

444 2823 765 2923 gratiam
794 2821 835 2894 Ῥ
866 2820 1181 2912 Quarto,
1237 2814 1566 2914 qualiter
1607 2809 1989 2887 contrahi-

447 2939 630 3015 tur?
661 2938 971 3030 Quinto,
1008 2958 1183 3034 quae
1236 2930 1533 3031 punitio
1565 2928 1710 3004 sibi
1753 2928 1988 3003 debe-

449 3067 598 3132 tur.
1960 3066 1965 3073 ‘

547 3175 658 3248 De
717 3171 993 3270 primo,
1059 3168 1471 3242 Anselmus
1532 3161 1663 3237 ubi
1723 3185 1984 3260 supra,

451 3315 616 3389 cap.
662 3289 781 3362 27.
820 3287 912 3362 de
960 3289 1272 3384 peccalo
1333 3278 1702 3379 oriqinali
1759 3279 1982 3352 dicit:

447 3409 865 3483 Peccatum
898 3401 1122 3495 illud,
1168 3399 1268 3475 ad
1296 3397 1505 3498 qaod
1517 3394 1839 3494 parvuli
1877 3403 1991 3469 te-

449 3529 755 3615 nentur,
836 3517 1057 3594 aliud
1115 3515 1378 3591 videre
1435 3535 1752 3611 nequet),
1835 3509 1996 3585 nisi

451 3638 872 3716 carentiam
920 3633 1257 3735 justitiae
1343 3628 1751 3727 oriyinalis
1818 3651 1991 3701 cum

448 3756 697 3832 debito
737 3750 1073 3836 habendi
1132 3772 1299 3823 eam
1346 3776 1364 3842 3
1421 3756 1495 3821 et
1562 3744 1992 3820 seeundum

448 3871 831 3954 eumdem,
901 3889 1129 3942 omne
1190 3872 1591 3962 peecatum
1661 3870 1774 3936 est
1851 3860 1993 3934 for-

451 3987 748 4063 maliter
773 3981 1172 4082 injustitia.
1240 3977 1628 4076 Injustitia
1660 3999 1841 4050 vero
1874 3985 1989 4050 est

451 4102 789 4179 carentia
854 4096 1226 4197 justitiae3
1319 4091 1694 4190 injustitia
1758 4090 1993 4188 igitur

449 4217 845 4319 originalis
887 4224 1136 4315 potest
1202 4212 1351 4286 dici
1395 4221 1791 4309 peceatum
1852 4201 1996 4284 ori-⁴

450 4339 730 4436 ginale.
763 4336 851 4409 In
892 4330 1206 4431 speciali
1233 4325 1585 4402 notifico:
1626 4326 1797 4401 Uno
1843 4350 1994 4400 mo-

451 4456 544 4529 do
573 4459 830 4552 posset
856 4447 1138 4546 aliquis
1150 4444 1526 4543 justitiam
1555 4442 1992 4519 immediate

452 4571 822 4669 accipere,
887 4576 960 4642 et
1014 4562 1454 4638 immediate
1536 4584 1672 4659 per
1739 4568 1992 4634 actum

452 4711 674 4763 suum
709 4708 878 4761 eam
920 4681 1268 4781 perdere,
1325 4678 1697 4753 illeesset
1744 4675 1995 4773 injus-

459 4813 611 4896 tus;
649 4801 781 4876 sed
824 4808 1074 4872 tamen
1108 4816 1261 4869 non
1297 4801 1498 4869 esset
1528 4792 1601 4865 in
1640 4815 1729 4867 eo
1762 4791 1997 4888 injus-

457 4919 615 4993 titia
680 4912 1109 5013 originaliS,
1193 4911 1323 4985 sed
1389 4909 1741 5001 actualis,
1815 4908 1996 5007 quia

458 5058 604 5109 non
676 5030 1106 5107 seeundum
1173 5026 1375 5101 viam
1445 5024 1765 5121 originis
1823 5048 1991 5099 eam

458 5150 863 5241 amisisset,
913 5169 1053 5222 nec
1106 5167 1273 5220 eam
1326 5141 1768 5240 accepisset.
1817 5143 1994 5216 Ideo

457 5266 760 5367 proprie
812 5271 1208 5363 peecatum
1269 5259 1644 5356 originale
1699 5267 1813 5333 est
1867 5282 1999 5333 ca-

460 5384 704 5460 rentia
733 5380 1057 5480 justitiae
1091 5377 1367 5453 debitae
1399 5385 1710 5475 propter
1739 5400 1998 5475 accep-

462 5503 744 5577 tionem
788 5497 1157 5599 parentis,
1202 5506 1277 5571 et
1334 5494 1642 5570 amissae
1688 5504 1998 5594 propter

459 5625 855 5717 peceatum
891 5613 1266 5712 ejusdem,
1310 5610 1413 5686 ita
1467 5610 1670 5709 quod
1720 5634 1999 5710 parens

643 5759 781 5815 Tou.
820 5756 1012 5814 XXIII.

2081 842 2349 936 remis,
2382 850 2456 917 et
2488 843 2658 917 ideo
2692 841 2897 916 filius
2939 842 3106 940 ipsa
3137 850 3367 917 caret.

2178 958 2461 1031 Contra
2500 957 2719 1052 illud,
2801 968 3200 1056 peceatum
3248 956 3621 1054 originale
3780 982 3884 1047 15,

2081 1084 2197 1150 est
2230 1076 2545 1149 mortale
2577 1102 2596 1168 3
2633 1075 2867 1171 igitur
2912 1085 3024 1150 est
3066 1074 3391 1173 privatio
3438 1076 3626 1148 cha·
3660 1097 3740 1147 An
3775 1111 3962 1161 pecea-

2083 1191 2643 1288 ritatis3igitur
2719 1192 3153 1266 immediate
3239 1191 3514 1267 avertit
3579 1165 3979 1272 afflsssllfii'.

2082 1307 2245 1381 Deo
2275 1309 2465 1401 3tale
2498 1317 2752 1382 autem
2786 1316 3184 1406 peecatum
3209 1308 3624 1407 opponitur
3651 1284 3979 1411 ξζῗὶβξῗὲἶ

2085 1422 2389 1519 gratioe3
2428 1422 2662 1519 igitur
2705 1422 3004 1519 justitia
3030 1423 3427 1519 originalis
3467 1446 3625 1497 non
3749 1409 3856 1460 ‘iffi

2086 1538 2229 1614 erit
2269 1539 2477 1613 aliud
2525 1561 2756 1636 quam
2803 1539 3097 1635 gratiae‚
3142 1549 3215 1614 et
3281 1564 3416 1638 per
3455 1562 3629 1614 con-

2088 1678 2425 1752 sequens
2491 1679 2628 1753 per
2718 1654 3094 1752 justitiam
3176 1656 3628 1753 originalem

2087 1782 2349 1870 posset
2387 1774 2619 1847 homo
2673 1773 2976 1866 mereri,
3022 1773 3225 1870 quod
3279 1783 3394 1848 est
3442 1796 3633 1846 con-

2093 1897 2208 1962 tra
2238 1888 2723 1985 Magistrum,
2785 1887 2919 1985 qui
2969 1888 3153 1963 dicit
3230 1889 3442 1986 quod·
3496 1912 3633 1987 per

2091 2029 2262 2080 eam
2295 2005 2541 2103 potuit
2585 2015 2811 2092 stare,
2850 2006 2982 2080 sed
3034 2029 3188 2079 non
3232 2004 3624 2103 perficere.

2189 2122 2406 2215 Dice,
2444 2122 2650 2219 quod
2681 2130 3077 2220 peccatum
3104 2122 3477 2218 originale
3521 2131 3637 2196 est

2093 2239 2442 2331 mortale,
2500 2262 2650 2311 non
2713 2247 2968 2313 tamen
3037 2238 3456 2313 formaliter
3495 2263 3637 2336 op-

2093 2354 2407 2452 ponitur
2430 2353 2725 2449 gratiae,
2763 2376 2903 2428 nec
2945 2353 3382 2428 immediate
3425 2376 3636 2428 aver-

2092 2471 2257 2545 tita
2304 2470 2465 2545 Deo
2544 2470 2987 2544 formaliter.
3042 2471 3212 2544 Non
3276 2470 3479 2545 enim
3515 2493 3640 2545 se-

2096 2588 2384 2687 quitur,
2430 2596 2544 2662 est
2570 2596 2967 2685 peccatum
3019 2587 3367 2679 mortale,
3405 2587 3641 2683 igitur

2095 2714 2210 2781 est
2249 2704 2687 2779 immediate
2720 2704 2919 2778 eirca
2963 2703 3194 2778 finem
3249 2703 3633 2778 ultimum.

2095 2821 2255 2895 Nec
2286 2820 2517 2896 etiam
2568 2821 2917 2917 sequitur
2960 2820 3167 2917 quod
3197 2820 3641 2896 immediate

2095 2936 2371 3012 avertit
2392 2959 2438 3010 a
2467 2936 2627 3011 Deo
2646 2935 3088 3030 formaliter,
3126 2937 3309 3034 quia
3330 2945 3646 3035 peecata

2096 3052 2451 3152 opposita
2495 3052 2900 3151 praeceptis
2949 3053 3314 3128 secundae
3354 3053 3642 3128 tabula)
3726 3046 3731 3051 ’

2097 3181 2279 3246 sunt
2330 3169 2706 3264 mortalia,
2763 3180 2837 3245 et
2866 3182 3121 3246 tamen
3168 3172 3471 3245 nullum
3540 3171 3645 3246 is-

2097 3299 2350 3363 torum
2375 3296 2491 3364 est
2528 3288 2967 3363 immediate
3009 3288 3213 3363 cirea
3252 3287 3486 3364 finem
3542 3288 3647 3364 ul-

2096 3405 2398 3496 timum,
2435 3426 2576 3479 nec
2603 3404 3042 3479 immediate
3075 3404 3168 3481 ab
3220 3428 3309 3491 eo
3341 3405 3643 3501 avertit,

2096 3528 2350 3596 tamen
2414 3520 2766 3617 opposita
2820 3528 3002 3595 sunt
3076 3519 3514 3596 necessaria
3553 3520 3647 3595 ad

2097 3637 2360 3712 finem.
2409 3635 2628 3711 Unde
2671 3659 2984 3711 necesse
3021 3645 3137 3712 est
3168 3637 3263 3712 ad
3287 3639 3642 3725 salutem,

2098 3754 2302 3852 quod
2345 3756 2575 3828 homo
2617 3775 2697 3827 se
2731 3752 3009 3828 habeat
3047 3753 3243 3828 bene
3286 3753 3486 3827 eirca
3527 3776 3645 3847 ea,

2098 3893 2276 3968 quae
2361 3878 2542 3945 sunt
2602 3869 3038 3944 necessaria
3097 3870 3191 3943 ad
3248 3868 3511 3959 finem,
3584 3868 3649 3943 si

2098 3988 2229 4062 illa
2271 4011 2425 4061 non
2468 3985 2619 4061 sint
2682 3985 3123 4061 immediate
3165 3985 3366 4060 eirea
3412 3985 3648 4061 finem

2099 4100 2483 4176 ultimum.
2523 4099 2648 4173 Sic
2681 4098 2756 4171 in
2789 4098 3208 4197 proposito,
3246 4109 3647 4197 peccatum
3702 4114 3968 4190 originale

2098 4218 2475 4315 originale
2528 4217 2961 4292 virtualiter
3017 4216 3436 4315 opponitur
3465 4242 3646 4315 gra·
3676 4178 3980 4313 {ffssssssliffr‘

2098 4335 2256 4428 tiae,
2292 4335 2427 4409 sed
2468 4358 2621 4409 non
2683 4333 3126 4428 formaliter,
3188 4334 3374 4432 quia
3449 4307 3998 4416 sicutffilffiffss‘lf'

2102 4474 2311 4525 nunc
2352 4449 2809 4547 regulariter
2838 4449 3139 4546 justitia
3190 4450 3502 4525 moralis
3534 4461 3649 4526 est

2100 4568 2540 4644 necessaria
2615 4566 2964 4665 operanti
3048 4566 3464 4661 meritorie,
3537 4567 3645 4644 sic

2099 4696 2285 4762 tune
2329 4685 2629 4783 justitia
2669 4684 3068 4781 originalis
3129 4684 3269 4759 fuit
3323 4685 3646 4783 praevia,

2101 4803 2235 4878 sed
2298 4826 2452 4876 non
2517 4801 2948 4876 sufficiebat
3006 4801 3101 4876 ad
3168 4803 3645 4899 operandum

2104 4919 2516 4994 meritorie.
2592 4918 2717 4993 Sic
2785 4918 3020 5015 igitur
3105 4927 3309 5015 patet
3369 4920 3646 4994 solutio

2102 5037 2465 5112 secunda}
2497 5035 2977 5133 quaestioniS,
3009 5036 3216 5144 quod
3246 5046 3644 5134 peceatum

2101 5153 2481 5250 originale
2523 5162 2637 5226 est
2676 5152 3017 5227 carentia
3045 5151 3368 5248 justitiae
3409 5153 3648 5250 origi-

2105 5269 2329 5363 nalis,
2366 5278 2440 5344 et
2464 5293 2619 5343 non
2655 5268 3075 5344 formaliter
3103 5271 3646 5368 eoncupiscen-

2103 5387 2234 5480 tia,
2272 5409 2411 5461 nec
2447 5385 2907 5483 ignorantia.

3358 5761 3413 5817 Η
