4295 6326
1522 415 1750 485 DIST.
1801 414 1958 486 ΧΠ.
2011 413 2431 496 QUAESTto
2478 418 2564 489 V.
3577 421 3664 489 25

116 622 418 699 uadenti,
459 593 666 689 quod
728 593 1511 699 accidentia-faciunt
1600 591 2008 668 diversita-

114 686 426 800 'ffssssffiffi‘
461 718 613 783 tem
686 714 1194 806 numeralem,
1266 711 1447 809 quia
1512 709 1805 784 faciunt
1880 709 2010 783 ali-

154 826 398 925 ?33‘2‘2‘
464 850 699 925 quam
748 829 1293 924 differentiam,
1357 838 1431 903 et
1496 852 1649 903 non
1685 838 2012 926 possunt

118 939 396 1006 ¹1⁰0¹¹²⁰d⁰·
466 945 713 1020 faeere
758 946 1123 1044 majorem
1203 969 1436 1043 quam
1496 944 2005 1039 numeralem,

464 1064 648 1159 quia
694 1065 952 1139 album
996 1075 1070 1139 et
1109 1064 1420 1162 nigrum
1478 1087 1631 1137 non
1687 1070 2011 1160 possunt

464 1181 712 1257 facere
776 1182 1143 1280 majorem
1205 1181 1715 1257 differentiam
1777 1204 2007 1280 quam

465 1299 946 1374 numeralem
981 1299 1057 1372 in
1102 1299 1445 1373 homine.
1508 1298 1681 1372 Non
1749 1306 2008 1372 tamen

461 1414 632 1484 vult
687 1412 1001 1488 Boetius
1065 1413 1269 1512 quod
1334 1412 1622 1488 faciunt
1660 1410 2013 1486 differen-

462 1530 648 1603 tiam
681 1530 1009 1628 primam
1043 1530 1555 1623 numeralem,
1580 1527 1764 1628 quia
1795 1528 2009 1626 prius

459 1655 580 1720 est
646 1646 1076 1722 substantia
1138 1646 1332 1739 ἠως,-
1404 1643 1798 1742 quamsit
1863 1646 2009 1718 hoc

460 1762 846 1853 accidens,
922 1787 1097 1838 eum
1169 1764 1335 1837 haec
1408 1759 1837 1836 substantia
1913 1760 2011 1834 sit

461 1902 699 1953 causa
741 1879 975 1976 hujus
1016 1877 1460 1953 accidentis.

559 1997 671 2071 Ad
714 1996 1312 2090 Damascenum,
1348 2003 1556 2094 patet
1597 2017 1734 2093 per
1772 1992 2004 2084 idem,

460 2115 649 2212 quia
682 2125 764 2189 ut
794 2117 961 2189 vult
993 2113 1066 2187 in
1099 2113 1519 2190 Sententiis
1567 2112 1729 2187 suis
1763 2109 1893 2186 lib.
1935 2111 2001 2184 1.

458 2256 627 2330 cap.
694 2233 764 2305 8.
834 2233 1171 2307 maxima
1237 2230 1670 2307 differentia
1736 2228 2009 2303 indivi-

458 2350 792 2423 duorum
835 2358 950 2424 est
995 2372 1149 2422 non
1178 2371 1346 2423 esse
1389 2348 1465 2421 in
1511 2371 1590 2422 se
1625 2345 2004 2438 invicem3

458 2466 629 2539 haec
688 2474 947 2539 autem
990 2473 1105 2539 est
1163 2462 1407 2560 magis
1450 2485 1586 2560 per
1642 2461 2009 2535 substan-

460 2583 641 2658 tiam
677 2606 912 2681 quam
967 2606 1105 2681 per
1145 2580 1599 2657 accidentia.
1639 2578 2009 2653 Similiter

458 2726 631 2775 cum
676 2700 959 2776 dicitur
1012 2701 1219 2799 quod
1272 2724 1427 2775 non
1480 2708 1807 2798 possunt
1864 2696 2008 2771 dis-

458 2818 705 2914 tingui
787 2842 1137 2912 numero,
1214 2841 1389 2917 quae
1475 2841 1631 2890 non
1720 2814 2007 2891 habent

458 2936 862 3010 materiam
965 2944 1364 3034 quantam,
1473 2935 2006 3009 Damascenus

452 3051 682 3126 dicit:
720 3050 1011 3149 Anqelz‘
1059 3052 1214 3126 sint
1272 3049 1607 3150 aequales
1634 3047 1760 3124 vel
1817 3072 1999 3143 non,

449 3170 671 3245 Deus
732 3172 969 3261 novit,
1028 3181 1101 3246 et
1156 3181 1406 3247 tamen
1440 3171 1767 3269 ipsemet
1807 3171 2003 3245 bene

448 3287 595 3362 scit
625 3288 832 3384 quod
875 3311 1031 3363 non
1064 3297 1177 3362 est
1203 3288 1308 3362 ibi
1338 3287 1752 3385 quantitas.

553 3406 704 3480 Per
781 3405 978 3482 idem
1042 3416 1248 3505 patet
1305 3407 1399 3481 ad
1482 3404 1999 3505 Porphyrium

446 3523 549 3598 de
634 3533 929 3621 septem
1022 3523 1549 3599 accidentibus
1626 3523 1814 3598 suis.
1887 3522 2001 3596 Ad

441 3639 962 3735 Avicennam‚
999 3640 1168 3716 dieo
1209 3642 1415 3739 quod
1459 3641 1623 3739 ipse
1657 3638 2003 3739 loquitur

443 3758 543 3832 de
584 3758 1013 3857 quidditate
1052 3757 1595 3857 praecisissime
1656 3765 1995 3856 accepta,

443 3885 521 3949 et
599 3875 710 3950 sic
782 3877 1163 3976 equinitas
1237 3883 1348 3952 est
1411 3882 1707 3952 tantum
1787 3874 2002 3975 equi-

442 3993 678 4066 nitas.

957 4341 1356 4424 QUAESTIO
1404 4347 1489 4415 V.

448 4516 716 4586 Utrum
760 4519 1152 4588 substantia
1200 4517 1586 4587 materialis
1623 4538 1758 4607 per
1793 4538 1866 4588 se
1906 4520 2001 4588 sit

629 4629 655 4648 ‘
1018 4635 1379 4705 individua
1401 4634 1442 4704 P

435 4831 509 4890 D.
540 4831 803 4888 Thomas
829 4847 868 4886 1.
896 4834 1050 4902 part.
1090 4839 1278 4902 quaesc.
1305 4831 1393 4886 40.
1422 4840 1534 4888 are.
1567 4832 1618 4887 2.
1652 4840 1703 4890 et
1732 4851 1769 4890 ι.
1803 4837 1996 4892 contra

511 4908 729 4960 Gentes.
749 4920 795 4959 c.
829 4903 917 4957 42.
955 4904 1179 4959 Hem-ic.
1214 4903 1398 4975 quodi.
1429 4905 1483 4960 5.
1547 4910 1704 4964 πέτει.
1737 4909 1787 4963 8.
1821 4914 1874 4964 et
1905 4909 1991 4963 15.

511 4977 698 5031 Adam
747 4992 788 5031 ι.
833 4975 887 5030 d.
939 4975 1026 5029 33.
1081 4991 1134 5046 q.
1175 4975 1228 5029 8.
1275 4985 1380 5032 arc.
1426 4993 1468 5031 1.
1551 4977 1751 5033 ocham
1782 4994 1822 5034 1.
1855 4979 1909 5034 d.
1936 4981 1992 5038 2.

512 5056 710 5120 quaest.
746 5052 797 5102 4.
829 5047 1010 5102 ar!.6.
1034 5052 1089 5102 et
1118 5047 1302 5118 quodt.
1359 5047 1414 5103 5.
1464 5059 1653 5120 quaesc.
1692 5051 1778 5107 12.
1819 5050 1991 5109 Gabr.

512 5139 567 5191 q.
600 5120 693 5173 67.
727 5119 899 5174 Sotus
962 5119 1019 5174 in
1089 5123 1244 5176 uaest.
1293 5120 1348 5175 2.
1397 5121 1644 5179 univers:
1684 5125 1742 5178 et
1784 5123 1841 5178 7.
1882 5123 1993 5179 Me-

516 5198 671 5262 tapa.
702 5194 897 5263 quaest.
926 5191 1015 5245 31.
1088 5207 1256 5247 uarez
1286 5191 1348 5245 in
1379 5191 1609 5266 Metaph.
1644 5195 1699 5249 d.
1734 5195 1824 5251 52.
1856 5194 1994 5254 Sco-

517 5271 618 5319 tus
647 5280 707 5319 m
740 5263 914 5319 Oxou.
938 5261 1027 5317 hic
1051 5261 1104 5317 d.
1137 5264 1193 5320 3.
1225 5273 1419 5335 quoese.
1454 5282 1493 5321 1.
1525 5270 1574 5321 et
1605 5265 1789 5338 quodl.
1835 5269 1888 5322 2.
1941 5271 1994 5325 et

513 5338 572 5391 7.
608 5335 848 5409 ΜειαρΙι.
879 5343 1070 5407 quoest.
1108 5335 1195 5389 17.

545 5511 767 5601 Quod
827 5510 961 5585 sic.
1006 5509 1457 5586 Aristoteles
1498 5514 1751 5610 arguit
1806 5538 1992 5590 con-

443 5644 564 5709 tra
597 5631 994 5706 Platonem
1036 5640 1452 5729 ponentem
1495 5629 1735 5729 ideas,
1781 5635 1988 5733 quod

2119 593 2550 670 substantia
2635 596 3249 696 uniuscujusque
3341 604 3456 671 est
3515 593 3660 670 sibi
3694 629 3985 694 Argumen-

2118 712 2454 811 propria,
2493 725 2566 789 et
2605 740 2755 790 non
2803 727 3053 815 potest
3103 739 3269 791 esse
3315 712 3656 806 alteriuS,
3693 694 3804 742 ‘⁰¹¹¹
3845 706 4013 755 ΜΨ

2116 828 2352 925 igitur
2384 832 2816 908 substantia
2849 833 3279 925 *materialis
3313 842 3426 908 est
3458 855 3550 907 ex
3580 855 3661 905 se

2115 945 2328 1040 lzae03
2390 948 2609 1023 aliter
2677 950 2880 1025 enim
2943 959 3203 1049 posset
3268 972 3435 1024 esse
3505 971 3658 1021 non

2116 1064 2430 1162 propria
2488 1076 2561 1140 et
2619 1069 2962 1162 alteriuS,
3009 1092 3240 1166 quam
3284 1067 3493 1141 illius
3525 1090 3663 1141 cu-

2107 1179 2239 1276 jus
2266 1190 2403 1256 est.

2216 1297 2700 1396 Oppositum,
2746 1301 2951 1398 quod
3012 1300 3373 1376 convenit
3431 1299 3662 1375 alicui

2118 1437 2209 1488 ex
2305 1439 2446 1490 sua
2524 1417 2850 1511 ratione,
2924 1417 3070 1492 sibi
3156 1417 3517 1493 convenit
3582 1416 3659 1490 in

2118 1531 2577 1628 quolibet‚in
2614 1559 2765 1633 quo
2816 1533 3065 1632 ipsum
3103 1544 3218 1609 est
3257 1562 3278 1638 3
3325 1534 3560 1632 igitur
3598 1533 3662 1608 si

2118 1647 2550 1724 substantia
2653 1650 3070 1726 materialis
3147 1676 3239 1725 ex
3313 1676 3394 1726 se
3463 1661 3666 1728 esset

2115 1766 2306 1860 haee,
2337 1766 2413 1840 in
2459 1790 2953 1865 quocumque
2996 1779 3225 1864 esset,
3262 1768 3339 1843 in
3392 1770 3658 1844 eodem

2116 1891 2320 1957 esset
2351 1882 2483 1957 illa
2516 1884 2949 1959 haecceitaS.

3746 1345 3958 1397 Contra.

2667 2183 3027 2241 SCHOLIUM
3068 2186 3110 2240 1.

2184 2334 2546 2391 Sententiam
2602 2335 2854 2392 Goss'rcdi
2915 2340 2972 2392 et
3035 2334 3310 2407 aliorum,
3393 2340 3659 2393 naturam

2114 2440 2245 2481 esse
2275 2425 2345 2481 de
2374 2442 2436 2482 se
2465 2425 2853 2497 individuam,
2884 2431 2942 2483 et
2969 2431 3093 2482 tum
3146 2443 3249 2499 per
3280 2427 3662 2499 -quantitates

2115 2512 2493 2586 multiplicari
2547 2515 2722 2587 juxta
2778 2514 3071 2588 duplicem
3151 2531 3413 2584 sensum,
3485 2532 3659 2588 quem

2113 2604 2327 2660 habere
2360 2609 2566 2677 potest,
2595 2606 2908 2663 efficaciter
2936 2611 2993 2663 et
3025 2606 3178 2663 clare
3196 2607 3407 2663 refutet
3428 2607 3660 2676 Doctor,

2113 2694 2374 2752 inferens
2405 2711 2566 2752 eit-ea
2598 2696 2940 2767 gravissima
2987 2698 3238 2752 absurda
3286 2697 3658 2770 Theologica,

2112 2785 2503 2859 metaphysica
2558 2790 2615 2849 et
2673 2787 2937 2860 Physica,
2997 2789 3069 2843 de
3126 2804 3238 2860 quo
3300 2789 3484 2846 tusius
3533 2789 3658 2847 loco

2112 2892 2288 2952 supra
2317 2880 2516 2947 citato,
2552 2880 2799 2937 maxime
2830 2884 3036 2952 quaest.
3067 2881 3122 2934 6.

2210 3053 2510 3129 Dicitur
2599 3055 2693 3129 ad
2808 3055 3349 3153 quaestionem,
3448 3058 3653 3155 quod
3804 3104 3843 3171 2

2112 3172 2543 3249 substantia
2599 3173 3017 3249 materialis
3058 3198 3150 3250 ex
3206 3200 3347 3251 sua
3380 3185 3653 3251 natura
3854 3156 3869 3172 ⁰

2111 3301 2227 3366 est
2289 3290 2481 3386 lzaec,
2528 3300 2601 3366 et
2641 3301 2894 3367 tamen
2955 3316 3091 3391 per
3148 3294 3652 3392 quantitatem

2111 3416 2293 3482 sunt
2377 3409 2640 3506 plures
2715 3407 3166 3483 substantiae
3232 3409 3313 3483 in
3384 3412 3653 3486 eadem

2111 3523 2394 3621 specie,
2490 3545 2667 3621 quae
2761 3523 3152 3621 quantitas
3254 3524 3657 3623 distinguit

2111 3662 2344 3714 unam
2415 3640 2510 3715 ab
2552 3640 2728 3734 alia,
2777 3648 2858 3715 ut
2911 3642 3119 3715 hunc
3186 3642 3514 3740 lapidem
3559 3643 3654 3719 ab

2111 3757 2268 3831 illo.
2309 3755 2655 3831 Primum
2691 3766 2922 3855 patet,
2969 3756 3153 3856 quia
3190 3758 3253 3832 si
3293 3759 3658 3835 substan-

2108 3874 2216 3949 tia
2281 3874 2560 3974 lapidis
2633 3900 2790 3951 non
2860 3887 3061 3952 esset
3133 3877 3299 3953 lzaec
3367 3903 3458 3955 ex
3515 3904 3656 3956 sua

2109 4000 2413 4087 natura,
2487 3992 2784 4091 species
2850 4016 3008 4067 non
3075 3993 3362 4070 diceret
3418 4004 3653 4070 totam

2108 4119 2504 4185 naturam·
2559 4108 3168 4216 individuorum,
3248 4112 3454 4210 quod
3541 4123 3653 4189 est

2109 4238 2379 4302 contra
2428 4227 2808 4303 Boetium.
2856 4228 3087 4304 Istam
3139 4229 3454 4304 Boetius
3495 4255 3651 4305 non

2106 4345 2325 4444 ponit
2399 4344 2887 4441 divisionem,
2959 4343 3108 4421 nisi
3177 4344 3256 4420 in
3323 4347 3644 4445 species.

2107 4462 2554 4538 Secundum
2623 4472 2852 4561 patet,
2888 4463 3096 4562 quod
3163 4486 3299 4562 per
3338 4463 3651 4562 quanti-

2105 4589 2340 4656 tatem
2381 4589 2495 4657 est
2526 4583 2693 4655 haec
2726 4580 2876 4656 alia
2908 4579 3003 4656 ab
3039 4579 3209 4672 ista,
3246 4581 3429 4679 quia
3460 4584 3648 4658 sub-

2102 4697 2384 4774 stantia
2424 4708 2800 4797 quantum
2859 4698 2951 4772 de
2993 4721 3102 4794 se,
3166 4709 3279 4774 est
3344 4701 3638 4775 eadem.

2100 4814 2529 4914 Dupliciter
2609 4814 2845 4913 igitur
2945 4824 3195 4914 potest
3286 4815 3636 4915 intelligi,
3685 4830 3979 4944 D·⁰¹{¹³1‘{3¹‘?‘

2104 4933 2311 5030 quod
2344 4934 2510 5008 haee
2557 4932 2988 5008 substantia
3045 4932 3142 5007 sit
3171 4932 3321 5009 alia
3352 4935 3445 5009 ab
3488 4935 3639 5031 illa,
3722 4909 3968 5012 'utin-{³⁹

2104 5072 2280 5148 quae
2337 5058 2453 5124 est
2519 5049 2663 5124 sub
2732 5049 3155 5147 quantitate
3223 5049 3374 5126 alia
3412 5074 3646 5150 quam

2100 5164 2257 5239 illa.
2304 5163 2447 5240 Vel
2501 5165 2706 5263 quod
2766 5166 2910 5241 ista
2957 5166 3050 5241 de
3110 5189 3189 5242 se
3223 5177 3337 5243 est
3380 5169 3647 5244 eadem

2101 5281 2180 5356 in
2226 5285 2372 5358 hoc
2406 5285 2658 5384 lapide
2700 5294 2776 5360 et
2805 5285 2963 5383 illo,
3011 5285 3211 5362 sicut
3243 5285 3652 5364 intellecti-

2098 5426 2197 5478 va
2239 5402 2318 5477 in
2353 5428 2589 5479 manu
2634 5414 2708 5480 et
2740 5405 2960 5503 pede,
2997 5414 3071 5480 et
3101 5414 3287 5480 tunc
3330 5406 3394 5482 si
3436 5407 3653 5482 intel·

2098 5518 2379 5596 lectiva
2448 5532 2652 5598 esset
2723 5522 3112 5621 receptiva
3170 5525 3646 5622 quantitatiS‚

2101 5645 2306 5713 esset
2368 5639 2520 5715 alia
2576 5639 2655 5712 in
2725 5662 2959 5714 manu
3022 5647 3098 5714 et
3134 5640 3357 5737 pede,
3400 5643 3649 5717 solum

3752 3222 3940 3283 Opinio

3721 3283 3968 3335 Goffredi.

3757 757 3945 806 tivum.
4037 762 4040 767 “
