4295 6326
105 3440 290 3491 Plures
309 3453 429 3504 pos·

121 3507 251 3553 sunt
280 3516 397 3553 esse

106 3567 403 3616 relationes

107 3628 273 3678 unius
303 3642 428 3693 sup·

182 3692 363 3753 positi.

1513 456 1738 527 DIST.
1796 453 1975 526 V111.
2027 453 2447 535 QUAESTIO
2491 456 2547 522 Ι.

430 654 630 706 nova
669 636 742 705 et
763 638 1083 708 aeterna.
1114 632 1494 707 Probatur
1537 634 1682 705 hoc
1742 630 1971 722 idem,

434 747 1016 821 fundamentum
1053 748 1130 821 in
1176 748 1398 823 Patre
1431 757 1680 846 potest
1713 747 1979 821 funda-

435 886 514 939 re
555 864 747 939 duas
780 866 1192 940 relationes
1233 865 1556 961 originis
1626 872 1972 961 respectu

434 982 910 1058 diversarum
948 1007 1481 1082 personarum.

531 1101 748 1193 Item,
794 1110 926 1175 aut
993 1102 1069 1174 in
1151 1101 1417 1176 eodem
1482 1086 1979 1176 fundamento

437 1228 617 1291 sunt
667 1225 933 1292 multae
1002 1218 1415 1293 relationes
1457 1217 1805 1314 originiS,
1851 1224 1983 1290 aut

437 1334 515 1406 in
546 1333 695 1408 alio
727 1333 767 1405 ‘2
805 1333 885 1408 Si
918 1335 995 1407 in
1038 1335 1336 1427 eodem,
1377 1334 1567 1408 nihil
1595 1338 1602 1347 ”
1627 1333 1984 1431 prohibet

440 1451 888 1525 relationem
931 1460 1297 1525 aeternam
1341 1462 1415 1525 et
1482 1452 1982 1547 temporalem

439 1588 607 1640 esse
648 1566 841 1640 duas
882 1567 1293 1641 relationes
1346 1566 1420 1638 in
1470 1566 1659 1639 Filio
1691 1565 1786 1639 ad
1846 1588 1985 1661 pa-

439 1691 630 1756 trem
676 1691 751 1755 et
813 1690 1160 1776 matrem,
1206 1683 1403 1756 sicut
1462 1682 1538 1754 in
1609 1681 1832 1755 Patre
1892 1678 1986 1753 ad

445 1798 753 1890 Filium,
798 1807 873 1871 et
912 1798 1004 1872 ad
1065 1797 1432 1895 Spiritum
1469 1806 1846 1871 sanctum.
1905 1794 1986 1868 Si

442 1915 516 1987 in
556 1915 706 1988 alio
748 1923 823 1989 et
861 1915 1032 2000 atio,
1063 1938 1235 1989 cum
1281 1915 1405 1988 hic
1446 1914 1600 1988 sint
1640 1913 1792 1987 duo
1828 1914 1990 1986 Iun-

443 2032 802 2106 damenta
845 2031 1148 2106 realiter
1196 2030 1527 2124 diversa,
1573 2029 1765 2103 nihil
1809 2052 1992 2126 pro-

446 2147 654 2221 hibet
684 2146 760 2220 in
797 2146 1098 2221 Christo
1132 2169 1299 2221 esse
1347 2146 1538 2221 duas
1580 2144 1992 2220 filiationes

448 2264 716 2337 reales.

547 2381 762 2470 Item,
800 2378 1000 2454 sicut
1046 2379 1222 2454 duae
1278 2378 1689 2453 relationes
1730 2400 1810 2451 se
1852 2378 1996 2451 ha-

449 2496 633 2571 bent
673 2494 764 2570 ad
808 2519 1060 2593 aqere,
1097 2495 1205 2570 sic
1249 2495 1342 2571 ad
1388 2495 1584 2592 pali,
1645 2518 1820 2568 cum
1864 2493 1998 2589 igi-

450 2624 576 2689 tur
628 2613 707 2687 in
751 2614 1043 2689 ratione
1109 2613 1637 2712 producentiS,
1710 2612 1862 2687 alia
1899 2611 2034 2686 sit*

451 2732 721 2806 relatio
753 2732 846 2806 ad
880 2731 1092 2806 aliud
1134 2741 1208 2806 et
1275 2731 1368 2805 ad
1425 2730 1636 2805 aliud
1678 2729 1999 2827 produc-

456 2857 642 2938 tum,
677 2870 770 2922 ex
812 2857 1027 2946 parte
1088 2847 1438 2946 producti
1507 2847 1660 2922 alia
1723 2856 1794 2921 et
1846 2846 1999 2921 alia

452 2965 597 3040 erit
636 2965 903 3040 relatio
944 2967 1037 3040 ad
1064 2964 1301 3058 aliud,
1338 2974 1412 3040 et
1456 2965 1547 3039 ad
1580 2965 1787 3039 aliud
1820 2988 1998 3062 pro-

452 3082 773 3167 ducens,
821 3104 995 3155 cum
1058 3080 1303 3178 magis
1357 3080 1787 3179 dependeat
1832 3103 2000 3178 pro-

454 3198 768 3273 ductum
826 3221 870 3273 a
910 3198 1409 3297 producente,
1473 3220 1704 3295 quam
1737 3220 1777 3272 e
1810 3220 1998 3272 con-

456 3326 597 3391 tra.
881 3303 888 3310 ’
1483 3329 1486 3330 ἢ

556 3435 771 3521 Item,
803 3433 981 3511 licet
1030 3435 1226 3509 actio
1270 3435 1367 3510 sit
1411 3434 1814 3533 suppositi,
1861 3435 1999 3509 ad-

459 3555 610 3627 huc
669 3553 844 3628 duae
907 3562 1088 3628 sunt
1164 3553 1504 3628 actiones
1545 3551 1623 3624 in
1665 3552 1993 3643 ChristO,

459 3671 642 3769 quia
682 3671 856 3746 duae
881 3680 1180 3747 naturae
1222 3670 1651 3747 secundum
1692 3670 2002 3762 Damas:

458 3813 735 3865 cenum
782 3812 948 3887 cap.
996 3788 1114 3862 68.
1182 3787 1425 3884 Igitur
1477 3787 1706 3862 simul
1765 3796 1995 3875 stant,

460 3907 664 4005 quod
699 3905 964 3981 filiatio
997 3906 1093 3980 sit
1143 3905 1570 4004 proprietas
1621 3904 1999 4005 suppositi

458 4024 659 4099 sicut
689 4024 916 4118 acti0,
953 4033 1026 4098 et
1055 4032 1312 4099 tamen
1338 4023 1543 4120 quod
1578 4022 1810 4096 unius
1850 4021 2003 4096 sint

458 4143 723 4239 plures
766 4139 1208 4232 filiationes,
1252 4139 1450 4214 sicut
1480 4139 1847 4214 actiones,

989 4455 1347 4514 SCHOLIUM
1395 4456 1465 4513 11.

532 4616 699 4675 Ratio
729 4616 793 4672 D.
828 4611 1414 4684 Thomae,'fCh1-istum
1447 4624 1559 4664 non
1609 4606 1803 4662 reterri
1838 4603 2000 4661 reali-

461 4718 549 4768 ter
576 4710 644 4766 ad
680 4713 948 4775 matrem,
982 4705 1120 4778 quia
1148 4705 1273 4759 dum
1307 4704 1505 4758 formas
1535 4700 1795 4771 ejusdem
1834 4700 2004 4754 ratio-

461 4803 554 4859 nis
585 4805 882 4872 nequeunt
912 4813 1041 4854 esse
1071 4795 1129 4852 in
1162 4794 1366 4850 eodem
1407 4791 1734 4863 supposito,
1785 4789 2000 4845 reluta·

460 4895 557 4946 tur
584 4887 901 4947 efficaciter
921 4891 984 4942 ut
1016 4885 1183 4954 salsa,
1217 4889 1272 4938 et
1305 4884 1367 4937 ut
1399 4895 1736 4952 supponens
1768 4877 2000 4946 salsum,

460 4978 685 5037 scilicet
734 4975 1068 5033 filiationem
1113 4979 1364 5029 creatam
1417 4975 1473 5026 et
1510 4968 1824 5025 increatam
1873 4982 2004 5023 esse

463 5068 724 5141 ejusdem
754 5064 1020 5129 rationis,
1052 5062 1190 5135 quia
1221 5059 1542 5117 secundum
1592 5058 1658 5113 D.
1714 5057 1999 5113 Thomam

463 5178 503 5216 ι.
538 5179 594 5233 p.
626 5177 680 5232 q.
715 5159 803 5215 ⁴3.
837 5164 944 5214 art.
974 5156 1029 5210 5.
1069 5160 1126 5210 et
1163 5152 1308 5209 alias
1358 5167 1529 5222 sarpa,
1566 5149 1709 5205 nihil
1762 5148 2003 5204 univoce

465 5264 778 5306 commune
833 5252 919 5305 est
975 5248 1166 5302 creato
1223 5247 1281 5300 et
1334 5241 1611 5310 increato,
1672 5239 1741 5295 de
1790 5255 1905 5311 quo
1941 5238 2000 5293 in

465 5341 649 5398 Oxou.
680 5356 717 5396 1.
753 5339 893 5395 dist.
921 5338 974 5392 3.
1010 5353 1065 5408 q.
1102 5335 1156 5388 2.
1190 5339 1246 5391 et
1275 5336 1328 5389 3.
1356 5333 1456 5389 ubi
1488 5333 1558 5388 de
1603 5329 2004 5387 univocatione

465 5429 616 5487 entis
646 5430 718 5486 ad
759 5428 942 5486 Deum
993 5431 1049 5483 et
1096 5429 1447 5482 creaturam.
1489 5421 1758 5478 Ostendit
1800 5419 2000 5477 claris·

467 5521 615 5578 sime
644 5519 842 5594 plures
873 5519 1171 5590 respectus
1201 5514 1464 5585 ejusdem
1498 5513 1741 5569 rationis
1789 5526 1916 5568 esse
1943 5508 2001 5566 in

467 5608 669 5668 eodem
719 5609 1041 5682 supposito,
1088 5608 1150 5663 ut
1193 5605 1386 5678 plures
1436 5603 1835 5676 paternitates.
1888 5599 2002 5657 aa·

469 5699 637 5759 solvit
657 5715 793 5773 ergo
820 5698 879 5754 in
910 5695 1138 5754 Christo
1159 5711 1297 5751 esse
1344 5695 1489 5751 duas
1536 5692 1846 5750 {illationes
1879 5706 2002 5748 rea·

3498 452 3624 521 307

2082 628 2187 685 les.
2236 630 2400 694 Quod
2458 646 2593 687 vero
2646 628 2846 686 filiatio
2887 629 2956 687 ad
3009 632 3257 687 matrem
3307 626 3384 682 sit
3432 624 3628 693 realis,

2086 724 2268 787 patet,
2300 720 2438 789 quia
2468 719 2732 792 sequitur
2763 723 3021 775 extrema
3050 716 3357 774 existentia
3402 714 3631 770 realiter

2085 805 2388 862 distincta.

2184 981 2543 1057 Secunda
2596 983 2784 1056 ratio
2839 982 3096 1057 minus
3160 983 3390 1069 valet,
3452 1005 3626 1056 cum
3782 992 3848 1059 6.

2087 1100 2459 1199 accipitur
2491 1101 2693 1198 quod
2725 1101 2990 1176 relatio
3024 1111 3315 1175 aeterna
3337 1108 3411 1176 et
3452 1109 3634 1173 tem·
3681 1105 3959 1157 neretum.-

2090 1216 2373 1314 poratis
2397 1227 2578 1291 sunt
2634 1216 2978 1313 ejusdem
3045 1216 3393 1309 rationis,
3486 1217 3631 1289 hoc
3712 1170 3949 1282 ’ῗῖῗὲἓῖ

2089 1343 2205 1407 est
2243 1334 2517 1407 salsum
2560 1333 2985 1407 secundum
3059 1333 3449 1429 ipsosmet,
3510 1331 3635 1403 ni·
3665 1296 3959 1430 Ριιῖἷῗέοὲῗ

2093 1450 2196 1523 hil
2225 1450 2429 1523 enim
2456 1449 2888 1523 concedunt
2918 1473 3325 1523 commune
3372 1449 3633 1522 univo·
3664 1420 3990 1546 sp‘gssiffissff„

2094 1590 2266 1641 curn
2325 1578 2614 1641 aeterno
2649 1578 2721 1641 et
2756 1567 3183 1666 temporali.
3237 1567 3630 1661 Similiter,
3670 1549 3964 1657 issussgdfflff

2094 1693 2255 1758 esto
2289 1683 2487 1781 quod
2548 1693 2802 1758 essent
2889 1683 3229 1780 ejusdem
3294 1684 3636 1778 rationiS,

2100 1799 2341 1897 major
2408 1810 2520 1873 est
2589 1799 2803 1885 falsa,
2873 1800 3163 1874 scilicet
3211 1800 3416 1898 quod
3469 1800 3644 1874 duae

2098 1915 2645 2014 dispositiones
2678 1915 3020 2014 ejusdem
3049 1914 3328 2013 speciei
3357 1939 3507 1989 non
3546 1915 3650 1989 si-

2103 2032 2260 2109 mul
2289 2032 2564 2106 suntin
2602 2032 2902 2125 eodem,
2948 2032 3215 2106 saltem
3259 2033 3351 2105 de
3399 2055 3652 2129 respe-

2100 2147 2347 2232 ctivis,
2401 2147 2582 2246 quia
2632 2146 3104 2245 impossibile
3165 2157 3280 2222 est
3340 2147 3654 2223 relatio—

2101 2287 2276 2338 nem
2314 2286 2483 2338 esse
2531 2263 2909 2357 eamdem,
2948 2286 3123 2361 quae
3164 2287 3317 2337 non
3377 2272 3493 2337 est
3557 2262 3650 2337 ad

2102 2380 2462 2456 eumdem
2505 2380 2970 2474 terminum3
3043 2381 3173 2455 sed
3237 2381 3301 2455 si
3368 2380 3653 2456 diversi

2101 2496 2257 2571 sint
2287 2495 2452 2590 filii,
2479 2497 2764 2572 diversi
2791 2506 2971 2572 sunt
3005 2496 3351 2590 termini;
3387 2496 3575 2594 igitu
3590 2520 3648 2579 r.

2101 2623 2246 2689 etc.
2287 2614 2535 2711 Major
2570 2623 2799 2713 patet,
2829 2614 3480 2712 quandocumque
3513 2614 3655 2688 ali-

2102 2754 2259 2829 qua
2311 2731 2912 2830 correspondent
2950 2731 3095 2806 sibi
3164 2731 3497 2807 invicem
3571 2730 3650 2804 in

2106 2848 2549 2942 universali,
2591 2848 3196 2945 correspondent
3235 2848 3381 2923 sibi
3432 2871 3658 2923 acce-

2103 2975 2234 3063 pta
2256 2966 2333 3038 in
2362 2964 2807 3064 particulari
2832 2992 2851 3058 ;
2879 2964 3014 3039 sed
3044 2966 3472 3040 secundum
3500 2990 3657 3040 om·

2107 3105 2274 3176 nes,
2310 3081 2677 3181 peridem
2730 3081 2992 3155 album
3047 3090 3295 3181 potest
3369 3081 3653 3180 aliquis

2105 3222 2275 3275 esse
2339 3199 2614 3275 similis
2653 3198 3007 3297 pluribus
3051 3199 3274 3294 albis,
3312 3200 3446 3275 sed
3497 3223 3656 3274 non

2105 3316 2377 3392 eadem
2429 3316 2961 3410 similitudine,
3006 3316 3191 3413 quia
3231 3318 3659 3417 respectiva

2105 3443 2288 3509 sunt
2326 3432 2552 3508 simul
2598 3443 2923 3527 natura3
2968 3433 3202 3530 igitur
3233 3434 3656 3509 similitudo

2107 3547 2445 3634 Socratis
2474 3547 2628 3624 albi
2660 3547 2753 3622 ad
2787 3548 3190 3623 Platonem
3218 3549 3509 3644 album,
3542 3558 3657 3625 est
3756 3633 3759 3636 ‚

2106 3669 2341 3750 simul
2365 3676 2641 3742 natura
2662 3690 2838 3740 cum
2872 3665 3375 3743 similitudine
3408 3692 3447 3744 e
3481 3693 3656 3743 con·
3688 3739 3691 3740 γ

2106 3800 2247 3864 tra.
2326 3787 2693 3864 Similiter
2751 3789 2917 3862 haec
3003 3785 3268 3862 filiatio
3344 3797 3419 3863 et
3485 3791 3652 3866 haec

2109 3905 2554 4006 paternitaS,
2612 3903 2860 4002 posita
2918 3927 2999 3979 se
3032 3914 3356 4001 ponunt,
3402 3915 3476 3980 et
3516 3930 3652 4005 pe-

2086 4032 2406 4121 -rempta
2431 4045 2512 4097 se
2545 4021 2936 4120 perimunt
2958 4049 2977 4115 3
3045 4021 3279 4117 igitur
3318 4023 3654 4098 destruc-

2107 4151 2182 4215 ta
2237 4141 2379 4213 hac
2430 4136 2825 4230 filiatione,
2880 4137 3295 4211 destruitur
3370 4148 3443 4213 et
3485 4141 3649 4215 haec

2107 4257 2554 4358 paternitaS,
2652 4279 2828 4353 quae
2887 4264 3001 4330 est
3086 4255 3314 4331 simul
3375 4266 3652 4334 natura

2109 4399 2283 4450 cum
2318 4397 2435 4466 ea,
2481 4371 2612 4446 sed
2647 4372 2898 4445 adhuc
2940 4380 3189 4469 potest
3228 4374 3648 4469 paternitas
3679 4381 3973 4494 Qtffitugntt

2108 4512 2515 4567 remanere
2576 4487 2669 4562 ad
2731 4486 2965 4561 alium
3045 4485 3338 4583 filium3
3416 4489 3648 4586 igitur
3679 4458 3999 4582 §uptufiat‘ssr-

2113 4632 2268 4683 non
2310 4615 2423 4681 est
2482 4603 2748 4679 eadem
2808 4603 3228 4700 paternitas
3288 4628 3643 4702 numerO,
3719 4573 3934 4620 'mmm'

2109 4749 2286 4824 quoe
2327 4733 2440 4798 est
2472 4721 2700 4797 simul
2743 4731 3021 4796 natura
3050 4745 3226 4796 cum
3258 4724 3403 4798 hac
3446 4723 3650 4801 filia-

2108 4843 2345 4937 tione,
2382 4850 2455 4916 et
2495 4863 2669 4915 cum
2726 4838 2881 4934 illa,
2953 4838 3135 4936 quia
3175 4838 3650 4939 impossibile

2109 4969 2223 5035 est
2255 4957 2607 5035 eamdem
2641 4979 2801 5031 rem
2852 4980 3179 5033 numero
3221 4958 3452 5035 simul
3491 4986 3656 5039 ma-

2111 5099 2292 5152 nere
2325 5083 2399 5150 et
2428 5097 2584 5148 non
2620 5096 2950 5158 manere,
2993 5081 3067 5147 et
3112 5075 3383 5151 eodem
3424 5080 3651 5156 modo

2109 5217 2351 5289 arguo
2382 5191 2474 5266 de
2509 5188 3039 5265 similitudine.

2210 5309 2393 5384 ltem
2428 5306 2647 5400 illud,
2684 5328 2836 5402 quo
2871 5313 2984 5380 est
3014 5304 3306 5404 aliquid
3360 5311 3653 5390 ultima-
3815 5330 3882 5397 7,

2110 5436 2182 5503 te
2225 5426 2401 5518 tale,
2439 5433 2553 5498 est
2600 5424 3018 5499 formaliter
3075 5426 3250 5520 tale,
3296 5430 3480 5525 quia
3520 5431 3653 5507 illo
3717 5447 3849 5497 rino
3882 5457 3973 5510 pe-

2109 5543 2529 5618 formaliter
2586 5566 2739 5641 quo
2803 5542 2948 5616 hoc
3001 5551 3117 5617 est
3165 5554 3429 5621 natum
3488 5573 3655 5627 esse
3688 5512 4009 5637 ἷῗιωεῗιῑευόἓὲζ

2110 5663 2287 5755 tale,
2332 5660 2395 5734 si
2442 5658 2783 5734 ultimate
2814 5666 2952 5750 est,
3012 5658 3201 5734 illud
3234 5672 3347 5738 est
3380 5666 3664 5745 forma-
3696 5636 3996 5762 ffiffissff
