4295 6326
1350 411 1579 501 msr.
1632 432 1819 500 xm.
1870 432 2290 514 QUAESTIO
2346 434 2576 503 nmo.
3510 434 3596 502 43

481 613 894 702 Praeterea,
928 611 1007 683 in
1058 611 1203 683 hoc
1244 627 1561 703 corpore
1603 606 1933 679 elemen-
2045 610 2443 704 quodlibet
2482 632 2620 704 per
2651 632 2732 683 se
2774 607 3171 700 sensibile,
3234 615 3308 680 et
3361 626 3592 679 suum

380 730 525 805 tari
585 739 699 804 est
769 731 900 802 lux
976 727 1359 813 accidenS,
1451 722 1634 820 quia
1717 723 1933 796 nulla
2044 726 2429 823 objectum
2534 726 3023 824 adaequatum
3117 723 3260 797 erit
3350 743 3590 795 unum

381 870 561 945 pars
593 844 1026 919 essentialis
1058 841 1225 938 ejus
1252 850 1392 933 est,
1475 848 1554 913 ut
1616 838 1934 913 materia
2047 867 2460 919 commune
2539 847 3002 919 abstractum
3077 843 3172 919 ab
3231 839 3592 916 omnibus

379 965 502 1036 vel
548 962 819 1052 forma,
857 982 999 1034 nec
1031 957 1245 1055 prior
1280 957 1520 1029 forma
1571 953 1935 1028 substan·
2048 960 2545 1035 sensibilibus
2683 960 3301 1058 particularibUS,
3434 978 3584 1028 non

385 1079 547 1152 tiali
589 1077 794 1174 ignis
831 1103 847 1161 ;
923 1076 1160 1175 igitur
1200 1075 1277 1146 in
1311 1074 1527 1145 nullo
1582 1082 1697 1145 est
1748 1071 1937 1144 sub·
2050 1085 2304 1150 tamen
2351 1077 3302 1174 universaleffcompletum.

385 1193 888 1290 stantia,quia
920 1191 1124 1289 quod
1159 1190 1288 1264 uni
1321 1199 1435 1263 est
1475 1186 1932 1277 substantia,
2152 1194 2282 1268 Vel
2319 1195 2537 1268 aliter
2559 1204 2806 1293 potest
2836 1194 3006 1278 dici,
3040 1192 3240 1290 quod
3277 1189 3584 1287 quando
3630 1193 3739 1307 53¹
3772 1194 3918 1307 “3⁸51

388 1313 578 1387 nulli
637 1320 752 1384 est
811 1310 1196 1401 accidens,
1261 1310 1517 1405 primo
1571 1305 1942 1404 Plzysico-
2050 1320 2232 1386 sunt
2270 1312 2423 1382 duo
2455 1313 2750 1407 objegcta
2799 1311 3029 1384 unius
3090 1308 3448 1408 potentiae
3509 1307 3582 1378 in
3645 1271 3797 1395 ιῗρυιῗ
3820 1270 3941 1369 0⁹12:

388 1453 591 1520 rum,
627 1432 810 1500 tesel-
851 1426 973 1497 27-
2050 1429 2407 1523 analogia
2465 1430 2824 1525 quadam,
2878 1439 3062 1502 tunc
3112 1451 3351 1501 unum
3408 1427 3596 1499 isto·
3673 1388 3896 1447 jectum.

495 1548 706 1637 ltem,
808 1567 1133 1641 corpora
1232 1540 1571 1615 coeiestia
1662 1538 1945 1612 habent
2056 1568 2223 1619 rum
2259 1544 2402 1617 erit
2441 1545 2773 1643 primum
2831 1545 3245 1640 obiectum,
3310 1551 3384 1618 et
3443 1541 3601 1613 vir-

389 1662 801 1760 qualitates
896 1659 1411 1733 accidentales
1526 1653 1945 1728 nobiliores
2055 1671 2214 1734 tute
2257 1660 2464 1735 illius
2494 1661 2765 1758 (primi,
2810 1662 3073 1735 omnia
3111 1661 3263 1735 fllia
3318 1682 3605 1754 cogno-

395 1802 631 1876 quam
703 1776 1064 1850 inferiora
1116 1792 1163 1867 '3
1248 1770 1695 1870 hujusmodi
1790 1792 1944 1842 non

393 1898 701 1970 videtur
771 1894 915 1967 nisi
980 1895 1133 1981 luX,
1204 1891 1390 1989 quia
1440 1887 1949 1989 perspicuitas

394 2024 513 2089 est
553 2004 882 2110 qu’alitas
924 2010 1257 2108 passiva.

170 2168 226 2229 3.
499 2132 808 2222 Dicunt,
837 2127 1223 2226 quomodo
1257 2136 1369 2201 est
1404 2127 1529 2199 lux
1572 2146 1707 2222 per
1737 2146 1818 2197 se
1852 2122 1955 2195 vi-

90 2287 333 2349 mquo.
401 2249 676 2338 sibilis,
724 2270 900 2321 cum
963 2246 1385 2318 coloratum
1452 2241 1550 2315 sit
1619 2240 1950 2338 primum

80 2347 370 2470 ffiffffissi'
402 2367 787 2464 objectum
823 2363 1367 2437 visus‘?etlux
1433 2383 1583 2433 non
1643 2358 1947 2432 videtur

84 2476 541 2586 ”flnlgffiwper
593 2494 948 2557 naturam
1026 2478 1304 2552 coloris
1359 2504 1375 2568 3
1437 2476 1672 2570 igitur
1737 2473 1954 2547 visus

402 2626 556 2674 non
604 2612 737 2674 erlt
780 2622 982 2671 unus
1033 2619 1333 2669 sensus.

506 2715 689 2789 Dico
744 2714 947 2813 quod
1019 2723 1431 2807 utrumque
1502 2717 1618 2781 est
1678 2730 1813 2804 per
1874 2729 1954 2779 se

399 2831 733 2923 visibile,
771 2841 843 2904 et
884 2838 1135 2903 tamen
1199 2826 1413 2900 visus
1480 2848 1624 2897 una
1685 2834 1957 2920 poten-

404 2953 534 3041 tia,
583 2949 761 3048 quia
798 2956 1086 3045 quanto
1120 2943 1461 3042 potentia
1500 2950 1613 3017 est
1674 2942 1955 3038 perfec-

404 3069 577 3158 tior,
641 3075 849 3138 tanto
922 3071 1173 3160 potest
1257 3061 1332 3133 in
1412 3061 1637 3158 plura
1724 3079 1952 3155 quam

402 3182 944 3282 imperfectior.
1002 3179 1080 3252 Si
1150 3177 1492 3276 potentia
1549 3175 1956 3273 imperfec-

406 3304 551 3376 tior
584 3299 847 3373 omnia
876 3303 1318 3392 cognoscat,
1354 3293 1760 3392 perfectior
1791 3314 1954 3388 per-

403 3418 678 3493 fectius
727 3422 1142 3512 cognoscet
1214 3411 1446 3509 (quod
1506 3408 1706 3501 dioc,
1773 3409 1955 3508 quia

401 3536 748 3632 Angelus
824 3530 1141 3605 inferior
1221 3526 1616 3625 cognoscit
1684 3549 1955 3600 ornnes

405 3678 554 3742 τρε,
602 3675 799 3750 quas
831 3649 1173 3745 Angelus
1205 3644 1585 3744 superior,
1622 3642 1766 3718 etsi
1798 3657 1956 3716 non

406 3794 629 3868 aeque
696 3766 1120 3867 perfecte);
1190 3763 1325 3838 sed
1385 3785 1663 3837 sensus
1744 3760 1958 3836 visus

403 3890 668 3987 plures
781 3880 1254 3958 differentias
1370 3902 1628 3954 rerum
1732 3878 1958 3953 nobis

403 3994 766 4096 ostendit,
870 3999 1125 4098 primo
1239 3995 1675 4094 Metaplzys.
1784 4018 1950 4092 cap.

397 4124 684 4223 primo,
732 4129 806 4195 et
836 4116 1143 4214 cognita
1182 4138 1319 4212 per
1371 4135 1451 4188 se
1510 4113 1686 4210 plus
1736 4110 1958 4187 diffe-

406 4249 611 4332 runt,
699 4259 929 4334 quam
1010 4231 1396 4307 contraria
1490 4228 1565 4302 in
1672 4251 1955 4325 genere

408 4356 761 4454 PhysicO,
804 4352 1065 4450 qualia
1095 4352 1345 4424 solum
1380 4355 1957 4444 cognoscuntur

409 4475 501 4550 ab
570 4472 743 4547 aliis
821 4468 1179 4569 potentiis
1256 4463 1707 4555 sensitivis3
1786 4462 1955 4536 ideo

411 4593 579 4667 dico
669 4587 878 4688 quod
958 4593 1321 4660 neutrum
1431 4581 1752 4656 istorum
1844 4589 1958 4653 est

410 4710 744 4809 primum
785 4704 1171 4801 objectum
1232 4700 1753 4797 adaequatum,
1821 4696 1951 4770 sed

414 4840 523 4904 est
564 4825 858 4925 aliquid
892 4820 1339 4897 indifferens
1389 4819 1483 4893 ad
1535 4819 1710 4909 hoc,
1755 4825 1830 4890 et
1860 4816 1951 4889 ad

100 4976 362 5037 ‹ej-»aum
415 4946 630 5039 illud,
667 4953 741 5019 et
780 4954 895 5018 est
925 4938 1521 5030 innominatum,
1572 4933 1770 5009 sicut
1817 4956 1955 5031 pa-

84 5039 388 5152 2353&
420 5072 515 5135 tet
543 5061 634 5134 de
676 5067 909 5133 tactu.
949 5053 1199 5128 Sentit
1256 5051 1462 5126 enim
1524 5050 1717 5124 duas
1782 5072 1957 5124 con-

98 5164 372 5278 ζῗῖξζξῑ
416 5177 864 5266 trarietates,
924 5192 1253 5264 quarum
1284 5175 1559 5241 neutra
1600 5165 1692 5240 ad
1725 5164 1953 5239 aliam

419 5305 529 5369 est
561 5287 1031 5380 reducibiliS,
1067 5294 1143 5361 et
1179 5295 1434 5359 tamen
1469 5305 1626 5357 non
1660 5279 1955 5356 excedit

421 5434 659 5508 genus
698 5413 974 5490 tactuS,
1040 5425 1181 5476 nec
1230 5399 1459 5476 etiam
1515 5407 1631 5474 est
1693 5398 1955 5497 plures

421 5550 686 5602 sensus
746 5518 1197 5598 formaliter.
1254 5514 1622 5591 Similiter
1680 5536 1956 5588 sensus

421 5640 844 5718 communis
883 5645 1000 5713 est
1039 5657 1270 5729 unuS,
1325 5643 1399 5708 et
1437 5643 1694 5707 tamen
1728 5630 1958 5707 sentit

2058 1786 2395 1851 scentur.
2434 1778 2602 1851 Non
2653 1788 2903 1852 tamen
2971 1787 3357 1875 oporteret
3402 1776 3606 1873 quod

2060 1894 2205 1968 sub
2237 1917 2327 1968 eo
2360 1894 2928 1985 contineantur,
2967 1894 3166 1969 sicut
3218 1894 3309 1968 de
3373 1901 3610 1984 tactu,

2061 2021 2224 2085 esto
2258 2012 2464 2107 quod
2509 2035 2662 2085 non
2707 2011 3025 2087 sentiret
3077 2010 3221 2086 nisi
3277 2009 3610 2084 calidum

2063 2138 2136 2203 et
2188 2126 2583 2223 frigidum,
2639 2128 2970 2202 calidum
3027 2137 3229 2201 esset
3277 2126 3614 2225 primum

2064 2246 2473 2341 objectum,
2507 2247 2581 2318 in
2615 2245 2892 2319 virtute
2922 2246 3145 2341 cujus
3176 2245 3438 2318 omnia
3468 2243 3618 2318 alia

2064 2362 2408 2437 sentiret.
2477 2364 2566 2435 Et
2613 2370 2797 2434 tunc
2857 2369 3106 2459 potest
3182 2359 3330 2433 dici
3411 2357 3616 2454 quod

2068 2481 2196 2551 lux
2249 2479 2477 2553 habet
2531 2478 2860 2574 primam
2911 2477 3283 2551 rationem
3341 2474 3613 2572 objecti

2067 2595 2420 2686 visibilis,
2459 2620 2613 2669 non
2650 2594 2834 2691 quia
2873 2593 2970 2667 sit
3004 2593 3389 2688 objectum
3422 2591 3620 2666 adae—

2068 2720 2388 2808 quatum
2429 2710 2879 2792 formaliter.
2928 2709 3059 2783 sed
3110 2707 3294 2805 quia
3336 2707 3617 2781 virtute

2067 2830 2237 2923 ejus
2294 2828 2580 2920 omnia,
2662 2851 2839 2925 quae
2930 2850 3083 2899 non
3183 2835 3364 2899 sunt
3439 2824 3618 2897 talia

2069 2946 2511 3031 formaliter,
2622 2945 3005 3018 videntur.
3132 2944 3298 3017 Lux
3411 2940 3614 3015 enim

2068 3070 2317 3159 potest
2392 3060 2633 3134 videri
2691 3060 2857 3134 sine
2917 3061 3199 3151 colore,
3253 3058 3465 3131 color
3509 3064 3621 3130 ta-

2067 3201 2239 3252 men
2280 3201 2427 3251 non
2493 3177 2659 3251 sine
2716 3178 2912 3268 luce,
2974 3174 3354 3273 dependet
3407 3173 3612 3249 enim

2066 3295 2144 3368 in
2214 3293 2655 3369 visibilitate
2727 3316 2771 3368 a
2832 3294 3028 3381 luce,
3094 3289 3277 3389 quia
3321 3290 3415 3364 ad
3448 3313 3615 3365 sen-

2068 3412 2440 3499 tiendum,
2477 3412 2598 3485 vel
2650 3410 2743 3485 ad
2804 3409 3219 3483 videndum
3274 3408 3607 3482 colorem

2065 3551 2381 3604 necesse
2459 3537 2573 3600 est
2665 3548 2985 3622 coagere
3093 3525 3371 3616 lucem,
3487 3525 3609 3598 vel

2064 3644 2591 3736 intrinsecam,
2684 3644 2798 3717 vel
2915 3640 3452 3734 extrinsecam,
3546 3639 3608 3712 si

2064 3763 2282 3837 cadat
2324 3761 2400 3837 in
2436 3759 2991 3857 compositione
3031 3756 3414 3852 eoloris..,2
3443 3759 3506 3782 ‘²

2600 4042 2963 4100 SGHOLIUM
3003 4044 3073 4099 ΙΙ.

2134 4197 2404 4255 Ostendit
2421 4199 2605 4270 primo
2633 4197 2829 4254 lumen
2864 4214 2978 4254 non
3006 4214 3135 4259 esse
3167 4214 3401 4270 cor-pue,
3424 4213 3609 4270 neque

2064 4289 2312 4344 sormam
2347 4288 2814 4358 substantialem,
2844 4304 3030 4360 neque
3061 4289 3472 4359 quantitatem,
3506 4288 3609 4345 sed

2063 4379 2426 4450 qualitatem,
2461 4395 2588 4450 quae
2621 4384 2711 4434 est
2742 4378 2965 4449 species
2993 4377 3241 4434 visibilis
3285 4376 3456 4443 lucis,
3507 4393 3607 4433 seu

2062 4469 2312 4525 intentio
2345 4478 2578 4538 sumpta
2606 4484 2710 4540 pro
2741 4467 2964 4523 ratione
2992 4466 3269 4523 tendendi
3303 4466 3361 4521 in
3411 4466 3608 4536 objec-

2062 4564 2210 4615 tum.
2267 4558 2558 4624 Secundo,
2619 4557 2872 4629 speciem
2924 4555 3210 4613 visibilem
3294 4556 3607 4627 perfectam

2063 4663 2193 4703 esse
2214 4646 2387 4702 simul
2423 4646 2715 4718 obJectum
2750 4646 2960 4711 visum,
2993 4652 3049 4701 et
3079 4645 3358 4701 rationem
3408 4645 3612 4700 viden-

2062 4739 2143 4807 di,
2178 4739 2331 4810 quod
2364 4738 2705 4809 comprobat
2733 4736 3091 4809 experientia
3125 4736 3270 4792 radii
3301 4740 3608 4792 transeun-

2061 4829 2137 4882 tis
2172 4843 2274 4900 per
2303 4826 2516 4882 vitrum
2545 4827 2812 4892 rubeum,
2840 4832 2896 4882 et
2948 4826 3088 4898 quia
3139 4825 3399 4897 alioquin
3454 4826 3610 4897 posi-

2060 4926 2185 4976 tum
2216 4930 2390 4991 super
2421 4917 2655 4974 oculum
2691 4917 2999 4990 impediret
3037 4907 3341 4974 visionem.
3391 4918 3608 4986 Terti0,

2060 5008 2260 5064 lumen
2320 5023 2436 5062 non
2489 5006 2673 5062 videri
2732 5004 2846 5061 nisi
2916 5007 3296 5076 conjunctum
3357 5005 3607 5077 corpori,

2060 5098 2211 5168 quod
2239 5096 2454 5170 duplici
2488 5094 2839 5167 experientia
2873 5100 3046 5166 patet.

2161 5274 2518 5350 Secundo
2576 5271 2774 5364 dice,
2834 5271 3338 5370 supponendo
3397 5275 3603 5368 quod
3773 5316 3836 5382 4·

2064 5392 2202 5466 lua:
2233 5392 2511 5466 dicitur
2555 5399 2634 5463 ut
2664 5399 2780 5463 est
2811 5388 2887 5462 in
2935 5393 3163 5483 fonte,
3231 5388 3487 5464 lumen
3525 5403 3606 5466 ut
3638 5434 3958 5486 Luxinron-

2063 5511 2140 5587 in
2175 5509 2456 5602 medi0,
2491 5507 2696 5605 quod
2739 5508 2999 5582 lumen
3054 5530 3208 5581 non
3253 5518 3367 5581 est
3420 5511 3608 5584 sub·
3637 5504 3708 5609 {fs
3735 5497 3934 5610 ,ξξθῗίζῗ

2062 5627 2341 5704 stantia
2383 5625 2670 5724 aliqua,
2707 5623 2891 5723 quia
2938 5646 3092 5698 non
3149 5635 3263 5700 est
3293 5649 3600 5726 corpuS,
