4295 6326
675 400 803 469 382

372 585 626 661 Cui-,An-
683 572 920 645 beant
966 567 1212 642 bonas
1263 558 1750 659 operationes
1808 555 2013 630 circa
2054 577 2225 645 nOS,

333 650 516 763 suffit
546 652 657 762 1⁸3²0n
686 690 808 763 vel
850 686 975 761 alii
1023 681 1261 768 Beati,
1321 677 1502 777 quia
1552 686 1801 750 tamen
1854 673 1966 747 illi
2014 680 2230 747 actus

363 779 654 826 merentur.
689 813 870 882 sunt
899 800 1179 876 inclusi
1221 797 1297 871 in
1357 793 1829 870 beatitudine
1874 792 2224 882 istorum,

688 925 835 997 hoc
900 929 1013 994 est
1070 916 1365 991 ratione
1433 908 1955 1000 beatitudinis,
2020 914 2094 980 et
2137 929 2230 980 ex

688 1042 855 1135 ejus
933 1029 1434 1133 plenitudinis
1517 1025 1922 1101 collatione
2004 1020 2229 1094 nobis

687 1152 1130 1248 obligantur
1196 1170 1241 1222 a
1297 1146 1486 1238 DeO,
1559 1150 1805 1241 potest
1837 1136 2225 1235 diciquod

687 1269 831 1367 ipsi
889 1291 1042 1341 non
1096 1271 1515 1338 merentur.
1578 1259 1725 1333 Sed
1781 1251 2226 1352 hujusmodi

686 1386 1174 1484 operationes
1201 1379 1480 1456 Christi
1527 1402 1680 1451 non
1725 1374 2230 1450 includuntur

686 1503 765 1577 in
834 1526 977 1578 sua
1037 1497 1557 1589 beatitudine3
1614 1494 1783 1567 ideo
1843 1515 1979 1591 per
2039 1491 2227 1564 istos

687 1630 902 1695 actus
935 1616 1242 1709 meruit,
1280 1613 1463 1711 quia
1494 1621 1866 1709 quantum
1901 1607 1993 1682 ad
2035 1608 2226 1681 tales

607 1737 622 1749 ‘
687 1746 905 1812 actus
933 1737 1075 1810 fuit
1105 1735 1376 1826 viator,
1415 1755 1563 1823 non
1602 1728 2225 1826 comprehensor,

686 1856 792 1931 ita
858 1854 1066 1952 quod
1117 1848 1549 1927 radicaliter
1608 1845 2103 1919 includantur
2145 1843 2226 1916 in

684 1972 1158 2049 beatitudine
1193 1993 1362 2047 sua.

375 2096 614 2209 Cgffiff
784 2090 1229 2166 Secundum
1338 2087 1570 2183 igitur
1667 2084 1886 2158 istam
1984 2081 2220 2172 viam,

355 2223 651 2296 secu-ndum
684 2207 1034 2282 Christus
1092 2203 1372 2279 meruit
1448 2201 1872 2277 secundum
1933 2197 2226 2297 portio-

354 2290 653 2398 pi‘iiiss‘iiffim
684 2348 860 2400 nem
891 2322 1362 2415 inferiorem,
1398 2319 1527 2394 sed
1592 2343 1743 2393 non
1795 2315 2223 2391 secundum

425 2424 558 2461 Μ’
685 2464 956 2515 omnes
1034 2448 1248 2513 actus
1342 2436 1717 2534 portionis
1810 2431 2221 2526 inferioriS,

686 2557 816 2632 sed
862 2556 1288 2630 secundum
1321 2555 1520 2645 illos,
1557 2551 1688 2648 qui
1743 2548 2226 2623 contrarian-

685 2684 809 2747 tur
835 2672 1216 2747 affectioni
1251 2669 1658 2758 commodi,
1696 2677 1771 2743 et
1800 2668 1971 2741 ideo
2014 2664 2228 2765 poni-

687 2800 809 2864 tur
850 2791 1207 2865 meritum
1248 2787 1526 2863 Christi
1580 2783 2092 2859 communiter
2141 2782 2223 2856 in

683 2907 1199 3008 passionibus.
1747 2892 1755 2899 ⁹

780 3023 860 3097 Si
912 3046 1063 3096 non
1118 3023 1366 3120 placet
1413 3020 1555 3094 ista
1613 3019 1763 3111 via,
1810 3016 2010 3115 quod
2056 3039 2223 3090 me-

682 3141 835 3216 ruit
910 3140 1075 3214 istis
1133 3138 1432 3213 actibus
1510 3135 1746 3236 partis
1831 3133 2221 3209 sensitivae

680 3256 1077 3356 imperatis
1169 3280 1215 3329 a
1296 3255 1689 3329 voluntate
1792 3251 2219 3326 secundum

678 3375 1003 3473 primam
1075 3372 1548 3470 opinionem,
1620 3370 1725 3443 ita
1789 3368 1988 3466 quod
2065 3390 2217 3440 non

675 3491 925 3591 potuit
991 3488 1414 3564 secundum
1467 3495 1756 3584 partem
1817 3483 2223 3558 intellecti-

678 3629 882 3698 vam,
920 3613 1101 3677 tunc
1134 3612 1382 3700 potest
1414 3600 1562 3675 dici
1596 3599 1798 3697 quod
1843 3606 2218 3696 quantum

677 3721 770 3794 ad
805 3742 1074 3794 omnes
1129 3729 1345 3791 actus
1402 3714 1777 3814 portionis
1836 3714 2220 3788 interioris

674 3838 922 3936 potuit
965 3835 1264 3918 mereri,
1353 3833 1521 3906 dico
1590 3832 1682 3905 de
1713 3832 1856 3930 'this
1888 3830 2213 3924 actibuS,

674 3954 805 4052 qui
903 3952 1327 4050 respiciunt
1408 3974 1499 4024 ea
1586 3971 1761 4044 quae
1857 3960 2038 4022 sunt
2124 3949 2216 4022 ad

674 4071 934 4146 finem.
993 4070 1142 4143 Sed
1218 4066 1604 4165 quomodo
1646 4065 1685 4137 ⁴?
1741 4065 1928 4140 Dico
1981 4066 2211 4163 quod,

673 4188 813 4263 etsi
885 4186 1132 4285 portio
1223 4183 1575 4282 superior
1663 4182 1800 4256 suit
1889 4182 2216 4279 perfecte

674 4305 1085 4402 conjuncta
1191 4303 1351 4375 Deo
1447 4300 1870 4375 secundum
1960 4309 2213 4374 actum

672 4419 1144 4506 beatificum,
1185 4417 1322 4492 suit
1354 4426 1605 4491 tamen
1651 4417 1915 4491 eadem
1952 4418 2220 4492 volun-

675 4551 789 4614 tas
855 4535 1243 4636 passibilis
1292 4534 1717 4609 secundum
1785 4535 2215 4632 portionem

675 4653 1148 4745 inferiorem,
1195 4650 1378 4748 quia
1418 4659 1500 4725 ut
1541 4650 1675 4739 sic,
1724 4650 1860 4724 fuit
1907 4650 2213 4745 viatrix,

678 4782 752 4848 et
783 4770 1031 4870 potuit
1073 4791 1207 4866 per
1246 4790 1731 4864 consequens
1761 4767 2062 4841 mereri.

450 4912 515 4980 7,
780 4888 927 4962 Sed
972 4897 1264 4978 contra,
1301 4885 1487 4958 illud
1524 4885 1723 4982 quod
1768 4895 1881 4958 est
1933 4885 2008 4957 in
2061 4895 2220 4958 ter-

330 5029 568 5095 objectio
601 5030 647 5078 1.
683 5007 891 5081 mino
928 5003 1400 5102 simpliciter,
1430 5027 1580 5077 non
1614 5014 1858 5100 potest
1894 5005 2163 5078 mereri
2193 5033 2212 5098 3

679 5125 811 5200 sed
847 5122 1092 5223 portio
1127 5121 1439 5195 inferior
1477 5121 1612 5195 luit
1650 5121 2097 5218 simpliciter
2137 5122 2214 5195 in

673 5242 1031 5333 termino,
1103 5239 1285 5335 quia
1361 5261 1512 5310 non
1611 5239 1857 5335 potuit
1932 5238 2216 5314 habere

675 5371 930 5437 actum
970 5355 1486 5430 inordinatum
1524 5355 1725 5429 circa
1779 5355 2067 5453 aliquid
2121 5358 2212 5431 ad

673 5479 976 5571 finem·,
1032 5498 1214 5570 ergo
1285 5472 1424 5547 fuit
1513 5471 1770 5569 quieta
1846 5484 1916 5547 et
1993 5475 2218 5550 beata

675 5604 1051 5695 quantum
1129 5589 1399 5689 potuit,
1473 5590 1654 5687 quia
1709 5615 1862 5663 non
1920 5601 2033 5665 est
2100 5591 2215 5690 ip-

2056 377 2299 447 LIBRI
2346 375 2469 446 111.

2338 552 2528 646 sius,
2569 561 2649 626 ut
2705 553 2949 650 portio
3006 553 3345 651 inferior,
3415 558 3697 635 habere
3748 581 3882 634 ac-

2338 678 2498 743 tum
2533 670 2735 744 circa
2766 671 3147 766 objectum
3191 684 3564 750 aeternum
3618 676 3880 752 imme-

2338 787 2566 881 diate,
2603 789 2735 863 sed
2764 789 2967 865 circa
3005 791 3156 865 alia
3185 793 3534 867 ordinata
3574 794 3648 866 in
3686 794 3876 870 illud

2335 905 2746 1002 obiectum.
3980 985 3985 989 .

2434 1022 2844 1117 Praeterea,
2890 1024 3088 1100 sicut
3130 1027 3484 1102 meritum
3529 1029 3606 1102 in
3651 1033 3875 1108 nobis
3931 1061 4208 1113 secunda.

2339 1138 2646 1235 respicit
2677 1149 2968 1236 partem
3004 1141 3578 1242 intellectivam,
3634 1147 3744 1223 sic
3795 1150 3871 1223 in

2335 1255 2635 1330 Christo
2679 1284 2696 1349 3
2735 1255 2976 1331 sedin
3020 1259 3243 1335 nobis
3277 1285 3431 1334 non
3475 1274 3590 1338 est
3639 1265 3876 1339 meri-

2334 1375 2606 1449 tumin
2664 1377 3013 1474 portione
3068 1378 3410 1455 inferiori
3469 1386 3871 1482 complete,

2335 1494 2533 1567 sicut
2565 1518 2705 1569 nec
2756 1507 3154 1593 peccatum
3219 1526 3239 1592 ;
3290 1523 3471 1597 ergo
3527 1503 3877 1581 Christus

2335 1636 2491 1686 non
2525 1623 2771 1711 potest
2851 1617 3126 1689 mereri
3195 1620 3622 1694 secundum
3693 1647 3876 1722 por-

2339 1730 2619 1828 tionem
2734 1731 3174 1809 inferiorem
3290 1747 3616 1832 tantum,
3725 1742 3874 1817 nisi

2338 1857 2719 1922 mereatur
2783 1851 3211 1925 secundum
3268 1856 3693 1952 portionem
3757 1883 3880 1933 su-

2332 1987 2740 2060 periorem.
3391 2038 3397 2043 .

2426 2081 2537 2154 Ad
2614 2082 2976 2178 primum,
3051 2109 3222 2160 cum
3302 2087 3582 2165 dicitur
3664 2093 3868 2189 quod
4030 2094 4098 2164 8.

2332 2199 2578 2296 portio
2646 2200 2960 2275 inferior
3038 2203 3176 2277 fuit
3240 2205 3314 2279 in
3377 2209 3735 2303 terminO,
3797 2222 3872 2287 et
3926 2213 4087 2287 ⁸05⁹·
4140 2214 4213 2263 ²¹²¹

2330 2316 2500 2392 ideo
2542 2341 2698 2392 non
2749 2320 2995 2416 potuit
3063 2324 3364 2419 mereri,
3436 2326 3605 2402 dico
3666 2329 3870 2426 quod
3942 2291 4208 2415 {2233

2331 2458 2499 2509 esse
2527 2432 2603 2507 in
2657 2436 2986 2509 termino
3038 2447 3152 2512 est
3204 2440 3662 2538 dupliciter3
3712 2469 3869 2520 uno
3901 2406 4225 2539 oiiifiinnissii-

2333 2551 2557 2626 modo
2590 2562 2964 2649 quantum
3007 2555 3099 2628 ad
3133 2555 3611 2635 affectionem
3638 2562 3871 2657 justi-
3987 2533 4152 2578 ΕΜΓ·

2329 2667 2512 2761 tiae3
2557 2669 2706 2742 alio
2766 2670 2987 2744 modo
3043 2685 3414 2769 quantum
3495 2677 3588 2750 ad
3639 2677 3869 2753 affec-

2332 2783 2615 2857 tionem
2659 2786 3067 2858 commodi.
3099 2788 3357 2863 Primo
3416 2791 3637 2865 modo
3688 2792 3871 2866 inse-

2335 2901 2487 2973 rior
2528 2900 2772 2998 portio
2805 2903 3422 3001 conjungebatur
3484 2909 3643 2981 Deo
3699 2933 3872 3006 per-

2330 3015 2549 3110 fecte,
2622 3015 2725 3089 ita
2793 3017 2996 3112 quod
3067 3016 3469 3095 affectione
3543 3021 3867 3117 justitiae

2330 3157 2482 3208 non
2528 3134 2776 3233 potuit
2815 3137 3012 3211 velle
3077 3136 3225 3212 nisi
3293 3139 3727 3214 ordinatum
3794 3150 3869 3216 et

2320 3250 2645 3347 justum,
2685 3262 2759 3326 et
2798 3252 2970 3326 ideo
3010 3277 3167 3328 non
3212 3256 3460 3351 potuit
3518 3280 3863 3355 peccare.

2330 3368 2478 3442 Sed
2511 3379 2755 3445 tamen
2794 3395 2943 3446 non
3015 3372 3153 3446 fuit
3210 3375 3635 3449 secundum
3691 3400 3872 3476 por-

2328 3486 2614 3562 tionem
2677 3488 3113 3564 inseriorem
3184 3491 3260 3563 in
3338 3493 3669 3567 termino
3727 3495 3868 3590 sic,

2328 3605 2532 3700 quod
2669 3607 3025 3681 habuerit
3141 3608 3861 3707 impassibilitatem,

2329 3722 2511 3820 quia
2587 3747 2728 3798 nec
2795 3731 2977 3798 tunc
3038 3749 3266 3800 omne
3340 3727 3544 3824 quod
3623 3731 3871 3827 potuit

2329 3839 2639 3930 habere,
2714 3841 2983 3914 habuit
3040 3842 3467 3918 secundum
3526 3843 3871 3922 affectio-

2330 3978 2503 4030 nem
2591 3959 3001 4053 commodi,
3087 3959 3268 4055 quia
3362 3985 3514 4035 non
3598 3962 3872 4039 habuit

2329 4072 2814 4145 commodum
2890 4074 3416 4171 conjunctum,
3489 4089 3867 4175 quantum

2327 4189 2575 4285 potuit
2616 4190 3013 4287 conjungi,
3059 4191 3258 4265 sicut
3306 4201 3421 4267 est
3477 4193 3554 4266 in
3610 4196 3866 4273 Beatis

2327 4307 2802 4405 simpliciter,
2892 4318 2965 4383 et
3059 4309 3135 4382 in
3241 4311 3540 4387 Christo
3638 4321 3863 4395 modo

2327 4423 2696 4498 existente
2756 4423 2833 4495 in
2895 4424 3166 4521 patria.
3227 4426 3422 4513 Quia
3465 4429 3697 4526 igitur
3753 4436 3863 4510 sic
3893 4439 4232 4505 Meruitper

2328 4541 2491 4628 fuit,
2539 4541 2782 4638 potuit
2824 4543 3110 4639 aliquid
3146 4547 3299 4641 pati
3332 4560 3598 4625 contra
3637 4551 3865 4630 affec·
3918 4506 4219 4640 ἶῗὲιόἰῐῖῠοῖι

2328 4659 2610 4733 tionem
2681 4661 3092 4754 commodi,
3165 4665 3368 4759 quod
3425 4675 3675 4743 tamen
3748 4692 3868 4744 ac·
3897 4629 4228 4681 aliaaDeo.

2326 4775 2682 4873 ceptavit,
2720 4786 2793 4850 et
2821 4777 2925 4850 ita
2969 4780 3243 4854 mereri
3289 4810 3306 4874 3
3344 4783 3483 4856 fuit
3517 4785 3747 4880 igitur
3786 4788 3864 4861 in

2325 4893 2654 4967 termino
2689 4895 3114 4970 secundum
3174 4897 3655 4978 affectionem
3693 4904 3870 5002 jus-

2327 5010 2540 5098 titiae,
2580 5011 2753 5084 licet
2820 5035 2973 5085 non
3030 5017 3454 5090 secundum
3526 5019 3869 5097 ass'ectio-

2329 5150 2501 5200 nem
2566 5128 2976 5223 commodi,
3067 5141 3140 5205 et
3214 5135 3461 5229 portio
3556 5137 3872 5214 inferior

2333 5244 2608 5318 meruit
2640 5245 3017 5320 eliciendo
3067 5247 3268 5322 circa
3319 5264 3736 5346 creaturas,
3788 5267 3872 5330 ut

2327 5359 2717 5456 diligendo
2756 5371 3100 5456 matrem,
3148 5374 3221 5438 et
3262 5367 3453 5441 alios
3512 5370 3756 5446 bonos
3791 5372 3866 5446 in

2326 5477 2603 5570 Deum,
2641 5487 2713 5551 et
2758 5479 2994 5553 malos
3029 5491 3338 5579 propter
3371 5484 3610 5558 Deum
3642 5515 3660 5580 ;
3694 5488 3864 5563 ideo

2328 5595 2637 5692 quando
2675 5596 2953 5670 dicitur
2979 5600 3183 5695 quod
3224 5600 3364 5674 ruit
3408 5602 3483 5675 in
3536 5606 3865 5682 termino
