4295 6326
755 459 885 527 578

753 630 1102 725 rationis,
1186 633 1307 705 vel
1375 631 1582 728 quod
1643 629 1981 725 signum,
2045 639 2161 703 est
2218 628 2295 701 in

753 749 1113 824 omnibus
1156 748 1566 848 praedictiS,
1614 748 1692 822 in
1736 771 1963 845 aqua,
2009 747 2085 819 in
2121 771 2299 822 ver-

751 867 896 961 his,
935 877 1075 942 etc.
1115 868 1410 942 sicutin
1448 892 1587 941 suo
1634 869 2157 959 fundamenti),
2195 868 2297 941 ita

753 986 958 1081 quod
1022 985 1147 1059 illa
1218 993 1575 1083 quatuor,
1640 1007 1867 1081 aqua,
1942 986 2293 1077 verbum,

754 1100 1190 1198 suscipiens
1239 1112 1313 1176 et
1380 1100 1762 1194 minister,
1815 1101 2036 1200 quasi
2096 1101 2299 1175 inte-

753 1228 1003 1315 grant,
1060 1219 1201 1292 isto
1259 1220 1484 1292 modo
1548 1216 1931 1316 loquendo
1986 1218 2076 1293 de
2150 1218 2295 1291 ior-

757 1358 904 1429 ma,
1000 1335 1229 1410 unius
1325 1336 1799 1411 fundamenti
1887 1335 2292 1428 rationem,

752 1450 936 1547 quia
958 1451 1217 1548 aliquo
1251 1450 1571 1526 istorum
1643 1460 1897 1525 amoto
1942 1474 2093 1523 non
2133 1473 2298 1524 ma-

753 1577 879 1641 net
936 1568 1554 1662 Sacramentum,
1618 1591 1757 1642 nec
1815 1570 1960 1642 ista
2027 1567 2294 1641 relatio

752 1683 1099 1777 rationis,
1137 1707 1311 1781 quae
1358 1693 1471 1759 est
1529 1684 1835 1780 signum
1905 1683 2002 1756 ad
2056 1681 2298 1780 placi-

752 1810 941 1891 tum,
988 1811 1060 1874 et
1121 1824 1275 1874 non
1337 1824 1430 1875 ex
1490 1810 1766 1874 natura
1806 1800 1946 1892 rei,
1984 1809 2057 1873 et
2122 1798 2296 1873 ideo

752 1917 860 1991 sic
902 1942 994 1991 ex
1025 1918 1507 1993 institutione
1541 1920 1864 1993 refertur
1917 1917 2011 1991 ad
2045 1917 2298 2013 signa-

749 2042 916 2106 tum
955 2044 1029 2108 et
1069 2031 1453 2127 effectum,
1510 2056 1740 2131 quem
1782 2032 2136 2128 designat
2167 2060 2188 2125 3
2225 2043 2298 2107 et

750 2150 895 2224 isto
962 2151 1184 2224 modo
1246 2153 1411 2225 haec
1493 2150 1757 2225 relatio
1836 2160 1950 2225 est
1989 2148 2295 2247 proprie

749 2269 998 2341 forma
1081 2267 1314 2364 hujus
1395 2266 1897 2356 Sacramenti,
1990 2276 2064 2340 et
2140 2289 2294 2338 non

750 2385 989 2460 verba
1030 2387 1442 2483 plusquam
1476 2410 1706 2483 aqua,
1743 2386 1926 2483 quia
1997 2394 2299 2458 utrum-

752 2527 900 2601 que
945 2527 1025 2576 se
1061 2512 1264 2577 tenet
1306 2526 1395 2576 ex
1438 2512 1649 2600 parte
1685 2501 2161 2577 fundamenti
2205 2500 2298 2574 is-

753 2620 906 2696 tius
942 2620 1359 2695 relationis.

529 2745 592 2811 3.
848 2737 1395 2812 Verumtamen
1460 2737 1769 2834 quando
1827 2737 2052 2835 plura
2111 2758 2299 2809 con-

752 2864 1074 2929 currunt
1131 2854 1226 2928 ad
1282 2853 1906 2928 constitutionem
1968 2851 2298 2948 alicujus

752 2971 1071 3047 effectus
1143 2971 1400 3064 uniuS,
1465 2981 1544 3044 ut
1601 2971 1904 3045 visibile
1957 2979 2031 3044 et
2070 2967 2296 3045 audi-

758 3089 941 3183 bile,
989 3088 1504 3187 comparando
1567 3088 1697 3163 illa
1764 3088 1857 3163 ad
1927 3086 2288 3180 invicem,

753 3232 994 3281 unum
1026 3217 1139 3280 est
1170 3207 1623 3305 principale,
1669 3220 1740 3281 et
1783 3207 1991 3281 aliud
2041 3206 2293 3278 minus

748 3322 1199 3419 principale,
1273 3321 1455 3418 quia
1512 3346 1665 3396 non
1725 3330 2053 3419 possunt
2122 3342 2289 3393 esse

747 3438 915 3512 sinc
959 3438 1167 3511 omni
1202 3437 1468 3511 ordine
1510 3438 1586 3510 in
1622 3438 1751 3511 illo
1795 3437 2043 3529 tertie,
2097 3445 2170 3510 et
2201 3458 2294 3508 ex

749 3579 1002 3652 aequO,
1040 3555 1237 3631 sicut
1264 3563 1469 3652 patet
1528 3554 1599 3626 in
1667 3554 2027 3628 omnibus
2082 3577 2296 3627 com-

748 3671 1260 3771 positionibus
1294 3670 1666 3744 ordinatis
1708 3671 1797 3744 ad
1843 3670 2155 3767 aliquod
2200 3670 2293 3743 ad

746 3787 1053 3861 tertium
1095 3814 1112 3879 3
1200 3785 1640 3883 hujusmodi
1705 3793 1884 3857 sunt
1952 3785 2028 3857 in
2099 3786 2294 3881 Bap-

750 3905 969 3978 tismo
1012 3926 1212 4000 aqua
1240 3912 1313 3976 et
1344 3902 1579 3975 verbu
1597 3926 1713 3984 m
1747 3926 1928 3996 ergo
1964 3903 2290 3975 alterum

744 4033 857 4096 est
933 4019 1435 4119 principalius
1516 4019 1588 4091 in
1656 4018 2061 4115 signanda.
2128 4018 2290 4093 Iloc

744 4148 997 4212 autem
1046 4136 1546 4235 principalius
1579 4143 1693 4209 est
1725 4136 2071 4228 verbum,
2109 4134 2292 4231 quia

744 4255 1169 4328 secuudum
1239 4252 1753 4347 Augustinum
1826 4253 1894 4323 2.
1944 4252 2034 4325 de
2105 4252 2285 4325 doc-

742 4373 941 4445 trina
982 4370 1440 4462 Christiana,
1496 4393 1661 4465 cap.
1713 4369 1777 4440 1.
1834 4367 2072 4442 Verba
2147 4367 2283 4442 ob-

441 4277 663 4341 August.

738 4491 1137 4563 timuerunt
1190 4487 1734 4584 principatum
1796 4484 1900 4559 ad
1967 4485 2289 4581 siquan-

738 4607 919 4678 dam
948 4606 1148 4678 inter
1188 4603 1451 4676 omnia
1480 4603 1702 4698 siqua
1733 4601 1835 4676 ad
1853 4600 2230 4698 placitum
2261 4629 2278 4694 3

739 4720 1111 4818 quidquid
1174 4728 1434 4793 autem
1512 4718 1765 4815 signat
1828 4741 1919 4791 cx
1973 4717 2285 4790 institu-

385 4845 559 4903 Quare
588 4860 704 4896 ver·
740 4839 972 4931 tione,
1035 4847 1329 4911 tantum
1393 4846 1503 4909 est
1542 4863 1559 4928 3
1596 4860 1806 4930 erge,
1866 4844 2008 4909 etc.
2059 4834 2282 4909 Nunc

410 4909 681 5021 i'uar‘iss‘ffi}
738 4967 991 5031 autem
1052 4955 1402 5028 videmus
1451 4955 1653 5050 quod
1689 4954 1763 5025 in
1837 4950 2282 5048 compositis

414 5035 468 5083 in
492 5036 670 5084 Sacra·
1323 5072 1335 5084 .
2217 5069 2231 5082 .

428 5098 640 5150 mentis.
734 5099 911 5150 verc
939 5097 1027 5146 ex
1072 5081 1389 5144 materia
1431 5078 1504 5144 et
1535 5071 1806 5154 forma,
1868 5070 2102 5140 forma
2161 5067 2280 5140 dl-

730 5195 927 5268 citur
1006 5187 1500 5288 principalior
1583 5211 1760 5284 pars
1838 5185 2271 5282 compositi,

728 5311 908 5408 quia
940 5309 1067 5380 dat
1107 5329 1263 5379 esse
1296 5303 1437 5377 sibi
1469 5302 2041 5401 principaliter3
2089 5323 2271 5396 ergo

724 5451 898 5501 cum
968 5423 1287 5498 verbum
1378 5419 1475 5492 sit
1544 5418 2046 5516 principalius
2105 5417 2274 5513 ipsa

724 5567 949 5640 aqua,
998 5552 1067 5614 ct
1129 5537 1656 5636 principaliter
1734 5544 2140 5610 concurrat
2174 5533 2268 5606 ad

723 5659 1196 5736 ablutionem
1239 5653 1711 5747 interiorem,
1758 5665 1830 5728 et
1892 5650 2269 5726 constitu-

2130 453 2372 523 LIBRI
2419 452 2538 522 ΙΙΙ.

2405 627 2695 703 tionem
2730 629 3204 704 fundamenti
3229 630 3463 728 hujus
3495 629 3695 726 signi
3720 654 3950 728 quam

2406 769 2634 843 aqua,
2725 747 2897 820 ideo
2977 748 3463 845 appropriate
3560 749 3952 845 loquendo

2403 874 2754 960 respectu
2823 864 3044 938 istius
3111 865 3346 940 verba
3421 874 3747 963 possunt
3803 865 3952 938 dici
4063 956 4072 966 ι

2404 979 2648 1053 forma
2727 980 2960 1075 hujus
3026 981 3535 1075 Sacramenti,
3619 981 3816 1056 sicut
3874 981 3949 1054 in

2405 1096 2575 1171 aliis
2609 1097 3106 1195 principalior
3148 1122 3325 1195 pars
3380 1100 3778 1197 compositi
3841 1110 3955 1173 est

2404 1214 2647 1289 forma
2710 1215 3026 1289 alterius
3061 1215 3322 1313 partiS,
3370 1225 3442 1291 et
3484 1216 3588 1290 ita
3629 1218 3951 1291 verbum

2403 1354 2555 1403 non
2589 1331 2925 1429 proprie,
2962 1333 3095 1407 sed
3140 1334 3630 1433 appropriate
3675 1334 3953 1407 dicitur

2404 1446 2647 1521 forma
2681 1446 2914 1544 hujus
2947 1447 3455 1543 Sacramenti,

2501 1564 2645 1640 Sed
2685 1570 2827 1640 isto
2866 1567 3085 1642 modo
3128 1568 3513 1666 loquendo
3541 1568 3633 1641 de
3671 1568 3939 1661 forma,
4120 1589 4185 1654 4,

2405 1693 2685 1758 suntne
2717 1685 2954 1759 verba
3004 1684 3373 1783 praedicta
3425 1685 3748 1783 proecisa
3791 1686 3947 1760 for-
3976 1703 4265 1778 napueioer

2407 1825 2531 1875 ma
2591 1802 2961 1901 Baptismi
3002 1802 3041 1873 ‘2
3106 1803 3564 1901 Respondeo
3625 1814 3697 1879 et
3774 1804 3946 1879 dico
3976 1768 4275 1905 ᾞὲῗξιονῗυῃιῖ

2405 1917 2609 2013 quod
2640 1916 2852 1990 aliud
2884 1926 2997 1991 est
3042 1918 3326 2014 requiri
3362 1919 3827 2005 necessario,
3874 1928 3949 1993 et
3996 1893 4262 2007 ωωῗζῗῖζ

2405 2032 2609 2107 aliud
2654 2033 2744 2107 de
2778 2034 3256 2109 necessitate.
3295 2034 3404 2108 Ex
3429 2048 3639 2134 parte
3682 2036 3950 2110 Sacra-

2405 2150 2638 2223 menti
2713 2150 2783 2222 in
2845 2175 2925 2224 se
2979 2151 3269 2249 aliquid
3321 2154 3756 2227 necessario
3827 2177 3951 2228 re-

2404 2266 2846 2362 quiritur,et
2876 2291 2966 2341 ex
3011 2279 3223 2366 parte
3262 2268 3764 2344 ministrantis
3808 2270 3957 2344 Sa-

2404 2399 2909 2459 cramentum.
2960 2385 3041 2458 Si
3083 2396 3336 2461 autem
3389 2387 3781 2463 omittatur
3822 2388 3954 2462 ali-

2404 2501 2617 2598 quid,
2664 2502 2866 2599 quod
2901 2511 3014 2577 est
3050 2503 3565 2578 necessarium
3603 2528 3693 2579 ex
3736 2514 3951 2603 parte

2404 2618 2884 2694 Sacramenti
2943 2618 3019 2693 in
3054 2642 3161 2712 se,
3235 2632 3654 2696 evacuatur
3705 2623 3953 2696 virtus

2404 2760 2493 2811 ex
2537 2743 2749 2833 parte
2809 2735 3164 2829 ministri,
3231 2737 3412 2834 quia
3481 2739 3673 2811 nihil
3741 2739 3946 2832 facit,

2402 2852 2535 2927 sed
2579 2875 2733 2926 non
2777 2875 2816 2927 e
2860 2876 3259 2928 converso.
3309 2854 3386 2927 Si
3434 2855 3639 2929 enim
3676 2856 3951 2930 minis-

2401 2977 2515 3042 ter
2592 2968 2888 3043 omittat
2987 2968 3296 3067 aliquod
3387 2971 3944 3066 necessarium,

2403 3099 2775 3188 quantum
2847 3098 2959 3163 est
3018 3112 3109 3163 ex
3187 3096 3397 3186 parte
3472 3089 3819 3177 ministri,
3873 3101 3951 3165 ct

2402 3205 2545 3279 sibi
2578 3205 2952 3279 incumbit
2991 3229 3082 3278 ex
3122 3204 3402 3298 officiO,
3445 3218 3705 3303 peccat
3740 3231 3951 3280 mor-

2403 3319 2676 3405 taliter,
2767 3318 3185 3393 omittendo
3277 3319 3493 3411 illud,
3571 3320 3703 3394 sed
3787 3345 3945 3394 non

2401 3442 2714 3529 propter
2783 3434 2929 3506 hoc
2999 3433 3418 3507 destruitur
3485 3433 3950 3510 Sacramen-

2400 3556 2592 3640 tum,
2630 3558 3004 3645 quantum
3047 3557 3160 3623 est
3213 3572 3304 3622 ex
3345 3559 3557 3646 parte
3600 3551 3747 3624 sui.
3801 3552 3950 3626 Sa-

2400 3665 2496 3739 tis
2540 3667 2683 3738 hoc
2724 3665 3011 3762 patebit
3042 3665 3387 3742 inferius.

2499 3781 2685 3855 Dico
2727 3805 2908 3878 ergo
2970 3783 3173 3880 quod
3229 3785 3396 3857 haec
3437 3795 3552 3858 est
3620 3786 3946 3882 praecisa

2400 3899 2669 3992 forma,
2717 3922 2848 3994 eqo
2881 3904 2952 3972 te
2993 3897 3327 3997 baptiw,
3366 3911 3506 3975 etc.
3547 3901 3624 3975 in
3669 3902 3946 3978 Sacra-

2403 4027 2656 4090 mento
2703 4016 3102 4113 Baptismi.
3175 4017 3751 4094 Considerando
3804 4044 3946 4094 au-

2399 4144 2549 4209 tem
2596 4119 3127 4208 necessitatem
3169 4157 3260 4206 ex
3313 4146 3523 4232 parte
3583 4137 3943 4223 ministri,

2397 4255 2530 4351 qui
2575 4263 2877 4329 tenetur
2914 4277 3005 4328 ex
3072 4253 3323 4329 officio
3380 4256 3572 4331 scire
3616 4258 3940 4332 formam
4249 4275 4250 4304 ¹

2395 4371 2829 4469 baptizandi
2876 4371 3225 4446 traditam
3263 4372 3338 4444 in
3383 4374 3720 4467 Canone,
3767 4376 3940 4450 dico

2395 4489 2600 4586 quod
2661 4487 3315 4586 praetermittendo
3355 4490 3480 4564 vel
3537 4493 3936 4586 mutandO,

2394 4629 2544 4678 non
2581 4607 3004 4680 secundum
3041 4606 3479 4680 essentialia
3513 4607 3733 4682 istam
3799 4613 3943 4684 l'or-

2393 4745 2622 4814 mam,
2680 4745 2859 4795 vere
2928 4722 3055 4795 dat
3121 4721 3736 4818 Sacramentum,
3800 4727 3936 4801 sed

2388 4846 2641 4911 tamen
2689 4846 2951 4935 peccat
2995 4838 3436 4912 mortaliter.

2483 4954 2641 5027 Nec
2684 4963 2997 5027 excusat
3056 4953 3518 5048 ignorantia,
3564 4958 3747 5052 quia
3819 4970 3933 5032 te-
3964 4971 4172 5035 lgnonn

2386 5080 2612 5144 netur
2683 5072 2822 5144 boc
2881 5070 3074 5144 scire
3140 5094 3232 5144 ex
3297 5070 3578 5165 officio,
3640 5083 3713 5148 et
3756 5075 3928 5149 ideo
3961 5047 4178 5146 affinia

2385 5184 2826 5280 ignorantes
2860 5185 3063 5258 illam
3107 5186 3423 5260 formam
3462 5188 3535 5260 in
3585 5190 3927 5266 Ecclesia
3988 5165 4192 5332 ιῖἷῖἶαέῑῖι

3982 5299 4046 5334 81
4080 5300 4108 5332 Ο
4131 5294 4176 5329 ilc

2381 5301 2678 5395 Latina,
2724 5301 3155 5399 expellendi
3189 5312 3369 5376 sunt
3415 5305 3505 5379 de
3550 5307 3920 5421 Ecclesia,
3957 5351 4153 5396 κῆαι,

2379 5419 2563 5516 quia
2591 5421 2663 5494 si
2713 5443 2958 5494 caecus
3016 5442 3304 5493 caecum
3375 5420 3629 5520 ducat,
3701 5424 3923 5500 ambo
4065 5416 4148 5461 ω’·

2379 5536 2459 5610 in
2517 5538 2823 5634 foveam
2895 5536 3203 5611 cadunt.
3282 5536 3563 5614 Vetula
3630 5553 3921 5638 autem,

2378 5655 2502 5727 vel
2551 5654 2816 5749 laicUS‚
2881 5652 3163 5752 quibus
3198 5677 3349 5728 non
3396 5656 3774 5736 incumbit
3832 5686 3925 5737 ex
