4295 6326
186 2117 227 2182 l.

100 2232 315 2291 Argumen-

100 2298 170 2341 tum
202 2307 329 2357 nega·

138 2357 273 2405 tivum.

125 2470 275 2522 (lintre.

174 4007 203 4048 ⁴)

1425 421 1647 489 DIST.
1699 420 1856 490 XII.
1909 420 2326 500 QUAESTIO
2375 425 2497 492 vl.

366 598 533 696 quid
564 597 751 671 illud
798 622 1040 672 unum
1092 600 1296 673 reale
1361 597 1593 672 habet
1649 595 1893 691 majo-

364 739 506 789 rem
575 714 946 790 unitatem
1027 717 1344 804 realem,
1436 724 1511 789 et
1572 713 1683 788 sic
1739 733 1897 808 quo

363 843 624 905 natura
675 832 1108 906 secundum
1151 855 1231 907 se
1275 829 1505 904 habet
1562 850 1722 903 esse
1789 825 1898 899 di-

371 947 736 1023 minutum
780 948 857 1021 in
909 948 1304 1024 intellectu
1349 948 1792 1024 formaliter.

839 1305 1242 1383 QUAESTIO
1294 1306 1410 1371 VI.

366 1477 599 1541 Utrum
631 1474 1027 1540 substantia
1058 1469 1440 1540 materialis
1462 1491 1593 1558 per
1622 1472 1906 1558 aliquid

744 1580 1129 1667 positivum
1159 1578 1249 1646 sit
1274 1577 1436 1646 haec
1466 1580 1499 1643 ’ἶ

354 1774 621 1830 Doctores
652 1772 812 1829 citati
844 1777 1037 1845 quaest.
1084 1772 1319 1843 praeced.
1363 1773 1565 1829 Scotus
1614 1771 1673 1827 in
1717 1774 1895 1832 Oxou.

414 1848 465 1971 Ξ.
496 1845 715 1973 (ἒῖεἷὲΒ.
746 1849 939 1918 quaest.
971 1845 1026 1900 2.
1057 1853 1107 1901 et
1136 1845 1191 1898 6.
1227 1844 1454 1901 Hem-ic.
1488 1844 1670 1915 quodl.
1704 1848 1895 1916 quaest.

447 2118 668 2205 Quod
725 2143 910 2191 non.
968 2118 1223 2193 Unum
1265 2117 1447 2191 dicit
1506 2117 1898 2192 indivisio-

358 2258 554 2329 nem,
623 2233 985 2310 indivisio
1045 2234 1534 2332 negationem
1583 2261 1599 2321 ;
1664 2233 1900 2331 igitur

359 2376 482 2448 per
520 2351 725 2426 nihil
766 2351 1184 2451 positivum
1218 2350 1767 2425 individuatur.

444 2468 935 2567 Oppositum,
989 2467 1236 2565 prima
1284 2466 1715 2543 substantia
1761 2489 1899 2565 per

350 2609 424 2658 se
464 2594 842 2682 operatur
893 2584 1351 2681 inquantum
1399 2583 1899 2680 distinguitur

346 2724 389 2772 a
427 2701 803 2794 secunda,
860 2724 1014 2774 non
1072 2724 1212 2799 ρει·
1250 2702 1491 2775 solam
1554 2699 1898 2797 negatio-

350 2840 518 2890 nem
567 2843 584 2905 3
630 2816 875 2913 igitur
900 2840 1038 2914 per
1066 2815 1511 2914 positivum.

942 3148 1327 3206 SCHOLIUM.

409 3305 711 3362 Sententia
759 3303 1018 3371 Heni-ici,
1080 3305 1470 3362 substantiam
1537 3305 1896 3362 materialem

345 3389 705 3447 individuari
741 3391 960 3462 duplici
1010 3393 1319 3464 negatione
1361 3391 1783 3449 divisibilitatis
1836 3394 1894 3449 in

346 3484 527 3549 plura,
561 3489 619 3540 et
653 3483 986 3539 identitatis
1012 3484 1081 3538 ad
1133 3482 1267 3554 alia,
1319 3485 1603 3541 refutatur
1652 3484 1896 3556 optime,

344 3576 476 3644 quia
508 3572 752 3644 negatio
784 3571 926 3627 nulli
962 3573 1249 3641 convenit,
1298 3574 1412 3629 nisi
1456 3573 1676 3630 ratione
1722 3574 1899 3629 alicu-

336 3665 434 3733 jus
466 3662 733 3735 positivi.
766 3661 848 3718 De
872 3678 985 3732 quo
1022 3662 1134 3719 late
1163 3663 1375 3721 Doctor
1416 3663 1476 3719 in
1527 3680 1565 3721 1.
1619 3664 1755 3721 dist.
1804 3665 1896 3719 28.

350 3757 555 3823 quaest.
592 3752 649 3806 2.

446 3982 758 4057 Dicitur
783 3979 876 4053 ad
903 3979 1412 4076 quaestionem
1453 3981 1659 4078 quod
1711 4005 1896 4077 non,

132 4121 288 4172 nenda
354 4100 485 4174 sed
528 4122 675 4197 per
723 4095 1109 4193 duplicem
1165 4095 1683 4191 negationem,
1721 4099 1905 4196 quia

130 4187 283 4243 opinio.

354 4227 637 4291 natura
677 4224 793 4288 est
832 4211 924 4286 de
958 4235 1038 4287 se
1080 4212 1508 4287 dividuum.
1546 4215 1738 4308 (Hoc
1780 4241 1906 4288 vo-

352 4334 632 4408 cabulo
695 4330 936 4405 utitur
1003 4328 1433 4403 Richardus
1484 4332 1742 4427 primo
1810 4332 1903 4406 de

359 4449 680 4539 Trinit.)
740 4445 957 4519 Hanc
1034 4444 1451 4541 potentiam
1527 4447 1725 4521 tollit
1781 4447 1905 4521 in-

354 4564 766 4637 dividuum
805 4584 821 4647 ;
858 4558 1092 4656 igitur
1131 4559 1224 4633 de
1252 4583 1333 4634 se
1377 4584 1530 4634 non
1566 4572 1680 4637 est
1707 4561 1898 4651 Ιιεεο,

352 4683 485 4756 sed
554 4703 696 4779 ρει·
766 4677 1282 4752 extrinsecum
1370 4678 1636 4753 forinas
1720 4680 1907 4753 divi·

351 4799 561 4872 duae.

452 4911 879 5000 Praeterea,
916 4907 1083 4979 haec
1143 4914 1418 4980 natura
1468 4907 1561 4981 de
1620 4932 1700 4984 se
1747 4918 1908 4984 tan-

357 5040 521 5102 tum
570 5035 686 5101 est
716 5023 793 5097 in
826 5022 1170 5121 potentia
1206 5022 1398 5117 leaec,
1435 5035 1508 5100 et
1546 5025 1736 5100 nihil
1773 5028 1907 5102 du·

356 5145 457 5218 cit
498 5166 587 5217 se
637 5141 729 5215 de
806 5138 1147 5236 potentia
1201 5138 1293 5212 ad
1365 5152 1645 5231 actum,
1710 5143 1908 5218 sicut

357 5285 496 5359 per
529 5255 825 5355 aliquid
866 5253 1384 5330 extrinsecum
1429 5257 1505 5330 in
1568 5259 1909 5336 immate-

358 5377 689 5452 rialibus
723 5396 876 5445 non
913 5379 1162 5469 potest
1191 5395 1360 5448 esse
1400 5377 1748 5472 materia,
1785 5378 1906 5453 vel

358 5490 783 5592 quantitaS,
820 5487 951 5562 sed
994 5495 1109 5561 est
1147 5489 1578 5566 substantia
1642 5492 1910 5569 imma-

3457 426 3540 493 33

2008 599 2385 673 terminus
2429 600 2796 687 actionis;
2870 601 2945 674 in
3020 599 3544 675 materialibus

2007 712 2197 788 illud
2238 715 2751 792 extrinsecum
2796 716 3061 792 formae
3102 724 3215 792 est
3264 715 3548 814 duplex

2007 831 2340 927 negatio.
2408 833 2580 906 Non
2633 833 2840 908 enim
2892 842 3007 909 est
3082 833 3546 917 ahsolutum,

2006 945 2190 1042 quia
2230 946 2322 1022 de
2367 947 2514 1022 isto
2562 949 3067 1046 quaerendum
3119 956 3347 1040 esset,
3394 969 3548 1043 quo

2004 1071 2208 1137 esset
2264 1064 2493 1139 haec?
2545 1064 2625 1140 Si
2676 1065 2961 1164 seipse,
3025 1063 3191 1162 pari
3253 1062 3548 1138 ratione

2004 1181 2365 1255 standum
2456 1182 2532 1255 in
2593 1183 2871 1282 primo.
2938 1183 3018 1257 Si
3057 1181 3546 1274 *extrinsecQ

2005 1298 2511 1395 quaerendum
2555 1299 2648 1375 de
2697 1299 2871 1395 ist0‚
2903 1299 3114 1375 etsie
3156 1298 3231 1371 in
3302 1295 3554 1371 infini-

2006 1424 2193 1487 tum.
2259 1414 2530 1514 Neque
2593 1415 2784 1489 illud
2845 1414 3366 1490 extrinsecum
3438 1420 3553 1487 est

2004 1531 2545 1628 respectivum,
2615 1532 2800 1629 quia
2874 1554 3103 1606 omne
3177 1528 3551 1628 respecti-

2002 1671 2189 1721 vum
2272 1648 2636 1723 fundatur
2702 1648 2781 1720 in
2823 1648 3201 1734 absoluto,
3261 1657 3342 1721 ut
3381 1670 3550 1744 pro-

2003 1764 2276 1858 ducto;
2314 1765 2551 1860 igitur
2607 1768 2776 1839 haec
2819 1765 3069 1862 prima
3095 1764 3405 1861 negatio
3438 1774 3553 1839 est

2004 1904 2159 1955 non
2193 1904 2418 1978 posse
2495 1881 2731 1955 dividi
2803 1882 2878 1954 in
2948 1882 3172 1980 plura
3228 1881 3374 1956 sub
3433 1904 3544 1955 se.

2004 1999 2361 2074 Secunda
2393 1998 2703 2097 respicit
2744 1999 2895 2072 alia
2939 2000 3162 2095 juxta
3193 2022 3302 2087 se,
3365 1998 3551 2095 quia

2004 2122 2120 2187 est
2162 2114 2466 2209 negatio
2500 2113 2919 2188 identitatis
2960 2113 3129 2210 ejus
3170 2113 3263 2188 ad
3306 2112 3543 2205 aliud,

2004 2239 2077 2302 et
2110 2229 2275 2303 istae
2323 2228 2773 2325 negationes
2822 2237 3003 2304 sunt
3052 2236 3266 2303 extra
3306 2227 3548 2302 inten-

2007 2346 2287 2419 tionem
2345 2347 2632 2432 sormae‚
2693 2354 2766 2420 et
2825 2345 3347 2419 assimilantur
3396 2367 3546 2418 res-

2003 2462 2352 2559 pectibus
2402 2460 2777 2535 individui
2826 2460 2992 2535 istae
3060 2459 3534 2556 negationes.

2100 2579 2386 2652 Contra
2436 2578 2655 2671 illud,
2703 2578 2847 2651 ista
2904 2578 3188 2675 duplex
3233 2576 3538 2674 negatio

2005 2717 2158 2767 non
2232 2693 2575 2790 assignat
2639 2716 2950 2767 causam
3014 2691 3534 2780 intrinsecam,
3571 2699 3709 2822 {321¹
3731 2711 3886 2811 33:¹²3

2004 2832 2244 2907 quare
2301 2818 2679 2907 repugnat
2743 2807 2926 2883 huic
2989 2808 3253 2897 dividi,
3312 2818 3385 2884 et
3433 2809 3543 2882 illi
3573 2824 3890 2936 ⁸⁰¹i10⁰n⁶e⁸⁸'

2005 2951 2160 3001 non
2199 2926 2239 2999 ‘2
2300 2950 2478 3001 nam
2512 2950 2649 3025 per
2690 2926 2927 3000 dividi
2986 2949 3144 3000 non
3220 2925 3547 3001 solvitur

2003 3043 2361 3140 quaestio,
2407 3042 2589 3140 quia
2640 3043 2892 3117 solum
2946 3042 3389 3138 assignatur
3428 3066 3548 3118 ex-

2003 3162 2451 3237 trinsecum.
2491 3160 2571 3235 Si
2622 3160 2965 3258 assignet
3014 3183 3330 3237 causam
3378 3185 3548 3260 pro·

2000 3279 2314 3366 ximam,
2378 3277 2649 3376 probO,
2731 3278 2936 3377 quod
3018 3277 3149 3353 illa
3216 3302 3368 3352 non
3433 3288 3546 3353 est

2003 3397 2169 3469 sola
2197 3395 2533 3491 negati0‚
2571 3395 2927 3493 quianon
2991 3403 3370 3493 repugnat
3400 3395 3544 3470 sibi

2003 3512 2420 3587 intrinsece
2454 3511 2692 3585 dividi
2725 3512 2890 3585 sola
2936 3512 3347 3608 negatione
3385 3540 3401 3600 3
3439 3513 3548 3586 ni-

2005 3628 2111 3701 hil
2164 3627 2371 3702 enim
2449 3635 2829 3725 repugnat
2896 3628 3053 3703 enti
3109 3652 3247 3727 per
3303 3631 3542 3705 solam

2005 3745 2526 3841 negationem,
2557 3743 2679 3819 hic
2711 3744 2903 3842 lapis
2935 3754 3050 3820 est
3080 3768 3218 3820 ens
3255 3771 3270 3832 ;
3316 3747 3550 3844 igitur

2008 3885 2161 3934 non
2235 3868 2612 3959 repugnat
2643 3859 2786 3935 sibi
2866 3861 3100 3935 dividi
3183 3862 3257 3934 in
3328 3864 3551 3961 plura

2008 3978 2175 4053 sola
2200 3977 2637 4075 negatione.
2666 3976 2915 4074 Major
2932 3986 3167 4076 patet,
3206 3978 3390 4076 quia
3422 3990 3555 4056 aut

2009 4096 2085 4169 in
2130 4096 2275 4170 isto
2319 4104 2522 4185 ente,
2571 4103 2653 4167 ut
2714 4094 2994 4192 lapide,
3054 4095 3173 4170 vel
3225 4099 3548 4193 Ange10‚

2009 4222 2125 4288 est
2171 4211 2461 4308 aliquid
2533 4210 2977 4308 positivum,
3040 4213 3247 4309 quod
3299 4213 3555 4288 deter-

2012 4329 2253 4402 minat
2283 4327 2427 4402 sibi
2471 4327 2908 4402 necessario
2950 4327 3172 4401 istam
3219 4331 3554 4426 negatio-

2012 4469 2215 4532 nem,
2272 4452 2404 4518 aut
2449 4442 2671 4517 non?
2730 4443 2810 4517 Si
2865 4467 3050 4536 non,
3108 4444 3343 4542 igitur
3396 4471 3547 4521 non

2010 4560 2449 4635 necessario
2503 4559 2649 4633 sibi
2717 4558 2919 4633 inest
2980 4560 3126 4634 ista
3176 4564 3482 4659 negatio
3527 4593 3545 4657 ;

2012 4677 2251 4774 igitur
2321 4677 2490 4774 ejus
2575 4676 3013 4774 oppositum
3091 4677 3235 4751 sibi
3306 4690 3555 4778 potest

2013 4793 2266 4868 inesse
2301 4799 2680 4890 quantum
2713 4800 2829 4866 est
2867 4791 2959 4866 de
3002 4816 3112 4886 se,
3158 4793 3221 4868 si
3272 4805 3387 4869 est
3426 4798 3557 4871 ali-

2014 4912 2197 5010 quid
2276 4911 2721 5009 positivum‚
2821 4912 3027 5008 quod
3097 4912 3556 4991 determinat

2014 5028 2159 5103 sibi
2206 5028 2752 5125 negationem3
2810 5026 3045 5123 igitur
3102 5030 3397 5107 ratione
3473 5032 3557 5106 il-

2014 5146 2165 5220 lius
2187 5144 2494 5244 positivi
2529 5152 2907 5242 repugnat
2938 5144 3081 5219 sibi
3116 5149 3552 5246 oppositum

2015 5259 2224 5334 illius
2327 5257 2789 5357 negationiS,
2884 5257 3175 5335 scilicet
3250 5263 3501 5339 dividi
3532 5294 3558 5350 ,-

2019 5377 2222 5451 unde
2284 5377 2411 5451 ille
2443 5375 2665 5473 lapiS,
2712 5375 2855 5450 etsi
2886 5386 3088 5451 esset
3127 5377 3291 5454 sine
3320 5403 3558 5478 quan·

2019 5493 2257 5589 titate,
2292 5492 2357 5569 si
2417 5491 2696 5567 habeat
2761 5494 2910 5567 tale
2976 5495 3391 5591 positivum
3434 5498 3557 5574 in-

358 5607 659 5684 terialis
687 5604 851 5678 lzaec
884 5603 978 5677 ab
1008 5612 1280 5699 agente
1301 5605 1763 5705 inquantum
1797 5621 1911 5685 est
2023 5612 2472 5704 trinsecum,
2512 5610 2973 5685 determinat
3023 5611 3170 5687 sibi
3241 5639 3393 5689 non
3455 5617 3558 5691 di-

555 5759 689 5814 Tou.
728 5756 927 5814 xxm.

3342 5762 3372 5811 3
