4295 6326
609 393 739 460 350

612 558 821 632 omni
894 556 1157 632 habitu
1245 553 1831 654 principiorum,
1925 561 1997 626 et
2088 551 2153 626 si

611 685 879 773 postea
919 682 1280 749 causetur
1334 672 1578 769 major
1637 668 1906 743 notitia
1964 675 2156 742 sim-

611 793 957 891 plicium,
1040 792 1185 866 hoc
1270 813 1421 862 non
1515 797 1629 863 est
1711 811 1802 861 ex
1890 785 2153 860 habitu

614 909 1196 1008 principiorum,
1240 907 1375 983 sed
1406 930 1497 981 ex
1539 903 1939 979 intensiori
1982 926 2156 977 con-

614 1025 1077 1101 sideratione
1112 1024 1606 1122 simplicium,
1642 1022 1813 1096 ideo
1847 1020 2156 1094 habitus

612 1142 1168 1242 principiorum
1255 1150 1503 1239 potest
1577 1163 1745 1215 esse
1821 1159 2157 1233 sequens

608 1260 1064 1335 naturaliter
1139 1257 1785 1356 perfectissimum
1866 1264 2147 1331 actum.

612 1376 981 1451 Similiter
1057 1386 1172 1450 est
1239 1375 1316 1448 in
1399 1373 1895 1471 syllogismis,
1949 1370 2154 1469 quod

612 1495 830 1561 actus
889 1484 1492 1584 perfectissimus
1541 1491 1787 1580 potest
1862 1503 2160 1577 praece-

613 1604 795 1677 dere
838 1603 1211 1690 habitum,
1284 1613 1357 1676 et
1414 1598 1828 1696 aliquando
1883 1620 1974 1671 ex
2024 1596 2154 1669 illo

615 1729 1035 1817 generatur
1129 1718 1465 1810 habitus,
1572 1725 1646 1790 et
1737 1712 2154 1811 aliquando

619 1861 802 1910 non.

388 1953 493 2021 17.
717 1955 809 2026 Et
877 1952 1185 2050 quando
1252 1950 1620 2048 probatur
1685 1948 1762 2021 in
1813 1947 2154 2022 secundo

287 2068 422 2118 ‘Ad
455 2068 555 2132 Pri·
617 2071 938 2144 articulo
985 2068 1384 2167 principali
1455 2069 1502 2161 ⁶,
1574 2066 1774 2165 quod
1847 2066 2156 2140 habitus

299 2145 445 2182 mum
485 2145 565 2181 81·-

297 2209 552 2322 ἷξξὲΰὸεξ·
615 2187 1227 2285 supernaturalis
1295 2195 1410 2261 est
1508 2184 1880 2276 medians,
1973 2183 2159 2279 quia

314 2325 548 2384 etseqq·
614 2328 837 2403 aqere
908 2303 1431 2401 praesupponit
1496 2325 1683 2395 esse,
1728 2300 1896 2373 dico
1950 2299 2155 2396 quod

270 2385 587 2509 Αεῗιῗὲἕιῖἷ
616 2446 711 2497 an
757 2422 853 2495 sit
885 2421 987 2495 ibi
1031 2420 1339 2494 habitus
1380 2419 1472 2495 de
1508 2419 1731 2510 facte,
1788 2418 1902 2490 vel
1966 2440 2151 2508 non,

268 2521 903 2628 ⁹³⁸Z’112{?‘”11esci0,
951 2547 1203 2612 tamen
1258 2559 1410 2610 non
1463 2544 1577 2609 est
1639 2556 1955 2608 necesse
2016 2556 2159 2629 po-

616 2679 800 2730 nere
832 2653 932 2729 ibi
970 2653 1345 2747 habitum,
1418 2652 1601 2750 quia
1650 2675 1738 2725 ex
1773 2660 1984 2748 parte
2036 2674 2160 2724 su-

618 2771 933 2870 sceptivi
981 2793 1239 2845 assero
1284 2768 1485 2867 quod
1536 2768 1799 2841 nullus
1843 2766 2149 2840 mediat.

615 2888 836 2961 Unde
879 2886 1263 2984 loquendo
1306 2886 1398 2958 de
1453 2906 1703 2980 aqere,
1770 2882 1974 2979 quod
2043 2889 2160 2956 est

614 3017 830 3081 actus
861 3005 1274 3097 secundus,
1315 3003 1651 3077 concedo
1686 3002 1891 3098 quod
1933 3005 2156 3095 alfere

613 3121 1145 3222 praesupponit
1185 3144 1344 3195 esse
1377 3127 1703 3206 naturae,
1769 3117 2155 3216 loquendo

610 3241 702 3316 de
771 3262 993 3337 aqere
1059 3238 1150 3312 de
1219 3260 1499 3334 genere
1565 3235 1907 3310 Actionis
1971 3262 1988 3327 ;
2053 3235 2157 3308 lo-

615 3357 923 3456 quendo
967 3364 1220 3430 tamen
1263 3354 1355 3429 de
1416 3377 1640 3452 aqere
1688 3361 2157 3450 supernatu-

613 3474 783 3567 rali,
830 3471 1036 3570 quod
1070 3480 1183 3545 est
1213 3469 1539 3568 operari,
1581 3478 1655 3544 θῖ
1717 3492 1869 3543 non
1933 3489 2156 3565 ayere

612 3593 705 3666 de
749 3614 1027 3687 genere
1072 3589 1439 3677 Actionis,
1503 3588 1672 3662 dico
1733 3588 1938 3685 quod
1999 3610 2153 3660 non

613 3709 828 3808 prius
896 3706 1217 3805 requirit
1295 3730 1453 3781 esse
1535 3706 2152 3802 supernaturale,

616 3826 796 3923 quia
829 3834 1077 3923 potest
1107 3824 1182 3896 in
1236 3823 1821 3920 supernaturale
1881 3821 1960 3894 in
2013 3820 2159 3919 pri-

617 3970 740 4019 mo
774 3943 1116 4036 instanti,
1163 3942 1368 4040 quod
1406 3940 1634 4015 habet
1674 3964 1833 4014 esse
1882 3962 2160 4037 super-

617 4063 995 4153 naturale,
1032 4069 1107 4135 et
1137 4061 1282 4133 hoc
1323 4059 1611 4132 habent
1641 4057 1785 4154 ipsi
1840 4080 2153 4153 ponere,

266 4170 559 4296 Aggfgaffij
616 4180 747 4279 qui
779 4187 1078 4277 ponunt
1139 4176 1568 4273 inlelliqere
1636 4175 2001 4273 recipere.
2078 4175 2158 4248 Si

263 4298 586 4423 fflgffgggg
616 4297 819 4372 enim
854 4319 1010 4368 non
1042 4293 1482 4367 immediate
1525 4292 1598 4364 in
1646 4301 1921 4366 natura
1958 4302 2160 4367 esset

370 4420 489 4472 tale·
616 4414 957 4510 recipere
1070 4411 1399 4507 alicujus
1511 4409 2152 4507 supernaturaliS,

616 4539 818 4606 esset
871 4551 1279 4628 processus
1333 4526 1410 4598 in
1482 4523 1904 4619 infinitum,
1977 4526 2160 4624 quia

616 4656 791 4722 ante
825 4649 969 4720 hoc
1004 4655 1203 4720 esset
1229 4643 1419 4717 illud
1454 4643 1791 4740 recipere
1831 4643 2160 4739 alicujus

615 4761 1251 4861 supernaturalis,
1290 4770 1363 4834 et
1395 4769 1569 4834 ante
1614 4758 1799 4832 illud
1837 4759 2043 4834 aliud
2077 4759 2152 4833 in

616 4880 1036 4972 infinitum,
1080 4880 1200 4953 vel
1243 4878 1441 4952 sicut
1491 4876 1846 4971 dicimus,
1884 4901 2158 4974 super-

612 4999 964 5072 naturale
997 4997 1089 5072 de
1131 5018 1414 5093 genere
1463 4993 1894 5087 QualitatiS,
1951 4995 2156 5091 quod

612 5126 726 5190 θεῖ
776 5114 1109 5213 operari,
1182 5136 1336 5185 non
1394 5110 1924 5209 praesupponit
1999 5134 2157 5184 6336

609 5234 1220 5332 supernaturale.
1283 5231 1565 5303 Tamen
1630 5230 2014 5327 loquendo
2064 5228 2155 5303 de

609 5373 892 5448 genere
973 5348 1342 5435 ActioniS,
1417 5347 1621 5443 quod
1681 5355 1794 5421 est
1881 5346 2158 5421 elicere

611 5467 1163 5566 operationem,
1234 5463 1572 5538 concedo
1648 5464 1852 5561 quod
1931 5488 2157 5561 aqere

609 5585 1193 5686 supernaturale
1244 5583 1777 5682 praesupponit
1836 5583 2153 5657 sormam

2019 382 2261 450 LIBRI
2309 383 2430 451 111.

2264 554 2955 650 supernaturalem.
3005 551 3155 626 Sed
3197 561 3381 625 tunc
3433 548 3808 647 accipien-

2263 669 2358 743 do
2439 670 2840 760 minorem,
2912 671 3117 768 quod
3185 670 3447 744 videre
3516 676 3629 744 est
3698 668 3807 741 sic

2264 811 2518 884 agere,
2564 789 2839 863 falsum
2873 797 3012 882 est,
3077 787 3261 885 quia
3319 788 3588 861 videns
3650 809 3805 859 non

2264 905 2496 999 videt,
2541 907 2724 1003 quia
2765 906 2968 981 elicit
3008 905 3413 997 visionem,
3451 905 3583 978 sed
3626 902 3809 1000 quia

2264 1024 2558 1122 recipit,
2596 1023 2779 1121 quia
2818 1024 3223 1121 aequaliter
3255 1022 3574 1115 videret,
3629 1030 3702 1096 et
3742 1018 3806 1094 si

2265 1164 2419 1213 non
2458 1139 2792 1214 eliceret.
2878 1154 2887 1161 ·

2361 1256 2472 1329 Ad
2514 1255 2719 1330 aliud
2756 1263 3025 1328 contra
3079 1253 3298 1348 illud,
3361 1254 3530 1328 dico
3599 1254 3804 1351 quod
3841 1358 3916 1410 Ad
3958 1243 4063 1309 18·

3951 1371 4163 1407 secun-

2264 1396 2416 1446 non
2461 1372 2837 1469 sequitur,
2885 1371 3090 1469 quod
3132 1395 3226 1446 ex
3258 1371 3471 1469 puris
3502 1379 3806 1445 natura·
3836 1422 3984 1472 dum·
4015 1419 4164 1470 posi,

2264 1488 2465 1564 libus
2497 1488 2790 1562 videret
2844 1486 3252 1561 essentiam
3307 1486 3676 1580 divinam,
3742 1485 3803 1559 si
3862 1490 3915 1534 ²⁰
3938 1482 4131 1533 habitu

3836 1552 4160 1610 supernatu-

2262 1606 2700 1681 immediate
2734 1605 2975 1703 possit
3044 1604 3123 1677 in
3184 1606 3383 1679 hanc
3424 1604 3802 1679 visionem
3838 1610 4029 1723 {¹232
4054 1623 4161 1720 gg·

2262 1721 2430 1797 sine
2500 1722 2761 1798 habitu
2840 1721 3247 1814 mediante,
3318 1720 3472 1794 imo
3557 1721 3803 1816 magis
3833 1734 4163 1807 naturaliter

2262 1849 2719 1938 sequeretur
2741 1839 2945 1938 quod
2982 1839 3436 1913 naturaliter
3488 1847 3806 1912 natura·
3833 1803 4160 1909 ”midai-fu*

2260 1956 2469 2030 litate
2511 1965 2887 2031 creaturae
2933 1965 3216 2054 posset,
3255 1955 3318 2030 si
3388 1963 3805 2053 poneretur

2261 2072 2846 2169 habituS,quam
2878 2096 3060 2160 non,
3082 2072 3266 2170 quia
3294 2095 3549 2147 caecus
3584 2072 3808 2146 mira-

2262 2189 2521 2262 culose
2562 2186 3042 2262 illuminatus
3095 2197 3363 2284 postea
3419 2188 3809 2262 naturali-

2264 2312 2376 2379 ter
2408 2304 2611 2378 videt
2654 2332 2672 2398 3
2708 2304 2944 2400 igitur
2974 2305 3036 2378 si
3071 2304 3379 2379 habitus
3412 2304 3553 2378 iste
3604 2313 3809 2380 esset

2264 2422 2484 2496 datus
2597 2431 2971 2496 creaturae
3084 2422 3804 2519 supernaturaliter,

2264 2541 2515 2614 adhuc
2546 2550 2924 2633 creatura,
2958 2539 3338 2614 mediante
3372 2539 3503 2613 illo
3539 2538 3800 2613 habitu

2263 2666 2545 2749 creat0,
2593 2665 2851 2754 posset
2892 2655 3138 2729 Deum
3179 2655 3439 2731 videre
3483 2666 3801 2729 natura-

2264 2771 2459 2846 liter.
2507 2771 2654 2845 Sed
2689 2771 2751 2845 si
2805 2771 2973 2846 talis
3034 2770 3339 2845 habitus
3398 2795 3553 2843 non
3617 2795 3807 2845 con-

2264 2897 2535 2971 currat,
2583 2887 3057 2984 impossibile
3135 2895 3250 2960 est
3317 2887 3520 2985 quod
3598 2888 3808 2962 Deus

2261 3004 2613 3079 videatur
2724 3003 3175 3078 naturaliter
3267 3027 3311 3078 a
3423 3012 3800 3093 creatura,

2265 3121 2446 3218 quia
2476 3121 2669 3196 nihil
2722 3121 3087 3220 praecedit
3117 3121 3493 3197 visionem
3530 3122 3600 3196 in
3642 3122 3809 3220 ipsa

2265 3248 2639 3331 creatura,
2687 3239 2831 3313 nisi
2886 3238 3090 3337 quod
3154 3263 3310 3313 non
3370 3239 3653 3314 sufficit
3710 3240 3804 3315 ad

2266 3357 2436 3444 hoc,
2496 3356 2697 3454 quod
2740 3367 2911 3432 actu
2966 3357 3222 3432 videat
3279 3357 3526 3432 Deum
3570 3358 3806 3433 intui-

2263 3472 2441 3546 tive.
2492 3473 2757 3570 Neque
2812 3497 2986 3548 cum
3039 3483 3213 3547 actu
3269 3473 3474 3548 videt
3522 3475 3798 3564 Deum,
3832 3478 4153 3593 thllffgffuig·

2264 3589 2461 3664 videt
2510 3613 2684 3664 eum
2730 3614 2821 3665 ex
2876 3590 3356 3665 naturalibus
3398 3600 3798 3682 creaturae,
3896 3605 4088 3654 videre

2264 3730 2515 3803 neque
2545 3699 2635 3782 ex
2678 3731 2766 3782 eo
2801 3707 3004 3805 quod
3038 3717 3152 3782 est
3204 3709 3551 3782 naturale
3610 3708 3800 3801 Deo,
3834 3667 4127 3781 Ῑῖιῗῗζῗῑιὲῗῖ

2265 3821 2447 3918 quia
2478 3845 2633 3895 non
2676 3822 2880 3896 videt
2907 3821 3153 3895 Deum
3197 3822 3553 3897 intuitive
3608 3832 3805 3910 actu,
3899 3797 4094 3857 p'oete'

3915 3867 4092 3905 Silum-

2264 3939 2415 4014 nisi
2457 3964 2549 4015 ex
2623 3964 2999 4014 concursu
3065 3964 3320 4016 causae
3386 3942 3807 4038 superioris

2265 4058 2564 4154 agentis
2597 4068 2669 4133 et
2700 4057 3085 4132 inferioris
3126 4056 3221 4149 (si
3276 4068 3607 4155 ponatur
3669 4084 3811 4156 po-

2264 4175 2504 4249 tentia
2534 4174 2844 4267 activa),
2889 4184 2963 4248 et
3001 4174 3140 4248 iste
3193 4197 3618 4249 concursus
3669 4198 3811 4249 ne-

2267 4314 2416 4388 que
2449 4302 2563 4366 est
2590 4292 2963 4366 naturalis
2997 4291 3185 4384 De0,
3232 4314 3484 4389 neque
3518 4302 3811 4367 creatu-

2267 4433 2403 4485 rae.

2367 4536 2476 4609 Ad
2519 4536 2827 4610 tertium
2864 4534 3145 4610 ibidem
3191 4558 3362 4609 cum
3401 4535 3706 4629 dicitur,
3742 4535 3806 4610 si
3889 4535 4107 4649 Atguffif·

2267 4651 2699 4727 intellectus
2740 4659 2987 4750 potest
3033 4651 3472 4727 immediate
3516 4652 3801 4745 videre,

2268 4767 2501 4863 igitur
2578 4767 2739 4864 pari
2809 4766 3104 4842 ratione
3179 4769 3538 4842 voluntas
3594 4768 3802 4862 'frui,

2268 4883 2448 4981 quia
2488 4893 2745 4981 posset
2800 4886 3159 4959 voluntas
3210 4883 3470 4982 persici
3506 4909 3808 4974 summa

2270 5000 2624 5075 fruitione
2685 5000 2851 5075 sine
2931 4999 3299 5075 charitate
3364 5030 3382 5095 3
3465 5002 3806 5076 concedo

2264 5117 2466 5215 quod
2503 5117 2594 5192 de
2630 5118 2971 5215 potentia
3001 5116 3140 5192 Dei
3170 5118 3522 5193 absoluta
3564 5128 3811 5216 potest

2267 5257 2524 5309 creare
2581 5258 2962 5309 summam
3025 5234 3463 5309 fruitionem
3509 5235 3808 5310 creabi-

2264 5352 2414 5425 lem
2450 5359 2523 5425 et
2552 5351 2872 5447 gratiam
2924 5379 2941 5443 3
2982 5374 3132 5424 non
3182 5350 3386 5425 enim
3445 5352 3808 5448 alligatur

2267 5464 2605 5562 potentia
2636 5487 2777 5537 sua
2827 5464 2969 5536 hoc
3034 5463 3308 5557 medio,
3368 5474 3617 5540 tamen
3673 5463 3771 5538 ali

2267 5592 2381 5657 ter
2412 5581 2836 5657 facitDeus
2886 5582 2978 5656 de
3030 5582 3370 5679 potentia
3420 5582 3798 5657 ordinata.
