4295 6326
740 410 827 486 60·
2159 415 2399 485 LIBRI
2446 416 2532 486 11.

745 600 1033 663 motum
1069 590 1343 685 Lunae,
1381 591 1564 687 quia
1595 589 1793 663 sicut
1832 588 2051 661 Luna
2082 587 2159 659 in
2186 586 2293 657 vi·

742 706 949 800 genti
984 730 1115 780 sex
1153 706 1363 781 horis
1396 706 1725 803 complet
1755 711 2180 795 cursun1‚et
2214 702 2287 773 in

744 822 1223 920 aliquantulo
1283 823 1565 915 minuS,
1613 822 1722 897 sic
1778 843 1987 895 mare
2046 820 2290 893 Ocea-

745 964 932 1015 num
976 941 1432 1037 regulariter
1471 950 1846 1038 quantum
1890 949 2005 1014 est
2049 962 2141 1013 ex
2175 961 2284 1029 se,

748 1059 932 1154 quia
964 1082 1269 1157 semper
1310 1058 1592 1156 aliquis
1643 1069 1894 1132 tumor
1954 1056 2030 1129 in
2098 1055 2289 1129 mari

747 1179 1293 1275 correspondet
1326 1185 1586 1252 centro
1629 1177 1901 1269 Lunae,
1948 1174 2051 1249 ita
2084 1173 2291 1271 quod

748 1316 883 1391 per
923 1292 1203 1368 lineam
1275 1293 1992 1393 perpendicularem
2050 1314 2291 1389 oppo-

677 1410 681 1414 ’
745 1410 982 1503 nitur,
1055 1423 1128 1485 et
1196 1435 1500 1509 semper
1571 1420 1779 1486 tenet
1854 1433 1935 1485 se
2024 1418 2292 1482 contra

748 1537 1099 1602 centrum
1162 1527 1431 1622 Lunae,
1480 1528 1583 1602 ita
1649 1527 1853 1625 quod
1927 1548 2131 1600 mare
2178 1533 2291 1599 est

744 1644 849 1717 ibi
890 1644 1196 1741 majoris
1221 1646 1702 1733 elevationis,
1739 1654 1811 1719 et
1839 1654 2020 1719 tunc
2053 1642 2292 1718 currit

744 1762 1198 1836 naturaliter
1240 1764 1330 1838 ad
1384 1765 1637 1838 locum
1681 1761 2147 1836 inferiorem.
2202 1761 2284 1833 In

745 1878 932 1954 locis
974 1880 1430 1954 Borealibus
1471 1889 1585 1954 est
1652 1878 1863 1977 prior
1929 1877 2284 1970 elevatio,

742 2008 817 2072 et
856 2007 1039 2073 ωηο
1071 2022 1273 2096 aqua
1302 1998 1557 2072 refluit
1598 1998 1691 2072 ad
1734 1999 1988 2071 locum
2032 1996 2291 2070 humi-

747 2116 1045 2189 liorem.
1095 2116 1259 2189 Hoc
1314 2126 1568 2191 tamen
1615 2138 1766 2188 non
1830 2113 1933 2189 ita
1992 2112 2289 2186 unifor-

745 2231 968 2306 miter
1044 2241 1363 2329 apparet
1452 2231 1530 2304 in
1610 2229 1948 2304 brachiis
2024 2228 2285 2323 mariS,

745 2348 926 2447 quia
966 2357 1280 2446 propter
1319 2348 1913 2423 strictitudinem
1959 2347 2101 2420 loci
2145 2347 2288 2419 im-

744 2467 1071 2565 peditur,
1111 2490 1207 2541 ne
1251 2466 1490 2565 possit
1555 2489 1721 2541 esse
1770 2466 1879 2540 sic
1913 2464 2290 2561 regularis

747 2582 1002 2659 fluxus
1026 2594 1100 2660 et
1132 2581 1499 2659 refluxus.
2181 2580 2184 2583 ’

396 2717 455 2767 10
482 2716 717 2768 brachii·
846 2698 995 2773 Sed
1029 2723 1202 2798 qum
1237 2722 1471 2773 causa
1512 2706 1625 2772 est
1656 2720 1893 2796 quare
1927 2706 2103 2772 sunt
2136 2697 2289 2771 duo

397 2782 558 2833 maris
590 2783 691 2833 ssu-

392 2850 693 2899 xusezre.
750 2814 1031 2908 fluxus,
1121 2824 1530 2914 autequam
1609 2814 1830 2888 Luna
1911 2815 2293 2911 compleat
2375 2892 2386 2906 ,

398 2908 716 3021 ῧζῗςᾎῗὲξζῗ
752 2931 1200 3006 universum
1281 2928 1655 3004 cursum?
1692 2929 1977 3002 Dicunt
2052 2928 2290 3025 aliqui

397 3033 723 3161 Qfflsszffissffl
749 3047 1186 3122 Astronomi
1229 3047 1432 3145 quod
1463 3045 1873 3120 dividenda
1936 3055 2051 3119 est
2091 3068 2293 3142 aqua

394 3160 698 3279 Πῦᾗῗξαξξΐ
753 3191 888 3264 per
920 3174 1261 3263 quartas,
1306 3174 1381 3239 et
1410 3162 1630 3238 Luna
1665 3163 1895 3237 habet
1934 3161 2292 3238 eumdem

749 3284 983 3359 situm
1031 3283 1107 3357 in
1155 3307 1308 3358 una
1340 3292 1637 3381 quarta,
1684 3290 1757 3355 et
1797 3281 1873 3353 in
1942 3281 2294 3379 opposita

748 3412 1048 3500 quarta,
1133 3399 1316 3498 quia
1402 3399 1477 3472 in
1561 3422 1717 3473 una
1791 3397 2295 3496 semisphaera

748 3519 996 3618 primo
1031 3517 1328 3616 projicit
1382 3517 1635 3590 radios
1678 3539 1831 3589 non
1875 3515 2292 3614 perpendi-

746 3638 1073 3725 culareS‚
1123 3645 1197 3709 et
1237 3643 1525 3732 quanto
1577 3631 1822 3728 magis
1863 3631 2156 3705 accedit
2195 3632 2291 3706 ad

748 3751 1667 3852 perpendicularitatem,'
1731 3757 1942 3823 tanto
2049 3749 2292 3844 magis

749 3888 957 3946 mare
994 3873 1243 3947 elevat
1274 3894 1384 3963 se,
1429 3879 1504 3943 et
1530 3878 1713 3943 tunc
1747 3867 2051 3966 ponunt
2084 3865 2291 3965 quod

746 4014 885 4090 per
952 3990 1205 4064 radios
1276 3987 1601 4063 reflexos
1683 3980 2088 4061 'causatur'
2150 3986 2295 4059 ista

750 4107 1077 4185 elevatio
1123 4107 1199 4180 in
1263 4129 1419 4180 una
1473 4113 1773 4203 quarta,
1809 4115 1881 4179 et
1922 4101 2293 4201 in''oppo·

749 4225 895 4302 sita
979 4235 1248 4323 quarta
1326 4247 1463 4323 per
1530 4222 1786 4298 radios
1879 4219 2295 4320 perpendi-

749 4345 1075 4419 culares.

545 4440 610 4510 4·
744 4501 747 4502 ⁷
849 4460 1235 4553 Secundo,
1282 4458 1451 4532 dico
1494 4457 1699 4556 quod
1732 4457 1973 4531 stellae
2009 4455 2295 4530 habent

431 4560 719 4674 ffffiniffl'
751 4580 1129 4655 actionem
1244 4577 1319 4649 in
1428 4575 2002 4674 impressioneS,
2112 4573 2296 4671 quia

397 4689 716 4752 Pse⁸⁸⁵⁰⁰0³·
751 4717 1022 4768 omnes
1073 4715 1402 4790 vapores
1460 4693 1860 4766 elevantur
1904 4715 2040 4788 per
2088 4691 2295 4764 calo-

752 4789 914 4885 rem
959 4811 1563 4908 incorporatum,
1601 4819 1674 4881 et
1720 4808 2007 4883 habent
2038 4805 2293 4881 varios

752 4936 1006 5001 motus
1060 4926 1489 5001 secundum
1529 4924 1975 4999 varietatem
2046 4924 2296 4998 stella-

748 5069 949 5132 rum,
996 5045 1279 5143 quibus
1310 5043 1949 5143 appropriantur3
1996 5053 2070 5117 et
2110 5051 2294 5116 tunc

748 5164 810 5239 si
845 5172 1055 5237 tanta
1113 5163 1209 5236 sit
1278 5162 1520 5236 virtus
1588 5162 1986 5258 impressa,
2051 5160 2297 5235 elevat

747 5281 1001 5380 ipsum
1060 5280 1150 5353 ad
1195 5280 1420 5355 talem
1480 5279 1779 5371 locum‘3
1826 5277 1889 5352 si
1949 5287 2160 5352 tanta
2200 5271 2297 5348 sit

751 5399 995 5472 virtus
1046 5395 1536 5494 impedientis
1596 5395 1671 5468 in
1705 5395 1835 5469 tali
1879 5395 2060 5488 situ,
2107 5416 2297 5468 cau-

751 5527 965 5592 satur
1001 5515 1177 5590 talis
1211 5512 1639 5612 impressio,
2114 5513 2117 5514 ⁷

389 5598 545 5650 Solus
574 5600 688 5651 Au·
928 5632 941 5647 .
1150 5631 1163 5645 .
1231 5632 1243 5645 .
1828 5630 1840 5644 .
2092 5630 2104 5643 .
2230 5629 2245 5642 .

851 5634 1107 5729 DiceS‚
1145 5642 1378 5731 1g1tur
1407 5634 1844 5708 Astronom1
1886 5654 2036 5705 non
2077 5629 2294 5729 Judi-

387 5664 541 5731 gelus
561 5664 714 5719 novit

2404 601 2580 664 cant
2612 592 2817 687 quod
2851 591 3076 666 debet
3108 615 3275 667 esse
3310 591 3572 690 pluvia
3602 600 3676 665 et
3707 612 3943 686 quan·
3972 620 4118 690 ωηο
4148 628 4254 665 mu-

2401 714 2478 778 ta
2517 715 2591 779 et
2632 706 2704 778 in
2752 730 2904 804 qua
2945 707 3284 801 regione.
3332 708 3519 781 Dico
3562 705 3763 803 quod
3809 704 3938 801 qui
3972 681 4274 801 ξξὲξῖξῗῑῖῗξ

2403 822 2621 898 scitet
2705 824 3257 921 speculativam
3339 833 3412 898 et
3498 822 3937 922 practicam,
4014 804 4221 868 ¹³¹⁰V¹²¹³·

2403 939 2729 1036 perfecte
2763 951 3019 1036 posset
3063 942 3204 1013 hoc
3256 940 3632 1036 judicare,
3679 940 3942 1011 nullus

2404 1067 2654 1131 tamen
2693 1059 2835 1131 hoe
2887 1058 3051 1131 scit.
3106 1058 3251 1131 Sed
3323 1058 3647 1155 quilibet
3687 1060 3944 1152 Ange-

2401 1175 2521 1249 lus
2581 1176 2794 1249 novit
2863 1175 3342 1268 naturaliter,
3416 1174 3726 1272 quando
3802 1174 3945 1248 erit

2400 1291 2663 1388 pluvia
2709 1301 2781 1364 et
2824 1303 3112 1389 quanta
3152 1303 3226 1366 et
3265 1291 3338 1364 in
3388 1315 3541 1389 qua
3599 1290 3938 1385 regione,

2401 1410 2583 1506 quia
2623 1410 2836 1483 novit
2900 1410 3029 1484 uhi
3064 1419 3469 1484 concurret
3503 1412 3645 1482 tale
3699 1409 3943 1506 impe·
4120 1461 4140 1491 .

2402 1525 2648 1620 diens,
2744 1549 2835 1600 ex
2911 1549 3064 1622 qua
3155 1527 3437 1600 virtute
3529 1533 3944 1620 generatur

2398 1646 2696 1716 ventus
2740 1642 2833 1715 ad
2904 1642 3394 1717 deferendam
3488 1641 3770 1714 nubem
3846 1640 3938 1713 ad

2401 1770 2685 1834 tantam
2743 1761 3211 1854 distantiam,
3274 1761 3417 1835 nisi
3482 1759 3943 1858 impediatur

2397 1906 2535 1980 per
2604 1882 3088 1977 miraculum,
3144 1883 3327 1979 quia
3393 1882 3937 1955 miraculorum

2399 2023 2552 2073 non
2589 1999 2817 2074 habet
2848 1999 3192 2074 notitiam
3231 2000 3686 2073 naturalem.

2492 2115 2768 2203 Terti0‚
2821 2116 2990 2190 dico
3033 2116 3236 2213 quod
3278 2126 3485 2190 astra
3551 2126 3791 2212 agunt
3859 2116 3934 2188 in
3967 2107 4268 2207 Α’Ἦωῗ

2401 2232 2646 2305 mixta
2674 2232 3122 2319 inanimata,
3172 2241 3253 2305 ut
3292 2232 3736 2329 generando
3809 2230 3940 2304 mi-

2399 2372 2653 2442 neraS‚
2690 2349 2764 2421 in
2803 2348 2932 2422 tali
2968 2348 3281 2445 regione
3325 2373 3628 2443 aurum,
3678 2348 3753 2422 in
3788 2350 3941 2422 alia

2399 2476 2833 2563 argentum,
2908 2468 3129 2564 cujus
3188 2492 3421 2542 causa
3497 2472 3647 2541 non
3693 2476 3942 2565 potest

2399 2608 2566 2659 esse
2616 2592 2819 2658 terra
2873 2592 3197 2674 tantum,
3261 2607 3401 2658 nec
3445 2584 3704 2682 aliqua
3758 2584 3934 2678 alia,

2401 2699 2549 2773 nisi
2582 2724 2904 2798 corpora
2934 2701 3300 2776 coelestia.

2933 2955 3298 3013 SCHOLIUM
3334 2956 3405 3013 11.

2471 3117 2645 3171 Astra
2693 3120 2873 3189 agunt
2925 3116 2981 3172 in
3036 3117 3293 3172 animala
3331 3120 3387 3173 et
3436 3116 3735 3185 animalia,
3771 3132 3949 3190 gene-

2399 3207 2579 3263 rando
2612 3206 2927 3277 qualitales
2960 3208 3372 3263 convenientes
3401 3206 3486 3264 vel
3513 3207 3951 3264 disconvenien-

2398 3302 2485 3352 tes
2527 3296 2611 3352 eis
2645 3314 2659 3363 ;
2694 3296 2830 3352 ilem
2864 3295 2922 3351 in
2957 3295 3315 3353 intellectum
3369 3297 3659 3354 mediante
3706 3314 3949 3368 orgarm,

2401 3387 2554 3443 unde
2584 3389 2850 3442 Lunalz'ci
2876 3387 3012 3442 dieti
3052 3404 3064 3452 ;
3107 3404 3405 3459 nunquam
3459 3393 3653 3444 tamen
3697 3391 3955 3444 necessi-

2402 3481 2531 3532 tant
2577 3475 2952 3532 voluntatem.
2993 3476 3136 3532 Vide
3179 3477 3533 3534 Conimbric.
3575 3482 3629 3532 2.
3676 3479 3746 3534 de
3777 3479 3952 3546 Coelo,

2399 3582 2531 3643 cap.
2560 3567 2612 3622 3.
2647 3583 2704 3638 q.
2731 3567 2786 3620 9.
2818 3568 2899 3646 Ad
2937 3566 3040 3623 ult.
3077 3568 3228 3638 quod
3263 3573 3416 3623 astra
3447 3574 3627 3640 agunt
3678 3585 3775 3639 per
3816 3586 3952 3626 suas

2401 3656 2619 3712 formas
2649 3657 3062 3713 substantiales
3091 3662 3147 3712 et
3177 3657 3583 3724 accidentales
3618 3664 3672 3714 et
3705 3675 3813 3714 non
3850 3678 3953 3732 per

2403 3751 2651 3814 motum,
2687 3748 2840 3803 unde
2880 3748 3023 3804 coelo
3056 3752 3252 3804 stante
3281 3755 3536 3820 agerent.
3597 3751 3696 3807 Est
3746 3760 3951 3809 contra

2403 3837 2467 3893 D.
2501 3837 2712 3893 Thom.
2746 3854 2799 3909 q.
2832 3839 2887 3892 5.
2922 3855 2974 3893 a.
3007 3839 3059 3893 8.
3095 3840 3164 3893 de
3193 3839 3469 3912 potentia,
3516 3840 3586 3895 de
3644 3857 3755 3913 quo
3801 3841 3946 3898 Doc-

2400 3933 2491 3984 tor
2521 3928 2576 3984 in
2609 3927 2788 3985 Oxou.
2814 3930 2868 3984 4.
2901 3930 2959 3983 d.
2996 3929 3081 3984 4¹0.
3116 3946 3171 4000 q.
3207 3931 3258 3984 4.

2499 4107 2812 4201 Quarto,
2847 4107 3015 4182 (lico
3058 4107 3264 4204 quod
3319 4118 3558 4204 agunt
3599 4108 3671 4181 in
3735 4111 3949 4206 plan-

2400 4235 2543 4314 ωε,
2590 4224 2663 4297 ἰη
2708 4223 3100 4317 animalia,
3140 4233 3213 4298 et
3262 4224 3337 4297 in
3377 4225 3727 4299 homines
3768 4228 3947 4302 alte-

2403 4342 2672 4435 rand0‚
2744 4350 2818 4416 et
2885 4341 3054 4415 ideo
3139 4351 3463 4438 possunt
3547 4342 3944 4420 intendere

2402 4460 2845 4556 qualitatem
2923 4459 3508 4534 convenientem
3594 4460 3722 4533 uni
3808 4485 3945 4535 ex-

2400 4586 2674 4670 tremo,
2712 4578 2831 4650 vel
2905 4577 3372 4670 excedendo,
3431 4578 3548 4650 vel
3584 4576 3944 4652 deficien-

2400 4694 2540 4789 do‚'
2571 4697 2691 4770 vel
2735 4704 3085 4792 respectu
3119 4695 3434 4769 alterius
3474 4699 3820 4772 extremi.
3851 4701 3943 4773 Et
3976 4678 4277 4804 {ssffi'ffig

2402 4813 2509 4887 sic
2551 4820 2872 4911 possunt
2930 4810 3335 4908 disponere
3400 4823 3774 4909 quantum
3845 4816 3941 4889 ad
3981 4812 4277 4922 ωῗζξῦἶξζ

2403 4929 2804 5003 sanitatem
2840 4937 2912 5002 et
2953 4927 3525 5022 mgritudinem,
3576 4938 3656 5003 ut
3688 4954 3943 5027 quan-

2401 5037 2570 5119 tum'
2635 5045 2727 5119 ad
2818 5044 3393 5142 proportionem
3492 5047 3939 5142 humorum,

2403 5161 2623 5235 etsie
2680 5169 3007 5258 possunt
3064 5163 3387 5236 alterare
3453 5186 3733 5260 corpus
3775 5165 3949 5239 ani-

2407 5288 2724 5372 matum,
2752 5278 2855 5352 ita
2885 5287 2969 5352 ut
2995 5279 3089 5352 sit
3122 5279 3601 5377 indispositio
3630 5281 3940 5377 animm,

2403 5393 2490 5469 et'
2520 5405 2697 5469 tunc
2739 5394 3014 5469 accidit
3064 5420 3293 5470 mors.
3336 5397 3669 5472 Possunt
3710 5399 3942 5473 etiam

2405 5536 2632 5609 agere
2667 5513 2742 5585 in
2779 5537 3095 5607 organa,
3124 5514 3592 5588 intendendo
3626 5517 3952 5613 qualita-

2402 5639 2556 5705 tem
2600 5631 2694 5705 ad
2735 5629 3055 5729 gradum
3091 5631 3457 5721 debitum,
3505 5634 3625 5708 vel
3678 5632 3954 5711 remit-

4139 4131 4214 4195 ’ΦΣ
