4295 6326
492 1971 599 2037 13.

726 376 855 444 594

728 545 926 620 sicut
978 547 1069 622 ad
1114 550 1701 646 praecedentem,
1747 549 1948 647 quod
1995 571 2275 644 quous·

726 687 874 761 que
909 665 1490 742 Sacramentum
1528 668 1893 766 Baptismi
1943 668 2076 740 fuit
2110 691 2278 763 pro-

731 784 1184 878 mulgatum,
1267 809 1421 858 non
1507 785 1909 859 tenebatur
1994 782 2274 879 aliquis

727 897 817 968 ad
883 898 1068 972 illud
1139 900 1717 997 suscipiendum
1793 899 2037 994 magis
2108 909 2275 997 post

728 1015 1159 1110 passionem
1230 1041 1457 1114 quam
1551 1028 1752 1106 ante,
1861 1041 2001 1091 nec
2108 1025 2277 1113 post

727 1133 894 1228 ejus
1002 1135 1606 1232 divulgationem
1702 1161 1837 1234 per
1960 1136 2272 1208 modum

727 1249 1058 1344 consilii,
1119 1253 1524 1326 tenebatur
1584 1252 1759 1350 quis
1820 1251 2273 1326 necessitate

727 1365 1078 1441 absoluta
1132 1368 1222 1441 ad
1259 1368 1972 1461 Circumcisionem,
2021 1390 2273 1464 neque

727 1484 819 1556 ad
857 1484 1361 1582 Baptismum,
1408 1486 1539 1560 sed
1574 1487 1717 1559 sub
1759 1485 2272 1582 disjunctione

727 1601 821 1673 ad
857 1601 1106 1695 istam,
1151 1605 1269 1676 vel
1313 1604 1405 1677 ad
1439 1603 1946 1701 Baptismum,
1985 1627 2275 1701 quous-

728 1740 877 1813 que
977 1742 1216 1792 unum
1312 1720 1634 1794 istorum
1739 1744 1877 1817 per
1960 1719 2269 1793 modum

730 1835 1083 1932 praecepti
1145 1836 1697 1933 divulgaretur.

747 2040 750 2042 Α
829 1950 1046 2037 Quod
1090 1951 1316 2025 etiam
1373 1952 1676 2046 dicitur,
1736 1950 2272 2025 Circumcisio·

733 2089 907 2141 nem
997 2090 1163 2142 esse
1249 2069 1686 2166 pestiferam
1770 2079 1842 2142 et
1930 2068 2271 2141 illicitam

733 2190 901 2279 post.
941 2192 1263 2255 mortem
1333 2181 1641 2275 Christi,
1686 2193 1760 2255 et
1791 2182 2269 2277 Baptismum

732 2299 1329 2395 promulgatum,
1375 2298 1677 2372 videtur
1718 2308 1975 2395 aperte
2010 2307 2275 2370 contra

728 2415 1203 2512 Scripturam
1260 2426 1628 2488 sanctam.
1698 2415 2021 2487 Paulum
2066 2414 2272 2487 enim

728 2530 1275 2604 circumcidere
1328 2532 1809 2605 Timotheum
1862 2531 2268 2627 patetAcl.

728 2649 797 2720 4.
872 2658 944 2722 et
1036 2658 1287 2722 tamen
1374 2649 1558 2722 satis
1646 2657 2112 2745 praeceptum
2182 2646 2272 2721 de

726 2763 1119 2861 Baptismo
1163 2763 1301 2837 fuit
1341 2764 1938 2860 promulgatum.

825 2880 1052 2954 Dices
1085 2880 1288 2978 quod
1324 2882 1466 2953 hoc
1503 2880 1675 2954 lecit
1717 2891 2023 2978 propter
2064 2903 2277 2953 scan-

728 2997 988 3071 dalum
1070 2997 1517 3072 Judaeorum
1625 2997 2049 3088 vitandum,
2141 2997 2274 3092 qui

730 3115 1075 3190 nondum
1144 3124 1360 3189 erant
1403 3115 1475 3187 in
1542 3113 1687 3187 fide
1758 3111 2064 3188 firmati.
2114 3113 2277 3189 Hoc

732 3233 922 3306 nihil
1011 3241 1152 3326 est,
1242 3233 1450 3330 quia,
1528 3243 1607 3306 ut
1677 3231 2001 3305 hahetur
2066 3243 2278 3305 extra

730 3350 822 3423 (le
934 3373 1092 3446 reg.
1221 3349 1385 3423 Jur.
1472 3348 1740 3422 utilius
1824 3347 2275 3422 scandalum

717 3466 1216 3564 permittitur,
1332 3490 1559 3564 quam
1658 3466 1936 3539 veritas
2023 3473 2279 3540 tacea-

726 3592 876 3659 tur.

824 3697 1037 3784 Item,
1108 3696 1298 3770 illud
1367 3697 1814 3770 scandalum
1884 3706 1998 3770 est
2063 3722 2277 3772 scan-

724 3812 981 3886 dalum
1045 3812 1647 3904 Pharisaeorum,
1707 3813 1799 3887 de
1855 3836 2008 3909 quo
2068 3815 2276 3889 dixe-

722 3943 902 4006 runt
981 3931 1337 4029 discipuli
1407 3932 1499 4004 ad
1542 3931 1957 4025 Christum,
1994 3934 2266 4008 Matth.

723 4050 838 4122 15.
875 4050 1146 4126 Nescis
1179 4049 1384 4148 quod
1410 4048 1805 4121 Pharisaei
1832 4050 2090 4123 audito
2132 4052 2272 4126 leoc

717 4168 944 4243 verbo
983 4168 1498 4243 scandalizati
1522 4175 1721 4250 stent,
1765 4178 1836 4240 et
1888 4168 2050 4265 ipse
2116 4194 2272 4243 res-

721 4286 1012 4383 pondit,
1064 4286 1292 4359 sinite
1334 4309 1479 4370 608,
1522 4285 1710 4357 caeci
1744 4291 1941 4369 sunt,
1985 4296 2125 4359 etc.
2199 4298 2268 4360 et

720 4403 1092 4501 sequitur,
1142 4402 1521 4500 plantatio
1577 4426 1805 4499 quam
1848 4426 1998 4476 non
2048 4403 2273 4501 plan·

720 4518 907 4592 tavit
951 4518 1192 4593 Pater
1250 4541 1485 4600 mecca,
1528 4515 2047 4590 eradicabitur
2086 4518 2271 4613 quia

720 4634 1170 4709 scandalum
1232 4632 1416 4705 illud
1499 4631 1638 4705 fuit
1704 4632 1795 4705 de
1847 4657 2076 4730 opere
2127 4634 2270 4708 ho-

724 4775 874 4843 1103
914 4772 1097 4845 ergo
1140 4748 1203 4822 si
1270 4758 1446 4820 tunc
1512 4746 2062 4822 circumcidere
2131 4750 2269 4822 fuit

726 4866 1163 4963 pestiferum
1201 4874 1274 4938 ct
1309 4865 1621 4953 malum,
1660 4865 2010 4961 sequitur
2060 4868 2264 4961 quod

722 4992 1031 5080 propter
1077 4982 1376 5055 nullum
1438 4979 1884 5053 scandalum
1956 4981 2268 5055 deberet

723 5097 916 5191 fieri,
984 5122 1122 5172 nec
1180 5105 1426 5195 potest
1493 5094 1655 5170 fieri
1718 5096 1881 5170 sine
1956 5107 2264 5194 peccato

726 5216 1053 5289 mortali.

823 5333 902 5406 Si
972 5333 1209 5425 dicas,
1281 5331 1485 5428 quod
1550 5333 2053 5428 Evangelium
2113 5359 2260 5407 non

727 5450 866 5524 fuit
949 5460 1127 5522 tunc
1204 5448 1571 5546 temporis
1658 5451 2260 5547 promulgatum,

726 5568 869 5641 hoc
903 5568 1148 5664 primo
1186 5576 1298 5641 est
1339 5576 1604 5641 contra
1683 5577 1965 5641 textum
2037 5572 2264 5667 plane

2102 374 2341 442 LIBRI
2392 373 2510 443 lv.

2383 547 2458 619 in
2498 547 2812 621 Actibus
2845 549 3411 645 Apostolorum,
3457 556 3535 621 ut
3571 556 3771 644 patet
3808 546 3933 619 in-

2390 665 2664 738 tuenu.

2482 782 2666 856 Item
2701 783 3069 875 secundo,
3116 793 3522 879 postquam
3592 783 3931 856 circum-

2384 896 2666 970 ciderat
2696 898 3206 987 Timotheum,
3259 898 3601 972 ascendit
3634 898 3930 972 Paulus

2379 1014 2963 1112 Jerosolymam,
3001 1027 3070 1088 et
3114 1015 3550 1113 purificavit
3582 1040 3663 1089 sc
3707 1040 3933 1090 exer-

2383 1131 2624 1205 cendo
2668 1132 2743 1205 in
2779 1156 2859 1206 se
2920 1158 3116 1231 opus
3179 1134 3395 1228 legis,
3470 1133 3700 1206 etiam
3759 1142 3934 1231 post

2386 1249 2886 1344 Evangelium
3011 1251 3618 1346 promulgatum,
3745 1250 3933 1345 quia

2385 1370 2551 1458 post
2596 1361 2897 1434 tertium
2960 1361 3390 1434 Concilium
3454 1360 3929 1435 celebratum

2384 1477 2583 1548 inter
2611 1479 3044 1574 Apostolos.
3087 1476 3304 1550 Unde
3356 1477 3545 1549 dixit
3583 1476 3871 1550 Jacobo
3907 1500 3923 1550 :

2401 1594 2616 1668 Vides
2695 1602 2873 1692 quot
2929 1594 3183 1669 millia
3247 1595 3646 1669 homimem
3735 1595 3936 1692 facti

2378 1719 2555 1783 ,ςαηι
2591 1710 3079 1786 aemulatores
3114 1710 3339 1807 leffe-5,
3391 1718 3462 1785 el
3499 1709 3775 1784 obtulit
3807 1712 3928 1807 ip-

2378 1835 2615 1900 semet
2679 1826 3200 1924 Sacrificium.
3298 1828 3467 1900 Non
3574 1828 3927 1901 obstante

2382 1968 2563 2039 ergo
2633 1944 2836 2042 quod
2906 1944 3410 2040 Evangelium
3472 1952 3634 2018 erat
3709 1945 3925 2042 prius

2383 2064 2979 2158 promulgatum,
3018 2061 3269 2135 adhuc
3311 2062 3649 2136 exercuit
3719 2061 3790 2133 in
3840 2085 3924 2135 se

2380 2179 2556 2252 etin
2591 2179 2761 2252 aliis
2802 2202 2997 2276 opus
3026 2179 3241 2274 legis.

2480 2296 2627 2370 Sed
2683 2296 2891 2370 dices
2941 2295 3144 2393 quod
3188 2296 3534 2393 peccavit
3579 2298 3926 2372 mortali-
4072 2318 4169 2384 14,

2388 2423 2520 2497 ter,
2582 2413 2760 2508 quia
2822 2412 2983 2509 ipsc
3035 2413 3527 2510 reprehendit
3604 2414 3915 2487 Petrum
4003 2433 4221 2506 nima-1³2

2382 2538 2779 2624 cogentem
2861 2529 3052 2602 alios
3092 2528 3517 2625 judaizare,
3574 2530 3758 2626 quia
3798 2553 3922 2605 re-
3987 2499 4221 2632 ‘’biiiiff'

2385 2643 2926 2740 prehensibilis
2995 2654 3156 2717 erat
3222 2646 3650 2719 secundum
3732 2646 3927 2720 Pau·
3977 2630 4238 2734 υξζῖῗζζξῑ

2384 2760 2539 2831 lum
2571 2759 2674 2832 ad
2712 2757 2878 2832 Gal.
2917 2760 2984 2829 2.
3022 2769 3272 2833 tamen
3309 2761 3472 2857 ipse
3505 2760 3927 2857 judaizavit
3984 2747 4232 2862 ηῐζξξζζῗξ,

2383 2875 2862 2974 purificando
2905 2901 3013 2968 se,
3070 2887 3142 2949 et
3192 2876 3583 2952 offerendo
3632 2878 3930 2954 sacrifi-

2384 2994 2528 3081 cia,
2573 3003 2646 3067 et
2686 2993 2915 3067 etiam
2985 2993 3612 3070 circumcidendo
3671 2997 3930 3071 Timo-

2384 3112 2676 3203 theum,
2725 3134 2864 3184 nec
2898 3120 3306 3185 excusatur
3338 3113 3557 3209 quasi
3617 3112 3931 3189 vitasset

2384 3229 2831 3302 scandalum
2927 3228 3407 3322 Judae01·um‚
3508 3230 3692 3326 quia
3769 3256 3924 3305 non

2384 3347 2732 3420 obstante
2808 3346 3168 3419 scandalo
3247 3371 3511 3420 eorum
3591 3348 3666 3420 in
3737 3348 3928 3422 facie

2385 3463 2656 3537 restitit
2727 3462 2980 3554 Petr0,
3036 3463 3165 3558 qui
3248 3463 3419 3537 fecit
3478 3487 3608 3536 eos
3662 3464 3932 3561 judai-

2381 3605 2580 3655 zare.

2482 3698 2965 3794 RespondQO,
3039 3699 3235 3772 sicut
3306 3710 3483 3773 tunc
3562 3700 3930 3798 temporis

2381 3817 2642 3913 aliqua
2672 3816 3051 3889 dissensio
3095 3816 3293 3890 inter
3321 3817 3489 3890 illos
3521 3820 3929 3915 Apostolos

2381 3941 2539 4007 erat
2591 3932 2682 4006 de
2743 3932 2919 4018 illis,
2995 3932 3099 4006 ita
3131 3942 3203 4006 et
3280 3944 3546 4030 postea
3588 3935 3929 4008 eratali-

2380 4051 2631 4148 qualis
2672 4050 3049 4124 dissensio
3084 4050 3282 4123 inter
3321 4051 3513 4125 duos
3555 4052 3929 4126 Doctores

2379 4167 2891 4263 Augustinum
2958 4176 3030 4240 et
3101 4166 3689 4264 Hieronymum,
3727 4192 3928 4266 quo-

2380 4308 2548 4357 rum
2583 4309 2788 4357 unus
2825 4284 3068 4358 tenuit
3123 4307 3295 4356 cum
3347 4308 3527 4379 uno,
3591 4296 3662 4358 et
3723 4288 3926 4363 alius

2379 4426 2552 4476 cnm
2640 4402 2818 4493 alio,
2906 4412 2979 4474 et
3082 4425 3354 4475 omnes
3426 4404 3648 4476 modo
3740 4415 3925 4479 sunt

2377 4520 2606 4593 simul
2709 4519 2783 4590 in
2919 4519 3138 4592 coelo.
3264 4519 3518 4593 Teneo
3663 4531 3920 4597 tamen

2377 4661 2549 4709 cum
2673 4637 3104 4731 Augustino
3247 4638 3474 4732 quod·
3592 4642 3926 4736 Aposto-

2376 4752 2496 4825 lus
2530 4753 2818 4825 Paulus
2855 4753 3153 4825 nullum
3197 4753 3677 4826 mendacium
3715 4756 3916 4850 fecit,

2375 4869 2601 4941 etiam
2717 4867 3174 4960 officiosum,
3278 4891 3419 4941 nec
3528 4869 3916 4967 jocosum,

2375 4987 2682 5083 quando
2717 4988 2904 5060 dixit
2939 4988 3248 5062 Petrum
3284 5011 3450 5061 csse
3495 4991 3922 5087 reprehen-
3952 4993 4004 5043 Si
4035 4992 4243 5041 &dmm

3951 5059 4058 5108 tur.
4094 5055 4247 5115 velie<

2373 5103 2703 5196 sibilcm,
2749 5114 2822 5177 et
2880 5114 3133 5177 tamen
3196 5104 3521 5201 ipsemet
3588 5105 3666 5178 in
3730 5132 3810 5181 se
3846 5118 3921 5182 et
4004 5132 4226 5230 Jssiffl-

2369 5220 2545 5293 aliis
2594 5221 2791 5295 idem
2839 5245 3033 5319 opus
3075 5222 3440 5308 exercuit,
3497 5224 3679 5321 quia
3719 5226 3920 5299 sicut
3996 5244 4143 5293 cium
4175 5244 4222 5290 iu

2372 5335 2553 5409 dicit
2581 5338 3060 5432 Augustinus
3101 5336 3323 5432 epist.
3370 5338 3482 5409 19.
3524 5340 3617 5412 ad
3657 5340 3920 5414 Hiero·
3968 5307 4240 5417 stes-mg?

2373 5477 2690 5549 nymum
2732 5478 2745 5528 ς
2787 5454 2880 5527 Sz'
2913 5478 3150 5527 mmm
3192 5455 3676 5531 mendacium
3725 5482 3918 5555 qua·
4055 5437 4186 5479 “²¹‘’

2373 5569 2766 5670 leceemquc
2837 5575 3227 5647 inventam
3315 5574 3563 5671 fuerit
3625 5579 3706 5651 in
3775 5580 3915 5653 Ca-
