4295 6326
1417 420 1645 492 DlST.
1696 419 1855 491 xx.
1906 392 2324 497 QUAEs'no
2374 414 2428 482 1.
3503 406 3587 475 95

1172 894 2320 1085 DISTINCTIO
2454 922 2800 1073 XX.

2023 1354 2293 1456 positi,
2351 1376 2534 1448 ergo
2567 1350 2630 1426 si
2698 1356 3099 1449 peccatum
3170 1342 3412 1443 patris
3470 1351 3590 1417 est

903 1498 1312 1581 QUAESTlO
1365 1501 1413 1565 l.
2039 1497 2275 1548 causa
2317 1467 2609 1569 peccati
2653 1466 2818 1560 filii,
2866 1462 3218 1539 similiter
3263 1470 3337 1536 et
3367 1458 3591 1557 justi-

2041 1592 2144 1666 tia
2175 1590 2343 1688 ejus
2376 1587 2520 1663 erit
2551 1609 2786 1661 causa
2814 1581 3139 1681 justitiae
3172 1579 3430 1676 hujus.

381 1701 634 1767 Utrum
672 1693 818 1781 filii
846 1694 921 1759 in
970 1683 1595 1818 maurim-rocensi?
1617 1684 1930 1770 fuissent
2139 1689 2622 1805 Oppositum,
2762 1701 3081 1775 fuissent
3221 1697 3583 1788 viam-res,
3657 1699 3870 1750 Contra.

716 1799 1115 1889 confirma&
1148 1817 1223 1866 ²⁷²
1246 1790 1589 1882 mama?
2040 1845 2514 1924 quamquam
2578 1829 2871 1919 patrem
2953 1815 3406 1890 habuissent
3482 1812 3591 1885 in-

763 2031 774 2043 ,
2042 1950 2448 2017 nocentem
2495 1966 2514 2033 ;
2613 1936 2848 2034 igitur
2922 1933 3067 2032 ipsi
3155 1930 3592 2030 potuissent

376 2035 700 2093 Anselmue
730 2032 827 2089 tab.
862 2048 901 2087 1.
934 2047 1034 2087 cur
1064 2030 1207 2086 Deus
1236 2028 1415 2094 home,
1448 2040 1573 2096 cap.
1616 2023 1703 2079 18.
1732 2021 1929 2078 Alene.

450 2112 511 2164 2.
541 2124 596 2179 p.
629 2124 682 2178 q.
713 2104 804 2160 95.
837 2120 910 2158 m.
945 2104 998 2158 4.
1031 2119 1082 2157 a.
1126 2102 1180 2157 3.
1215 2106 1280 2156 D.
1312 2099 1518 2155 Thom.
1552 2113 1594 2152 1.
1629 2112 1681 2167 q.
1719 2094 1843 2149 100.
1876 2110 1930 2150 α.
2042 2082 2391 2159 POCCRI'G·

451 2184 510 2235 2.
561 2183 615 2235 et
664 2177 751 2232 Mc
797 2191 851 2248 q.
897 2178 953 2230 2.
1006 2180 1115 2229 art.
1161 2173 1218 2228 3.
1273 2170 1524 2227 Durand.
1563 2185 1617 2240 q.
1649 2168 1704 2223 3.
1735 2175 1844 2223 art.
1877 2165 1932 2221 3.

456 2251 628 2307 Matr.
660 2265 714 2321 q.
744 2266 781 2306 ι.
812 2248 990 2304 Gabr.
1008 2262 1061 2319 q.
1094 2262 1134 2302 1.
1166 2244 1323 2301 Scot.
1358 2243 1413 2298 in
1439 2241 1613 2298 Oxou.
1650 2239 1755 2296 hic.
2631 2273 3013 2332 SCHOLHJM,

190 2488 240 2552 1.
496 2460 716 2549 Quod
799 2458 934 2533 Sic·
1015 2455 1456 2547 Anselmus'
1516 2474 1654 2526 cur
1726 2448 1937 2524 Deus
2116 2452 2179 2509 Si
2209 2450 2313 2507 filii
2343 2449 2600 2506 in'etatu
2632 2443 3292 2517 innocentiaelviciesent
3345 2443 3591 2515 primam

92 2606 361 2665 ammom·
395 2582 660 2672 homo,
696 2575 945 2674 primo
987 2573 1211 2666 libro,
1255 2593 1422 2668 cap·
1462 2568 1579 2647 ,¹8->
1643 2565 1743 2641 Si
1767 2565 1941 2664 pri·
2045 2540 2455 2609 tentationem,
2486 2538 2973 2596 confirmarentur
3004 2535 3061 2590 in
3093 2534 3300 2606 gratia.
3334 2535 3422 2588 Ita
3472 2534 3592 2587 An·

933 2692 947 2706 .
1007 2691 1022 2705 .
1332 2688 1346 2702 .
1853 2683 1868 2697 ,
2046 2631 2212 2688 selm.
2249 2631 2389 2687 Loca
2421 2629 2686 2702 quaedam
2736 2623 3049 2698 Augustini
3099 2627 3303 2681 contra
3353 2623 3458 2679 hoc
3507 2622 3590 2679 14.

393 2720 570 2771 mus
598 2694 824 2769 homo
864 2696 1168 2768 ‘vm-3331
1208 2710 1552 2787 prunam
1593 2690 1937 2759 ῑθηίαίῑθ·
2046 2721 2212 2778 eivit.
2253 2720 2332 2777 ιο.
2371 2722 2429 2775 οι
2454 2718 2506 2772 9.
2529 2717 2600 2773 de
2629 2715 2934 2787 Genes.:ad
2969 2714 3053 2770 ιῑι.
3085 2713 3138 2768 3.
3173 2711 3339 2770 solvit
3367 2710 3594 2768 nensis

391 2836 601 2904 nem,
669 2810 834 2909 ipse
891 2831 1065 2883 cum
1134 2811 1291 2880 tota
1337 2801 1770 2903 propaqine
1818 2797 1947 2875 vel
2047 2811 2279 2869 citatus.

379 2926 760 3028 proyenie
796 2923 1073 3023 suisset
1102 2918 1599 3017 confirmatus
1635 2917 1718 2991 in
1756 2916 1941 3017 jus-

388 3043 590 3118 titia.
2146 3028 2335 3101 Dico
2396 3027 2490 3101 ad
2558 3026 3098 3124 quaestionem,
3134 3024 3340 3122 quod
3403 3048 3590 3098 con·
3748 3053 3814 3118 2,

133 3203 299 3253 gem,
493 3161 709 3253 Item,
742 3157 820 3232 in
863 3165 1066 3232 statu
1102 3149 1571 3228 innocentiae
1605 3174 1760 3223 non
1799 3171 1944 3246 po-
2049 3144 2399 3220 firmatus
2450 3152 2697 3242 potest
2751 3141 2899 3218 dici
2968 3140 3402 3240 dupliciter,
3466 3142 3586 3216 vel
3621 3170 3910 3221 Gonnum-

159 3268 282 3315 ἀπ’·
388 3279 666 3353 tuisset
687 3273 969 3373 aliquis
1000 3293 1370 3368 generare
1395 3267 1731 3365 aliquem
1757 3264 1943 3338 fina-
2049 3263 2233 3362 quia
2264 3285 2661 3359 nunquam
2707 3269 2953 3357 potest
3008 3282 3353 3357 peccare,
3393 3258 3592 3333 sicut
3623 3235 3696 3283 ²⁵⁰
3724 3233 3942 3296 dume*

391 3395 566 3469 liter
622 3389 1152 3467 damnandum
1200 3414 1220 3481 3
1307 3383 1541 3482 igitur
1599 3403 1740 3455 nec
1798 3377 1942 3453 ali·
2049 3380 2263 3456 Beati
2305 3379 2384 3452 in
2436 3378 2709 3477 patria,
2766 3378 2885 3451 vel
2949 3375 3133 3474 quia
3189 3399 3588 3473 nunquam

391 3538 654 3614 quem,
701 3508 831 3609 qui
879 3517 1137 3609 posset
1186 3527 1532 3604 peccare.
1604 3504 1935 3575 Antece-
2047 3497 2418 3597 peccabit,
2456 3518 2926 3594 quamquam
2962 3502 3216 3592 posset
3240 3518 3589 3592 peccare,

391 3635 585 3709 dens
618 3640 826 3730 patet
856 3626 1281 3703 secundum
1347 3618 1806 3718 Gregorium
1860 3616 1929 3688 4.
2048 3614 2250 3690 sicut
2280 3613 2641 3706 viatoreS,
2687 3610 2818 3709 qui
2863 3634 3262 3709 nunquam
3321 3635 3593 3708 pecca-

393 3744 839 3838 Moralium,
920 3765 1088 3838 cap.
1159 3736 1279 3810 36.
1360 3734 1460 3810 Si
1520 3736 1936 3832 parentum
2049 3739 2351 3821 verunt,
2390 3729 2574 3827 quia
2606 3727 2843 3825 aliqui
2877 3735 3095 3802 erant
3127 3725 3589 3822 confirmati,

386 3867 734 3966 primum
783 3865 1188 3960 peccatum
1245 3877 1402 3930 non
1443 3850 1934 3949 corrupisset,
2054 3858 2133 3923 ut
2166 3845 2618 3923 sanctificati
2674 3844 2751 3917 in
2815 3854 3032 3918 utero
3089 3872 3107 3937 3
3183 3853 3600 3942 potuerunt

398 3984 597 4081 iqnis
650 3978 1021 4079 qelzennae
1077 3970 1516 4073 posteritati
1585 3990 1740 4042 non
1798 3988 1942 4039 no·
2052 3977 2306 4040 tamen
2344 3964 2565 4038 aliter
2607 3984 2954 4061 peccare,
3036 3984 3268 4058 quam
3345 3973 3600 4059 posset

400 4102 699 4176 cnisset.
722 4090 1295 4192 Consequentia
1319 4095 1552 4187 patet,
1578 4085 1764 4184 quia
1789 4105 1943 4181 qua
2053 4106 2262 4159 nunc
2295 4082 2373 4156 S.
2425 4080 2788 4173 Michael,
2835 4079 2956 4152 vel
3002 4077 3079 4151 S.
3128 4078 3404 4154 Petrus
3436 4137 3454 4173 ,
3526 4090 3601 4153 et

405 4219 696 4293 ratione
772 4220 1032 4312 posset
1107 4231 1455 4308 peccare,
1533 4212 1791 4303 posset
1862 4200 1940 4272 in
2055 4203 2243 4276 forte
2337 4214 2608 4274 omnes
2701 4207 3244 4295 peccaverunt,
3328 4198 3596 4272 saltem

408 4339 718 4431 peccato
752 4346 1274 4427 perseverare.
2053 4316 2484 4405 venialiter,
2604 4314 2780 4389 licet
2863 4313 3102 4410 aliqui
3194 4337 3594 4411 nunquam

117 4482 353 4533 rerum
503 4449 721 4538 Item,
793 4439 1219 4518 secundum
1309 4433 1768 4533 Dionysium
1865 4431 1935 4503 4.
2059 4434 2505 4528 mortaliter,
2550 4431 2976 4507 secundum
3036 4431 3224 4504 illud
3277 4432 3600 4506 Joannis

409 4588 570 4663 cap.
637 4561 730 4636 de
793 4556 1074 4632 divinis
1129 4552 1626 4628 nominibus:
1678 4550 1946 4623 Bonus
2060 4555 2126 4627 1.
2211 4575 2378 4650 cap.
2454 4551 2522 4623 1.
2585 4548 2683 4624 Si
2738 4547 3171 4621 dioeerimus
3238 4549 3599 4646 quoniam

409 4677 923 4780 estpotentius
954 4696 1182 4773 quam
1214 4668 1563 4762 malum;
1616 4667 1748 4741 sed
1799 4688 1949 4739 ma·
2047 4675 2450 4770 peccatum
2495 4689 2650 4740 non
2723 4662 3116 4757 habentne,
3188 4666 3608 4763 nosmetip-

412 4802 564 4874 lum
596 4793 826 4896 primi
885 4787 1221 4864 hominis
1279 4785 1418 4860 ruit
1476 4782 1950 4859 sufficienter
2057 4808 2179 4860 sos
2233 4782 2779 4865 seducimussst
2806 4779 3087 4852 veritas
3120 4778 3610 4854 innobisnon

412 4941 638 4996 causa
689 4908 1179 4990 demeritorie
1243 4906 1380 4981 toti
1448 4901 1944 5005 posteritati3
2060 4907 2193 4974 est.
2244 4898 2502 4972 Primo
2539 4896 2792 4988 mod0,
2857 4894 3111 4969 dicere
3193 4896 3398 4993 quod
3467 4897 3608 4970 ali-

419 5038 640 5135 igitur
741 5033 1031 5107 bonum
1129 5025 1400 5101 fuisset
1479 5020 1953 5099 sufficienter
2064 5017 2239 5116 quis
2270 5015 2367 5090 sit
2397 5015 2501 5089 ita
2540 5009 3070 5098 confirmatuS,
3120 5012 3326 5108 quod
3391 5015 3606 5088 nullo

424 5178 645 5230 causa
720 5143 1115 5225 meritoria
1187 5140 1533 5218 omnium
1603 5149 1954 5240 postero-
2065 5133 2293 5208 modo
2332 5129 2573 5230 possit
2604 5150 2952 5227 peccare,
2989 5134 3063 5200 et
3117 5127 3322 5224 quod
3363 5128 3460 5202 sit
3493 5137 3608 5203 ta-

431 5295 618 5348 rum.
2069 5276 2245 5327 men
2313 5249 2586 5335 viator,
2668 5254 2784 5322 est
2841 5245 3282 5342 oppositum
3326 5245 3404 5319 in
3474 5248 3609 5322 ad-

105 5399 383 5457 ounm
521 5389 608 5462 Et
635 5380 1142 5461 confirmatur
1171 5399 1309 5475 per
1351 5373 1837 5451 Aristotelem
1879 5369 1949 5442 6.
2059 5369 2311 5467 jecto;
2355 5364 2704 5440 Christus
2743 5360 2950 5437 enim
2986 5384 3139 5435 non
3187 5363 3435 5436 solum
3470 5362 3611 5436 fuit

429 5505 877 5605 Topicorum
914 5521 931 5572 ε
962 5495 1062 5571 Si
1076 5493 1562 5594 propositum
1595 5497 1706 5568 est
1729 5511 1959 5564 causa
2071 5486 2344 5579 viator,
2379 5481 2512 5559 sed
2552 5480 2781 5556 etiam
2853 5481 3480 5577 comprehensor,
3536 5490 3612 5554 et

421 5619 817 5723 propositi,
855 5621 927 5690 et
952 5610 1384 5712 oppositum
1425 5617 1537 5686 est
1563 5631 1795 5684 causa
1833 5628 1958 5704 op·
2072 5602 2446 5679 certitudo
2489 5599 2585 5675 de
2652 5620 2806 5672 non
2877 5595 3268 5693 peccando
3311 5605 3424 5671 est
3455 5619 3609 5669 ma·

115 2667 324 2727 primum.
