4295 6326
205 855 310 921 18.

134 972 385 1086 A‘ssgffi'
448 964 967 1039 contrariatur
1027 966 1257 1061 mam,
1332 989 1482 1038 non
1546 975 1661 1039 est
1701 967 1991 1038 malum

87 2544 389 2594 voluntate.

1334 442 1563 515 DIST.
1612 442 1937 515 XXXIV.
1989 441 2406 525 QUAESTIO
2458 440 2697 515 UNlC.

449 614 816 715 primum,
863 617 1067 716 quod
1111 618 1387 694 sittale
1447 642 1763 694 necesse
1828 642 1997 694 esse

451 755 938 942 ΘΧΑῗΙΘζἸΙίυά,
969 849 1138 924 dico
1172 850 1377 947 quod
1412 850 1483 922 in
1516 851 1747 943 bono,
1789 851 1993 947 quod

447 1079 899 1176 subjective,
944 1081 1077 1154 sed
1121 1080 1202 1153 in
1263 1081 1494 1171 bono,
1543 1081 1746 1179 quod
1809 1105 1994 1155 con-

444 1196 771 1271 vertitur
840 1220 1016 1272 cum
1088 1207 1290 1273 ente.
1371 1199 1664 1273 Malum
1751 1199 1987 1291 enim,

446 1316 652 1413 quod
725 1326 839 1391 est
897 1316 1240 1391 carentia
1316 1316 1807 1414 perfectionis
1866 1340 1991 1391 se-

446 1433 749 1521 cundae,
787 1432 1237 1508 denominat
1276 1433 1563 1508 bonum
1614 1434 1815 1531 quod
1879 1443 1993 1508 est

446 1549 810 1645 perfectio
889 1550 1322 1625 essentialis
1389 1559 1463 1625 et
1537 1549 1810 1648 prima.
1901 1552 1991 1624 Et

447 1665 593 1737 hoc
625 1664 809 1739 dicit
856 1665 1338 1762 Augustinus
1379 1666 1462 1740 in
1500 1665 1751 1740 Enclz.
1817 1690 1983 1763 cap.

451 1776 566 1849 13.
636 1787 712 1852 et
768 1778 1083 1876 ponitur
1146 1779 1223 1851 in
1288 1779 1595 1853 littera:
1655 1777 1988 1854 Nullam

444 1894 735 1968 malum
783 1901 1036 1993 potest
1086 1918 1272 1988 esse,
1340 1893 1478 1969 ubi
1524 1893 1804 1969 bonum
1883 1902 1993 1970 est

444 2010 796 2097 nullum;
842 2021 916 2086 et
957 2012 1031 2084 in
1089 2010 1442 2109 sequenti
1494 2000 1827 2109 capitulo
1873 2012 1989 2085 di-

444 2125 546 2200 cit
586 2126 786 2224 quod
821 2129 943 2201 hic
981 2127 1170 2201 fallit
1221 2128 1488 2223 regula
1545 2128 1990 2203 Dialectico-

445 2269 647 2340 rum,
704 2242 1122 2321 dicentium
1180 2246 1328 2321 duo
1378 2249 1767 2322 contraria
1831 2272 1985 2322 non

336 2419 388 2467 ia
443 2364 685 2439 simul
731 2364 996 2439 insunt
1023 2365 1297 2439 eidem.
1380 2365 1528 2439 Sed
1591 2367 1735 2439 hoc
1790 2367 1982 2453 dico,

447 2480 650 2579 quod
693 2504 830 2577 pro
872 2489 1082 2556 tanto
1114 2480 1296 2554 dicit
1335 2480 1815 2577 Augustinus
1862 2505 1986 2558 re-

444 2594 707 2691 gulam
739 2593 1330 2670 Dialecticorum
1389 2595 1573 2689 falli,
1610 2597 1815 2694 quod
1853 2597 1981 2672 ubi

442 2712 825 2787 contraria
864 2713 1530 2811 qualitercumque
1572 2714 1974 2805 abstracta,

438 2828 559 2902 vel
603 2828 1185 2924 generalissime
1218 2839 1558 2927 accepta,
1603 2854 1758 2904 non
1810 2855 1982 2929 pos-

438 2955 620 3019 sunt
688 2947 948 3021 referri
1025 2949 1119 3022 ad
1214 2947 1518 3023 diversa
1607 2947 1736 3023 illa
1821 2973 1972 3024 non

441 3060 1018 3158 compatiuntur
1047 3086 1127 3138 se
1159 3063 1233 3137 in
1281 3063 1580 3169 eodem,
1617 3064 1815 3138 sicut
1864 3066 1978 3140 al-

440 3176 624 3251 bum
722 3190 797 3255 et
869 3180 1178 3277 nigrum
1260 3192 1976 3281 quantumcumque

436 3295 902 3389 generaliter
993 3307 1323 3396 sumpta,
1418 3322 1568 3373 non
1652 3309 1977 3398 possunt

436 3406 689 3484 inesse
721 3410 993 3486 eidem.
1055 3412 1206 3488 Sed
1246 3413 1324 3486 in
1359 3415 1976 3490 transcendenti-

689 5736 829 5829 τοὶ.
869 5772 1064 5828 xxm.

3533 442 3656 515 177

2109 620 2282 712 buS,
2330 618 2761 718 cujusmodi
2813 627 2992 693 sunt
3037 618 3318 693 bonum
3364 628 3439 695 et
3492 644 3652 715 ena,

2110 738 2300 811 nihil
2350 738 2703 836 prohibet
2760 738 3147 812 contraria
3222 739 3652 813 secundum

2105 881 2372 932 vocem
2435 879 2872 956 supponere
2950 879 3087 954 pro
3157 855 3509 949 diversiS,
3569 865 3643 930 et

2106 974 2335 1048 simul
2366 998 2561 1068 esse,
2629 983 2709 1048 ut
2776 972 3056 1047 bonum
3125 995 3261 1069 pro
3313 971 3651 1047 bonitate

2106 1090 2465 1166 essentiae
2524 1092 2643 1165 vel
2702 1100 3030 1181 naturae,
3080 1111 3256 1185 quae
3306 1097 3420 1162 est
3477 1112 3652 1186 per-

2101 1206 2324 1280 fectio
2383 1206 2658 1304 prima,
2704 1213 2777 1279 et
2854 1202 3144 1278 malum
3205 1226 3340 1300 pro
3402 1226 3648 1299 nega-

2103 1322 2313 1396 tione
2340 1322 2523 1396 boni
2556 1320 2903 1407 secundi,
2942 1342 3118 1417 quae
3146 1328 3259 1393 est
3282 1306 3644 1417 perfectio

2104 1449 2286 1513 nata
2325 1438 2578 1512 inesse
2639 1437 2746 1510 illi
2809 1445 3134 1523 naturae,
3180 1444 3254 1509 et
3319 1435 3428 1509 sic
3461 1459 3645 1532 pos-

2103 1564 2284 1629 sunt
2315 1579 2482 1630 esse
2526 1554 2754 1629 simul
2791 1555 2933 1627 hoc
2978 1552 3231 1645 mod0‚
3275 1575 3428 1626 non
3467 1577 3646 1651 pro-

2099 1672 2265 1769 prie
2298 1670 2708 1746 contraria.

2196 1789 2309 1862 Ad
2342 1788 2872 1863 auctoritatem
2924 1785 3146 1860 Isaiae
3209 1784 3280 1859 5.
3320 1808 3642 1884 respon—

2099 1905 2225 1979 det
2283 1904 2872 2001 Augustinusin
2916 1901 3385 1976 Enchiridio.
3468 1926 3634 2001 cap.

2102 2022 2216 2094 12.
2281 2022 2408 2096 vel
2472 2022 2587 2095 14.
2678 2019 2806 2095 vel
2876 2019 2996 2092 35.
3062 2018 3268 2117 quod
3345 2019 3635 2093 dictum

2098 2138 2508 2237 Prophetae
2568 2135 3155 2232 intelligendum
3207 2144 3321 2209 est
3350 2135 3443 2210 de
3513 2135 3637 2233 ip-

2096 2255 2201 2330 sis
2270 2256 2525 2343 rebuS‚
2618 2253 2903 2351 quibus
2997 2251 3351 2326 homines
3459 2251 3634 2325 mali

2095 2380 2302 2465 sunt,
2349 2381 2422 2447 et
2463 2395 2616 2444 non
2657 2370 2750 2444 de
2783 2367 3256 2443 hominibus.
3330 2368 3420 2441 Et
3495 2392 3636 2465 po-

2095 2485 2210 2559 nit
2248 2487 2717 2583 exemplum‚
2765 2494 2846 2558 ut
2886 2482 3020 2581 qui
3088 2482 3270 2556 dicit
3334 2482 3636 2557 adulte-

2094 2600 2295 2673 rium
2337 2622 2505 2674 esse
2557 2599 2877 2691 bonum,
2949 2606 3023 2671 et
3098 2595 3227 2694 qui
3287 2594 3469 2669 dicit
3511 2597 3638 2668 ho-

2094 2715 2381 2790 minem
2425 2713 2883 2812 inquantum
2948 2714 3208 2803 homo,
3245 2733 3413 2785 esse
3484 2734 3638 2785 ma-

2092 2831 2280 2916 lum,
2326 2852 2523 2927 opus
2580 2827 2717 2903 Dei
2779 2828 3062 2924 culpat,
3134 2824 3426 2899 scilicet
3489 2826 3634 2898 ho-

2090 2945 2407 3037 minem,
2470 2952 2544 3019 et
2599 2942 2870 3016 vitium
2933 2940 3270 3016 hominis
3338 2940 3623 3027 laudat,

2088 3064 2380 3140 scilicet
2436 3062 2922 3160 iniquitatem
2968 3089 2987 3156 ;
3033 3070 3106 3136 et
3164 3060 3478 3158 ponitur
3546 3059 3622 3132 in

2088 3182 2363 3272 littera,
2400 3205 2567 3279 cap.
2635 3180 2701 3253 1.
2747 3179 2905 3254 ibi:
2976 3178 3110 3253 Ad
3157 3178 3298 3253 hoc
3372 3184 3625 3252 autem

2086 3298 2294 3398 quod
2327 3298 2615 3373 dictum
2656 3303 2788 3386 est,
2834 3305 2977 3371 etc.

3263 5772 3332 5826 12
