4295 6326
251 2948 313 3014 1.

106 3036 441 3099 Argument.
475 3037 775 3112 tertiam
872 3033 1297 3132 quaeritur:

154 3101 412 3163 primum.

140 5184 378 5235 Secun-

185 5243 352 5293 dum.

1392 426 1619 495 DIST.
1673 427 1931 498 xxm.
1986 428 2404 508 QUAESTIO
2456 432 2755 506 UNIGA.

3548 438 3679 511 433

1150 962 2292 1135 DISTINCTIO
2454 972 3022 1152 XXIII.

870 1665 1270 1744 QUAESTIO
1326 1665 1615 1731 UNICA.
1671 1671 1696 1687 ‘

480 1860 725 1927 Utrum
747 1860 1080 1948 ponenda
1100 1860 1191 1927 sit
1217 1857 1386 1935 fides
1431 1856 1672 1944 infusa
1703 1867 2018 1944 respectu

1012 1965 1452 2034 credibilium
1475 1966 1508 2032 *Ρ

471 2159 667 2216 Alone.
717 2160 770 2215 3.
813 2176 868 2229 p.
928 2164 1121 2231 quaest.
1168 2161 1258 2217 78.
1310 2177 1382 2217 m.
1435 2179 1476 2215 1.
1527 2165 1592 2216 D.
1636 2160 1839 2216 Thom.
1874 2162 1925 2217 1.
1958 2162 2010 2214 2.

542 2240 729 2302 quaeu.
752 2232 842 2286 62.
875 2248 930 2287 α.
967 2250 1002 2288 ι.
1035 2239 1086 2288 et
1115 2232 1168 2286 2.
1203 2240 1254 2287 et
1304 2240 1503 2303 quaest.
1553 2249 1593 2285 1.
1647 2236 1759 2287 art.
1809 2233 1863 2288 3.
1916 2234 2014 2288 Ri-

543 2303 739 2359 chard.
772 2304 861 2359 liic
889 2312 1001 2360 art.
1052 2304 1104 2359 3.
1157 2308 1347 2373 quaest.
1402 2321 1441 2359 1.
1490 2306 1662 2359 Gabr.
1711 2311 1905 2375 quaest.
1955 2306 2009 2359 2.

544 2381 652 2431 art.
683 2378 738 2430 2.
779 2379 944 2441 Vasa.
980 2393 1018 2431 1.
1049 2376 1106 2430 2.
1155 2376 1209 2431 d.
1263 2376 1383 2430 186.
1432 2392 1554 2445 cap.
1605 2393 1642 2431 1.
1698 2376 2011 2459 “st-,¹37-

542 2451 730 2575 315er
738 2452 852 2575 11).
863 2447 1005 2575 8325
1015 2447 1493 2589 ssdeztrlrissiiaeib'ilg
1501 2446 1845 2600 225²&chss
1866 2446 2012 2576 ι11ἓοά.

545 2593 720 2663 vega.
756 2589 854 2646 lib.
888 2591 942 2645 9.
975 2591 1046 2646 de
1067 2591 1307 2661 justino.
1344 2607 1466 2661 cap.
1506 2592 1558 2647 3.
1586 2590 1786 2672 Aliqua
1818 2593 2017 2647 haben-

542 2663 878 2793 gig-⁰223&
882 2664 1208 2734 quaestione,
1240 2677 1366 2734 quae
1396 2679 1504 2720 non
1537 2669 1667 2718 sunt
1701 2662 1761 2718 in
1804 2665 2015 2736 scripto

573 2919 790 2993 Circa
891 2917 1459 2992 distinctionem
1563 2916 2015 3011 vigesimam

1404 3034 1533 3107 An
1627 3033 1711 3106 in
1801 3031 2018 3105 nobis

483 3153 947 3228 Christianis
1036 3175 1119 3226 cr
1122 3148 1517 3226 edentibus
1589 3173 1891 3223 necesse
1916 3149 2023 3222 sit

465 3297 755 3373 ponere
786 3276 1130 3368 respectu
1171 3267 1656 3343 credibilium
1727 3266 2019 3342 revela-

471 3402 722 3469 torum
760 3389 995 3489 fidem
1039 3387 1426 3486 infusam?
1457 3387 1673 3475 Quod
1718 3410 1872 3459 non
1916 3385 2019 3458 vi-

471 3514 718 3587 detur.
757 3510 867 3583 Ad
892 3530 1199 3583 omnem
1233 3506 1772 3581 certitudinem
1798 3514 2015 3578 actus

471 3654 703 3729 quam
773 3627 1215 3725 experimur
1280 3625 1372 3700 de
1442 3624 1607 3699 istis
1670 3623 2003 3710 creditis,

471 3747 752 3824 sufficit
786 3745 977 3820 fides
1009 3742 1410 3842 acquisita,
1442 3742 1625 3839 quia
1657 3740 2016 3814 historias

471 3864 819 3943 conditas
853 3888 898 3937 a
952 3859 1292 3953 famosiS,
1357 3869 1439 3933 ut
1496 3859 1886 3946 chronica,
1943 3869 2015 3933 et

470 3978 942 4079 hujusmodi,
989 3974 1624 4051 certitudinaliter
1683 3973 1829 4049 fide
1885 3998 2009 4048 ac-

468 4098 752 4198 quisita
783 4094 1166 4169 credimus
1198 4115 1444 4180 veraS,
1520 4091 1701 4189 quia
1760 4091 2009 4166 credi-

470 4240 641 4291 mus
694 4211 1355 4308 historiographos
1411 4233 1578 4284 esse
1648 4232 1869 4283 veros
1936 4219 2009 4284 et

465 4332 832 4409 sollicitos
863 4328 1099 4404 fuisse
1133 4328 1336 4402 circa
1361 4326 1803 4424 hujusmodi
1833 4355 1851 4420 3
1898 4350 2008 4401 er-

465 4475 561 4548 go
594 4473 768 4524 cum
810 4448 1147 4522 revelata
1215 4443 1463 4531 nobis,
1534 4454 1613 4517 ut
1658 4444 2009 4540 Evange-

465 4568 682 4653 lium‚
728 4574 801 4640 et
842 4561 1237 4660 Scriptura
1286 4560 1380 4635 sit
1441 4561 1733 4634 famosa
1765 4559 2008 4634 histo-

465 4682 601 4772 ria,
640 4689 714 4756 et
744 4703 790 4754 a.
812 4677 1124 4753 famosis
1150 4675 1449 4764 tradita,
1483 4674 1782 4748 videtur
1800 4675 2006 4772 quod

466 4795 792 4874 sufficiat
826 4793 1051 4869 nobis
1092 4792 1372 4866 hahere
1428 4798 1721 4864 tanturn
1775 4788 2004 4865 fidem

466 4910 918 5010 acquisitam
952 4907 1118 4983 sine
1156 4905 1304 4980 fide
1334 4905 1616 4999 infusa,
1657 4915 2002 5003 respectu

468 5028 947 5107 credibilium
983 5026 1524 5100 revelatorum.

569 5147 981 5235 Praeterea,
1036 5139 1280 5235 magis
1340 5149 1455 5213 est
1493 5162 1728 5236 supra
1785 5138 2011 5213 incli-

472 5263 863 5338 nationem
943 5258 1403 5350 intellectus,
1503 5256 1656 5330 imo
1745 5266 2011 5331 contra

473 5380 638 5476 ejus
728 5374 1334 5465 inclinationem,
1457 5372 2012 5470 impossibilius

473 5493 842 5594 oppositis
935 5488 1490 5589 principiorum
1609 5490 2007 5573 assentire,

472 5633 705 5708 quam
760 5605 1134 5682 assentire
1187 5604 1390 5678 veris
1447 5605 1779 5693 creditis,
1839 5628 2015 5702 quae

618 5750 754 5806 Τοιι.
788 5747 985 5805 xxm.

2139 1404 2605 1480 evidentiam
2677 1432 2768 1483 ex
2887 1412 3237 1487 terminis
3322 1438 3477 1489 non
3546 1417 3690 1489 ha-

2135 1523 2343 1609 hent,
2423 1524 2559 1598 etsi
2643 1549 2828 1600 vera
2919 1528 3123 1615 sint;
3222 1530 3353 1605 sed
3459 1531 3691 1606 intel-

2136 1640 2378 1714 lectus
2466 1642 2728 1716 habitu
2801 1646 3178 1742 acquisito
3246 1655 3495 1746 potest
3561 1672 3691 1723 as-

2131 1757 2414 1831 sentire
2600 1760 3041 1857 hujusmodi
3205 1764 3693 1863 impossibili·

2129 1869 2302 1956 buS‚
2394 1873 2579 1969 quia
2636 1897 2773 1972 per
2859 1877 3397 1974 syllogismum
3470 1881 3690 1955 falsi-

2129 1989 2512 2084 graphum
2575 1999 2824 2088 potest
2876 1994 3250 2069 assentire
3332 1998 3684 2095 opposito

2129 2106 2650 2181 conclusionis
2718 2109 3379 2208 demonstrabilis,
3435 2123 3507 2187 et
3558 2139 3686 2213 op—

2127 2219 2377 2315 posito
2434 2222 2794 2320 principii
2879 2248 3033 2298 non
3122 2226 3379 2323 primi,
3484 2229 3685 2304 sicut

2127 2332 2425 2407 habens
2513 2334 3027 2430 ignorantiam
3118 2340 3676 2438 dispositionis,

2131 2470 2306 2544 quae
2349 2459 2465 2523 est
2497 2451 2571 2523 in
2618 2476 2901 2547 errore,
2962 2454 3285 2530 firmiter
3342 2458 3680 2535 adhaeret

2128 2566 2317 2640 falso
2351 2578 2424 2641 et
2464 2568 2966 2667 impossibili3
3013 2596 3196 2669 ergo
3245 2577 3481 2650 multo
3524 2578 3681 2651 sor-

2125 2685 2280 2758 tius
2354 2686 2659 2760 videtur
2717 2688 2923 2786 quod
3013 2690 3447 2767 intellectus
3508 2696 3677 2769 sine

2128 2805 2389 2878 habitu
2464 2805 2715 2880 infuso
2775 2832 2912 2905 per
3006 2809 3352 2884 habitum
3414 2823 3672 2888 tamen

2129 2920 2593 3018 acquisitum
2633 2920 2955 2998 firmiter
2986 2924 3381 3002 adhaerere
3430 2938 3681 3027 potest

2129 3036 2649 3121 credibilibus,
2715 3062 2889 3137 quae
2977 3065 3130 3115 non
3200 3054 3383 3117 sunt
3454 3045 3679 3120 nobis

2127 3165 2310 3244 nota
2349 3180 2438 3230 ex
2467 3180 2746 3244 sensu3
2802 3182 2986 3254 ergo
3031 3160 3521 3258 superfluum
3565 3176 3681 3239 est

2129 3296 2416 3370 ponere
2487 3273 2832 3347 habitum
2918 3277 3252 3352 infusum
3328 3289 3677 3378 respectu

2129 3412 2395 3462 eorum
2431 3389 2523 3463 ad
2566 3391 3062 3465 credendum.

2228 3505 2513 3580 Tamen
2549 3506 2756 3582 dices
2806 3508 2996 3583 forte
3056 3510 3259 3607 quod
3310 3513 3481 3588 talis
3522 3537 3678 3588 non

2126 3622 2448 3696 assentit
2481 3633 2793 3721 propter
2860 3626 3322 3700 evidentiam
3420 3631 3677 3703 termi-

2128 3762 2434 3833 norum,
2472 3741 2601 3814 sed
2639 3751 2951 3838 propter
2986 3743 3358 3818 rationem
3398 3747 3678 3843 proba-

2127 3854 2387 3942 bilem,
2438 3879 2669 3953 quam
2726 3880 2880 3930 non
2944 3868 3192 3955 potest
3243 3860 3674 3937 intellectus

2123 3972 2578 4046 naturaliter
2708 3972 2990 4049 habere
3126 3976 3219 4050 de
3340 3979 3672 4052 credibi-

2122 4087 2327 4161 libus
2398 4089 2780 4176 revelatis,
2854 4092 2985 4164 sed
3051 4092 3293 4186 magis
3360 4096 3670 4193 opposi-

2122 4214 2310 4278 tum.

2218 4323 2524 4413 Contra,
2561 4347 2652 4397 ex
2718 4326 2862 4398 hoc
2909 4325 3212 4400 videtur
3238 4330 3456 4426 sequi
3498 4355 3666 4430 pro·
3731 4363 3986 4415 Tertium.

2118 4438 2483 4536 positum.
2560 4439 2989 4515 Haereticus
3054 4444 3257 4516 enim
3345 4449 3664 4522 assentit

2120 4553 2350 4628 alicui
2387 4556 2573 4628 falso
2626 4556 2913 4648 auditO,
2943 4560 3148 4655 quod
3182 4584 3272 4634 ex
3315 4565 3664 4640 terminis

2119 4671 2437 4745 evidens
2470 4695 2636 4746 esse
2699 4696 2854 4746 non
2915 4684 3186 4770 potest,
3254 4682 3669 4757 nechabet

2120 4787 2494 4861 rationem
2562 4788 3040 4886 probabilem
3112 4791 3204 4864 ad
3277 4793 3495 4884 illud,
3534 4800 3667 4873 sed

2120 4904 2359 4978 credit
2391 4904 2672 4979 dicenti
2700 4904 2917 4992 illud,
2958 4909 3078 4981 vel
3117 4908 3302 4984 forte
3335 4916 3669 5012 propria}

2121 5022 2634 5119 conceptioni,
2677 5024 2861 5119 quia
2901 5025 3004 5098 ita
3072 5023 3394 5104 firmiter
3433 5034 3674 5108 credit

2123 5136 2329 5233 quod
2372 5138 2665 5233 proillo
2700 5147 3013 5235 paratus
3067 5150 3183 5214 est
3234 5146 3421 5218 mori
3457 5149 3670 5244 prius

2122 5276 2354 5350 quam
2390 5277 2698 5350 negare.
2740 5253 2818 5328 Si
2875 5279 3056 5350 ergo
3127 5282 3262 5354 per
3321 5263 3664 5339 habitum

2126 5371 2617 5468 acquisitum,
2653 5381 2902 5469 potest
2944 5373 3381 5452 intellectus
3414 5405 3669 5458 assen-

2130 5488 2266 5562 tire
2309 5488 2540 5562 alicui
2606 5490 2912 5579 haeresi,
2951 5492 3073 5565 vel
3152 5494 3382 5567 alicui
3448 5500 3662 5595 falso,

2128 5606 2204 5678 in
2250 5604 2471 5701 cujus
2502 5604 2937 5703 oppositum
2985 5606 3401 5684 inclinatur
3441 5613 3672 5690 intel-

3380 5753 3451 5811 28
