4295 6326
668 361 800 429 484

672 564 904 639 quam
970 540 1120 615 alia
1170 563 1399 638 pars;
1450 540 1651 614 unde
1704 541 1971 632 forma,
2045 562 2221 636 quae

673 662 764 735 de
825 684 906 736 se
949 684 1102 734 non
1166 669 1279 734 est
1339 658 1711 748 effectiva,
1777 669 2022 733 stante
2091 658 2225 731 illa

674 786 952 850 natura
1006 800 1159 849 non
1230 775 1664 851 necessario
1726 773 1981 849 efficit.
2043 774 2221 848 Ideo

675 893 842 968 sine
912 893 1063 967 alio
1128 893 1353 967 modo
1417 916 1574 967 non
1653 901 1766 967 est
1834 893 2077 966 forma
2142 890 2221 962 in

676 1033 878 1108 aqua
963 1009 1324 1084 movendi
1393 1034 1731 1104 sursum,
1802 1032 1946 1083 nec
2045 1017 2224 1082 tunc

675 1137 1041 1202 causatur
1122 1128 1415 1226 aliquid
1473 1128 1553 1201 in
1623 1150 1851 1225 aqua,
1914 1126 2224 1226 quando

678 1253 1035 1320 movetur
1128 1268 1467 1340 sursum,
1540 1268 1637 1320 ne
1704 1245 1802 1320 sit
1855 1267 2220 1337 vacuum,

673 1387 817 1438 nec
858 1363 1000 1438 erit
1039 1362 1118 1437 in
1161 1387 1361 1462 aqua
1390 1362 1718 1463 :omnino
1758 1360 2219 1461 principium

677 1481 1013 1557 activum
1084 1482 1442 1556 movendi
1511 1505 1819 1581 aquam,
1901 1480 2033 1556 sed
2093 1478 2224 1554 ali-

675 1600 860 1698 quid
950 1600 1159 1676 aliud
1245 1601 1341 1675 ab
1435 1624 1636 1698 aqua
1728 1609 1985 1675 movet
2050 1621 2220 1674 eam

677 1741 1017 1812 sursum,
1107 1719 1228 1792 vel
1321 1718 1754 1793 universale
1837 1740 2219 1810 movens;

678 1837 885 1912 unde
926 1860 1328 1936 nunquam
1388 1861 1590 1935 aqua
1655 1847 2094 1935 corrumpet
2143 1859 2224 1910 se

678 1963 991 2051 propter
1056 1955 1381 2028 salutern
1438 1954 1810 2030 universi.
1875 1953 2000 2027 Sic
2060 1976 2227 2027 ma-

681 2094 830 2145 nus
898 2094 1053 2146 non
1112 2070 1422 2169 exponit
1481 2095 1589 2165 se,
1661 2071 1792 2146 sed
1833 2079 2037 2145 totus
2082 2071 2227 2144 ho-

683 2213 806 2262 mo
899 2189 1211 2286 exponit
1313 2213 1626 2265 manum
1714 2212 1851 2287 pro
1947 2187 2221 2287 capite,

681 2305 887 2404 quod
957 2313 1185 2403 patet,
1260 2306 1440 2404 quia
1508 2305 1816 2405 proprio
1884 2303 2223 2404 appetitu

683 2425 933 2522 diligit
1007 2449 1116 2520 se,
1198 2450 1339 2501 nec
1420 2451 1693 2502 manus
1784 2450 1923 2500 suo
2015 2432 2228 2499 motu

685 2552 940 2617 movet
1014 2566 1123 2637 se,
1214 2544 1666 2643 exponendo
1743 2568 1881 2642 pro
1950 2542 2226 2641 capite,

608 2745 611 2757 Ε
687 2661 820 2735 sed
870 2667 1076 2735 totus
1136 2662 1366 2736 homo
1409 2661 1654 2759 magis
1711 2661 2042 2757 diligens
2100 2683 2232 2735 ca-

683 2788 819 2877 put
866 2802 1096 2877 quam
1157 2802 1504 2874 manum,
1569 2801 1733 2854 eam
1777 2801 1916 2878 pro
1985 2777 2230 2876 capite

683 2896 1020 2995 exponit.
1112 2894 1331 2971 Unde
1419 2897 1769 2993 exempla
1854 2906 2035 2970 sunt
2136 2894 2231 2969 ad

685 3017 1152 3114 oppositum.

439 3165 544 3231 12,
785 3135 971 3210 Item
1033 3159 1273 3234 arguo
1343 3135 1503 3211 sic:
1571 3133 1790 3210 Ratio
1859 3132 2235 3210 naturalis

376 3280 607 3355 Aijaera-
689 3252 1091 3328 existentis
1158 3254 1236 3328 in
1278 3254 1493 3353 puris
1544 3254 2027 3329 naturalibus
2086 3252 2238 3326 dic-

406 3349 582 3457 }{2‘2‘2
691 3380 798 3444 tat
864 3370 1154 3469 aliquid
1223 3396 1390 3448 esse
1459 3371 1932 3470 diligendum
2002 3394 2238 3469 super

340 3473 661 3582 ξζξξξᾶῗίῗξ,
694 3487 980 3582 omnia,
1050 3512 1224 3563 cum
1293 3489 1391 3563 sit
1459 3499 1714 3582 recta3
1754 3514 1905 3563 non
1977 3498 2234 3564 autem

369 3596 646 3710 ξζζξζῇ
685 3604 981 3702 judicat
1048 3606 1554 3702 diligendum,
1613 3607 1760 3682 nisi
1822 3606 1919 3680 sit
1983 3605 2239 3702 diligi-

349 3721 894 3811 per0¹1¹⁰¹³²=bile;
958 3723 1192 3820 igitur
1257 3724 1319 3797 si
1387 3726 1746 3799 voluntas
1832 3732 2079 3822 potest
2144 3746 2237 3798 ex

689 3839 873 3915 solis
942 3841 1425 3916 naturalibus
1482 3841 1589 3916 sic
1647 3842 1833 3916 illud
1884 3840 2231 3937 diligere,

692 3960 1104 4035 haberetur
1157 3959 1663 4059 propositum.

786 4079 1001 4167 ltem,
1069 4077 1139 4149 9.
1215 4076 1459 4150 Ethic.
1532 4076 1791 4150 Fortis
1867 4073 2235 4173 politicus

679 4201 999 4294 propter
1087 4193 1370 4268 bomem
1462 4192 1943 4292 Reipublicoe
2020 4190 2240 4266 debet

687 4314 967 4412 eliqere
1017 4318 1362 4398 mortem,
1423 4311 1601 4385 licet
1654 4311 1845 4384 nihil
1889 4318 2235 4408 expectet

688 4442 860 4532 post
905 4440 1220 4505 mortem
1256 4459 1274 4524 3
1317 4428 1552 4525 igitur
1582 4429 1644 4503 si
1686 4429 1975 4503 bonum
2020 4452 2237 4502 com-

688 4550 1085 4626 munitatis
1164 4558 1277 4623 est
1353 4547 1598 4646 magis
1682 4547 2227 4647 appetendum,

687 4692 917 4766 quam
962 4668 1250 4741 bonurn
1307 4664 1594 4763 politici
1651 4665 1746 4740 ab
1799 4665 1931 4739 illo
1971 4663 2233 4762 politi-

686 4810 802 4880 CO,
863 4786 1095 4882 igitur
1179 4784 1425 4880 magis
1494 4783 1780 4857 bonum
1847 4783 1923 4856 in
1986 4806 2094 4876 se,
2159 4794 2231 4856 et

686 4902 1244 4991 communitati,
1301 4902 1755 4976 naturaliter
1814 4901 2057 4997 magis
2117 4910 2232 4974 est

687 5019 1158 5117 diligendum
1201 5041 1435 5115 quam
1492 5018 1779 5115 aliquid
1840 5018 2074 5092 aliud.

363 5163 622 5213 rorasse
784 5139 1106 5232 Dicitur,
1171 5138 1373 5236 quod
1446 5138 1801 5236 politicus
1860 5137 2106 5234 diligit
2146 5158 2227 5211 se

335 5241 627 5352 {223⁰ssssss
690 5259 930 5356 magis
991 5268 1173 5331 tunc
1244 5280 1476 5353 quam
1529 5256 1818 5330 bonum
1881 5279 2228 5329 commu-

334 5353 653 5478 ffissfssffig
685 5404 807 5471 ne,
874 5375 1057 5474 quia
1103 5375 1351 5472 diligit
1409 5398 1487 5449 se
1537 5384 1845 5474 propter
1901 5374 2220 5465 bonum,

353 5478 615 5592 ⁰¹¹¹⁸1²gf1‚i¹‘
682 5496 865 5594 quia
906 5493 1151 5588 diligit
1194 5517 1582 5567 summum
1626 5493 1913 5566 bonurn
1958 5491 2100 5566 sibi
2144 5500 2228 5565 ut

678 5613 1069 5688 virtutem.
1144 5608 1364 5684 Unde
1433 5609 1644 5683 fortis
1712 5609 1790 5683 in
1859 5609 1989 5683 illo
2050 5619 2223 5684 actu

2051 354 2292 424 LIBRI
2341 354 2464 424 ΙΙΙ.

2329 563 2408 613 se
2470 538 2797 613 maxime
2838 537 3112 635 diligit,
3175 537 3360 636 quia
3415 536 3494 613 in
3555 537 3702 611 hoc
3761 535 3876 609 fa-

2329 657 2602 731 ciendo
2658 655 2887 730 hahet
2949 680 3340 731 summum
3408 664 3661 731 actum
3721 652 3880 726 vir-

2329 775 2539 866 tutis,
2586 798 2761 872 quae
2796 783 2909 849 est
2947 798 3336 850 summum
3370 775 3662 856 bonum
3697 771 3870 847 sibi.

2428 894 2737 988 Contra,
2782 893 3086 969 duobus
3137 893 3548 993 propositis
3605 892 3678 964 id
3730 913 3883 964 ma-

2330 1011 2447 1108 gis
2505 1011 2876 1108 diligitur,
2949 1012 3072 1086 cui
3143 1022 3225 1086 ut
3274 1013 3469 1087 bene
3541 1010 3666 1103 sit,
3737 1007 3882 1083 eli-

2331 1129 2536 1226 gitur
2586 1129 2793 1204 aliud
2851 1154 3004 1205 non
3043 1153 3211 1206 esse
3257 1156 3273 1219 ;
3344 1131 3477 1205 sed
3521 1127 3879 1228 politicus

2334 1248 2496 1321 vult
2546 1271 2654 1341 se,
2717 1257 2793 1322 et
2850 1247 3176 1324 virtutes
3216 1272 3398 1323 suas
3456 1271 3612 1321 non
3674 1268 3871 1340 esse,

2334 1374 2418 1439 ut
2448 1365 2644 1440 bene
2677 1365 2774 1440 sit
2814 1365 3342 1442 communitati
3373 1394 3392 1460 ;
3429 1365 3692 1463 igitur,
3730 1374 3872 1440 etc.

2437 1484 2618 1558 [tem
2662 1483 2908 1578 aliter,
2972 1484 3104 1581 qui
3147 1484 3625 1581 experiretur
3677 1483 3755 1556 in
3798 1506 3879 1557 se

2334 1599 2562 1675 istum
2607 1610 2891 1691 actum,
2936 1601 3165 1676 sciret
3213 1625 3295 1677 se
3328 1625 3495 1678 esse
3555 1602 3633 1675 in
3695 1604 3884 1676 cha-

2332 1719 2581 1813 ritate,
2654 1720 2718 1794 si
2802 1719 3110 1795 habitus
3178 1719 3318 1797 iste
3386 1721 3688 1796 infusus
3766 1728 3882 1795 est

2333 1835 2818 1913 necessarius
2875 1846 3188 1936 propter
3265 1836 3485 1911 istam
3563 1837 3884 1913 circum-

2333 1954 2716 2029 stantiam.

2429 2072 2617 2148 Dico
2679 2072 2936 2169 igitur,
2982 2073 3060 2146 in
3118 2082 3396 2150 natura
3437 2074 3881 2174 incorrupta
4030 2065 4132 2131 13·

2336 2199 2584 2288 potest
2636 2190 2776 2265 iste
2818 2200 3033 2264 actus
3093 2191 3356 2265 haberi
3416 2215 3509 2266 ex
3562 2201 3882 2266 natura·
3925 2181 4201 2240 0¹¹⁰m⁰d⁰

3911 2246 4078 2294 Deum
4127 2244 4200 2292 di·

2335 2308 2901 2383 libus.·Potest
2955 2308 3316 2384 voluntas
3385 2320 3639 2385 creata
3704 2310 3883 2383 dili-
3910 2308 4228 2419 {igfflspgss

2336 2450 2516 2522 gere
2575 2426 2823 2501 Deum
2866 2450 3101 2525 super
3153 2427 3440 2523 omnia,
3488 2440 3571 2503 ut
3609 2428 3882 2523 Angeli
3915 2430 4235 2545 5333?ss-

2337 2545 2414 2618 in
2512 2568 2707 2643 pura
2799 2545 3241 2621 innocentia
3342 2546 4232 2623 intellexeruntperomnia-

2338 2661 2614 2756 Deum,
2651 2671 2725 2737 et
2763 2672 3178 2760 potuerunt
3229 2663 3338 2739 sic
3388 2648 3733 2761 diligere.
3800 2667 3890 2738 Et

2340 2778 2771 2854 substantia
2829 2788 3044 2855 actus
3091 2788 3339 2878 potest
3386 2781 3653 2855 haberi
3723 2782 3889 2856 sine

2341 2919 2432 2970 eo
2495 2894 2699 2994 quod
2742 2894 2869 2969 dat
2910 2894 3271 2990 charitas,
3331 2896 3514 2993 quia
3553 2896 3887 2971 intensio

2340 3022 2590 3113 potest
2646 3037 2815 3089 esse
2876 3037 2967 3089 ex
3004 3014 3267 3089 habitu
3332 3015 3736 3111 acquisito,
3789 3015 3892 3088 ita

2344 3132 2549 3229 quod
2590 3140 2940 3231 prompte
2981 3142 3231 3231 potest
3288 3132 3429 3208 iste
3490 3142 3706 3207 actus
3766 3134 3893 3207 ha-

2344 3249 2506 3325 beri
2548 3274 2640 3326 ex
2680 3250 3017 3326 amicitia
3048 3250 3449 3348 acquisita,
3489 3252 3684 3325 sicut
3726 3275 3893 3349 pro-

2342 3368 2471 3443 bat
2527 3393 2767 3443 unum
2828 3378 3398 3466 argumentum,
3464 3367 3633 3443 ideo
3706 3371 3894 3442 cha-

2344 3485 2527 3560 ritas
2578 3485 2706 3560 dat
2758 3485 3392 3585 acceptationem,
3461 3495 3535 3560 et
3591 3485 3892 3583 perficit

2343 3601 2788 3699 potentiam.

2442 3719 2854 3813 Quaeritur,
2901 3718 2962 3793 si
3019 3720 3241 3793 modo
3319 3728 3432 3795 est
3516 3720 3892 3794 intensior

2344 3836 2485 3913 iste
2579 3849 2793 3913 actus
2881 3837 3248 3935 diligendi
3328 3839 3576 3912 Deum
3656 3864 3892 3936 super

2343 3956 2603 4030 omnia
2663 3965 2976 4056 propter
3037 3956 3383 4031 habitum
3427 3957 3891 4031 charitatis?

2439 4082 2655 4171 Dico,
2695 4084 2946 4158 fervor
2983 4091 3057 4157 et
3096 4081 3418 4157 firmitas
3461 4084 3765 4182 semper
3797 4108 3892 4158 ex

2341 4209 2553 4298 parte
2622 4199 3013 4273 charitatis
3081 4207 3196 4274 est
3263 4197 3663 4292 intensior,
3729 4225 3890 4274 non

2341 4348 2386 4398 a
2448 4334 2660 4422 parte
2726 4321 3171 4397 voluntatis.
3238 4323 3387 4398 Sed
3446 4345 3543 4397 an
3615 4332 3892 4400 natura

2341 4451 2725 4538 corrupta,
2788 4449 2869 4514 ut
2928 4448 3215 4533 nostra,
3289 4449 3536 4538 potest
3605 4441 3889 4517 habere

2338 4559 2571 4633 istum
2631 4567 2914 4652 actum,
2979 4556 3297 4632 dubium
3363 4567 3501 4632 est.

2434 4676 2828 4772 Arguitur,
2913 4674 3146 4770 igitur
3220 4674 3313 4749 ad
3374 4675 3885 4750 substantiam
4048 4699 4161 4764 14,

2338 4803 2553 4869 actus
2622 4818 2775 4868 non
2818 4791 3238 4890 requiritur
3306 4792 3615 4867 habitus
3680 4794 4225 4880 inlu-‚Virtutes

2337 4935 2494 4986 sus.
2582 4911 2770 4984 Dico
2848 4909 3052 5007 quod
3113 4908 3371 4983 anima
3451 4912 3882 4985 secundum
3917 4870 4264 5004 miisssuatiaff'

2337 5028 2769 5126 portionem
2847 5026 3354 5124 superiorem,
3416 5036 3496 5101 ut
3555 5029 3885 5125 perfecte
3919 5003 4260 5114 ⁰32,‘223‘

2337 5144 2803 5243 perficiatur,
2858 5151 3157 5241 oportet
3228 5142 3391 5218 dari
3453 5143 3659 5218 illam
3715 5167 3888 5241 per·
3920 5121 4237 5233 Βαῆξῗῗε·

2334 5261 2738 5336 sectionem
2827 5287 2872 5334 a
2945 5262 3106 5336 Deo
3175 5260 3643 5355 immediate,
3726 5287 3883 5336 non

2334 5375 2537 5450 enim
2608 5400 2652 5451 a
2732 5385 3006 5448 natura
3071 5372 3466 5471 perficitur
3548 5399 3876 5449 summe.

2335 5493 2519 5567 Haec
2566 5503 2812 5565 tamen
2861 5491 3278 5589 propositio
3327 5499 3442 5567 est
3468 5491 3878 5586 credenda,

2335 5612 2538 5685 unde
2597 5620 2911 5708 propter
2949 5611 3117 5684 haec
3157 5618 3338 5685 sunt
3376 5609 3688 5686 habitus
3733 5634 3887 5687 res·
