4295 6326
665 405 796 474 646

670 579 1102 679 ceptionem
1144 580 1631 667 sacramenti,
1669 579 1798 653 sed
1862 578 2089 652 etiam
2141 585 2219 648 ut

676 696 771 772 ab
813 697 982 773 aliis
1015 708 1610 794 cognosceretur
1660 720 1826 770 esse
1875 695 1966 769 de
2004 694 2223 768 fami-

676 815 778 890 lia
818 839 960 890 sua
1000 817 1093 890 ad
1158 817 1518 912 majorem
1573 815 1893 910 gloriam
1966 837 2216 900 suam,

680 932 885 1029 quod
923 956 1071 1005 non
1111 943 1311 1006 esset
1353 933 1516 1005 sine
1552 934 2017 1005 charactere.

445 1064 551 1132 14,
781 1047 927 1122 Sed
963 1058 1257 1140 contra,
1290 1048 1769 1122 sicharacter
1794 1047 2217 1142 sitsignum

368 1180 610 1256 objectio
678 1164 1190 1261 susceptionis
1279 1164 1884 1257 sacramentalis,
1967 1173 2039 1236 et
2128 1164 2221 1237 ad

389 1257 576 1309 pruna.
678 1282 1043 1378 majorem
1089 1282 1408 1378 gloriam
1446 1282 1639 1378 ojus,
1673 1305 1842 1354 cum
1873 1281 2224 1353 Christus

682 1424 838 1472 non
874 1400 1141 1475 habuit
1174 1402 1694 1474 characterem
1753 1398 2061 1471 Ordinis
2101 1399 2217 1471 vel
2263 1445 2266 1448 -

677 1517 1112 1609 sacerdotii,
1143 1517 1324 1614 quia
1358 1541 1506 1590 non
1571 1517 1908 1614 suscepit
1956 1516 2049 1590 ab
2086 1516 2226 1589 ali-

678 1656 832 1730 quo
875 1633 1026 1707 alio
1059 1634 1503 1729 hujusmodi
1538 1643 2045 1720 sacramenta,
2084 1656 2225 1706 nec

679 1773 724 1824 a
763 1774 871 1843 se,
919 1749 1099 1846 quia
1153 1750 1344 1822 nihil
1398 1773 1477 1823 se
1525 1749 1776 1847 ipsum
1830 1749 1907 1822 in
1966 1750 2222 1846 aliquo

680 1890 846 1942 esse
879 1866 1259 1964 producit,
1318 1866 1668 1963 sequitur
1726 1867 1930 1963 quod
1978 1866 2228 1938 Chris-

678 1993 803 2058 tus
858 2007 1012 2058 non
1083 1983 1480 2058 habuisset
1564 1982 1782 2058 istam
1868 1983 2222 2079 gloriam,

681 2101 886 2198 quod
949 2125 1101 2175 non
1138 2101 1445 2175 videtur
1501 2126 1801 2194 verum,
1839 2102 2020 2197 quia
2062 2101 2226 2198 ipse

682 2241 843 2315 prae
876 2217 1047 2291 aliis
1083 2219 1224 2291 hoc
1259 2217 1677 2303 habuisset,
1722 2218 1783 2291 si
1828 2217 1895 2291 ei
1950 2217 2043 2290 ad
2086 2217 2229 2291 ali-

680 2358 911 2432 quam
958 2334 1283 2431 gloriam
1321 2336 1463 2409 hoc
1505 2334 2026 2432 pertinuisset.

780 2452 996 2545 Item,
1044 2461 1227 2525 tunc
1274 2451 1569 2549 antiqui
1636 2452 1901 2525 Patres
1958 2451 2227 2548 primae

682 2568 955 2644 aetatis-
996 2579 1341 2665 tempore
1411 2568 1603 2664 legis
1670 2578 1998 2659 naturae,
2072 2591 2223 2641 non

683 2685 1139 2761 habuissent
1180 2685 1400 2759 istam
1437 2684 1789 2780 gloriam,
1856 2684 2039 2781 quia
2074 2709 2225 2757 non

684 2803 994 2877 fuerunt
1024 2801 1487 2876 circumcisi.

781 2923 997 3016 Item,
1078 2905 1263 2995 tunc
1352 2922 1803 2996 Sacerdotes
1856 2922 2230 2995 habentes

682 3062 953 3114 omnes
985 3040 1495 3132 characteres,
1527 3047 1822 3112 tantum
1856 3038 2231 3111 haberent

685 3157 909 3233 istam
950 3156 1302 3255 gloriam,
1340 3168 1414 3231 et
1448 3156 1639 3231 nulli
1693 3155 1847 3247 alii,
1888 3156 2090 3253 quod
2127 3156 2230 3228 vi-

686 3276 910 3351 detur
951 3276 1539 3352 inconveniens

786 3393 895 3466 Ad
930 3392 1405 3466 omnesistas
1439 3390 1842 3465 instantias
1870 3391 1960 3465 de
1984 3390 2232 3464 Chris-

686 3520 790 3602 to,
813 3509 1149 3607 antiquis
1179 3510 1525 3607 patribus
1557 3520 1629 3584 et
1660 3509 2225 3596 SacerdotibuS,

688 3636 934 3723 potest
966 3626 1112 3699 dici
1147 3628 1350 3723 quod
1386 3625 1674 3700 sicu‘tin
1705 3636 1980 3701 natura
2021 3649 2235 3700 crea-

693 3755 763 3818 ta
831 3753 1009 3817 sunt
1115 3743 1397 3840 aliquae
1502 3744 2003 3840 perfectiones
2076 3767 2229 3817 non

689 3860 1169 3958 simpliciter,
1210 3860 1341 3935 sed
1404 3861 1476 3933 in
1539 3860 1668 3934 tali
1716 3869 2015 3953 natura,
2053 3859 2236 3956 quia

690 3989 872 4054 sunt
913 3978 1419 4075 perfectiones
1477 3979 2236 4076 supplentesimper-

691 4096 1128 4189 sectionem,
1191 4096 1295 4169 ita
1364 4105 1610 4193 potest
1685 4097 1830 4169 dici
1914 4097 2004 4171 de
2091 4096 2235 4170 isto

694 4213 900 4311 quod
961 4221 1074 4287 est
1131 4212 1490 4310 perfectio
1560 4214 2242 4311 supplensimper-

697 4331 1133 4417 sectionem,
1172 4340 1246 4406 et
1287 4330 1456 4403 ideo
1502 4354 1654 4403 non
1701 4331 2243 4428 competitom-

696 4450 885 4524 niuo
937 4448 1295 4546 perfecto,
1378 4471 1520 4521 nec
1584 4446 1809 4521 etiam
1881 4447 2244 4545 competit

698 4565 808 4641 illi
845 4589 1229 4664 personae,
1265 4564 1344 4637 in
1389 4588 1542 4662 qua
1592 4576 1705 4638 est
1757 4565 2015 4662 aliqua
2067 4590 2243 4662 per-

702 4684 924 4759 fectio
969 4682 1236 4779 major,
1275 4704 1502 4779 quam
1542 4679 1832 4773 sitista,
1874 4683 2243 4779 supplens

658 4858 664 4863 .
705 4799 1386 4900 imperfectionem.

802 4919 912 4995 Ad
962 4918 1113 4993 alia
1156 4919 1306 4992 duo
1361 4918 1558 5012 dic0,
1621 4918 1825 5015 quod
1895 4917 2091 4992 sicut
2137 4942 2241 4992 se-

707 5038 1047 5114 cundum
1119 5036 1490 5110 rationem
1574 5037 1998 5109 naturalem
2090 5059 2242 5108 non

706 5167 819 5233 est
851 5155 1206 5254 ponenda
1240 5153 1636 5251 pluralitas
1658 5145 1732 5223 in
1767 5151 2248 5225 naturalibus

707 5276 874 5352 sine
917 5271 1370 5347 necessitate
1423 5269 1779 5356 naturali,
1845 5270 1948 5343 ita
1978 5294 2250 5343 secun-

707 5397 891 5469 dum
953 5391 1324 5467 rationem
1416 5391 2078 5486 supernaturalem
2177 5400 2251 5464 et

709 5512 967 5599 fidem,
1017 5534 1169 5585 non
1205 5514 1382 5583 sunt
1422 5508 1643 5604 plura
1684 5507 2066 5605 ponenda,
2119 5507 2249 5581 ubi

712 5655 868 5709 non
956 5638 1279 5732 possunt
1356 5625 1712 5701 concludi
1803 5627 2253 5704 auctoritate

355 2494 615 2549 Secunda.

383 2984 581 3036 Tertia.

383 3404 459 3456 Ad
494 3404 623 3453 istas
674 3442 677 3443 γ

389 3470 597 3517 instan-

445 3532 566 3580 tias,

372 4940 450 4990 Ad
483 4935 640 5002 septi·

349 5016 494 5054 mum
511 5006 564 5052 et
586 5014 671 5050 oc·

402 5073 606 5116 tarum.

2084 400 2325 468 LIBRI
2371 400 2493 469 IV.

2330 575 2776 672 Scripturae,
2862 573 3068 667 fidei,
3164 576 3279 648 vel
3377 573 3862 660 Sanctorum,

2330 717 2502 766 cum
2549 691 2740 765 nihil
2786 692 3226 765 inveniatur
3268 692 3358 765 de
3429 694 3869 764 charactere

2329 810 2696 907 scriptum
2741 810 2829 883 ad
2895 810 3398 907 propositum,
3452 832 3589 882 nec
3634 807 3875 906 possit

2333 928 2635 1024 probari
2705 951 2840 1024 por
2901 928 3296 1011 rationem,
3363 929 3477 1000 vel
3538 925 3876 999 auctori-

2334 1053 2558 1116 tatem
2597 1044 3093 1134 Sanctorum;
3138 1052 3382 1115 tamon
3422 1040 3873 1114 auctoritate

2332 1159 2693 1234 Ecclesiae
2735 1161 3015 1252 solum,
3075 1169 3436 1256 tanquam
3486 1157 3663 1232 fidei
3697 1182 3878 1255 pro-

2330 1279 2554 1352 batur
2579 1302 2775 1369 esse,
2820 1277 3247 1375 sicut'patet
3288 1300 3520 1374 supra
3552 1300 3689 1374 per
3728 1276 3880 1348 dic-

2332 1405 2491 1468 tum
2539 1395 2845 1467 Domini
2881 1396 3302 1469 Innocentii
3340 1396 3571 1492 Papae
3623 1394 3749 1467 llI.
3804 1402 3880 1467 et

2332 1513 2502 1586 ideo
2546 1523 2855 1611 propter
2882 1513 3473 1587 declarationem
3515 1512 3879 1585 Ecclesiae

2334 1634 2757 1705 hocteneO.

2823 1968 3223 2045 QU.·²1‹JS‘1*10
3271 1968 3380 2032 IX.

2342 2141 2586 2206 Utrum
2639 2138 2999 2207 character
3054 2140 3145 2206 sit
3184 2137 3431 2225 aliqua
3485 2140 3721 2224 forma
3757 2138 3882 2203 ab·

2776 2250 3004 2316 soluta
3038 2250 3110 2314 in
3145 2247 3385 2315 anima
3411 2252 3446 2316 ‚⁹

2336 2439 2531 2494 Aleos,
2562 2442 2612 2496 4.
2645 2449 2786 2509 part.
2820 2448 3009 2510 quaest.
3044 2440 3130 2495 19.
3165 2456 3317 2494 num.
3369 2456 3407 2496 1.
3465 2438 3530 2494 D.
3582 2438 3791 2495 Thom.
3825 2439 3882 2492 3.

2403 2517 2547 2580 part..
2572 2517 2765 2582 quoest.
2798 2513 2887 2565 63.
2919 2519 3028 2567 arc.
3056 2515 3108 2565 2.
3161 2511 3373 2566 Athert.
3412 2514 3499 2563 hic
3549 2519 3653 2564 art.
3702 2510 3757 2564 3.
3813 2509 3880 2564 D.

2407 2585 2716 2638 Bonavent.
2752 2583 2842 2638 hic
2867 2593 3022 2638 art.t
3080 2592 3274 2653 quaest.
3329 2600 3365 2638 t.
3423 2581 3696 2636 Richard.
3747 2581 3878 2635 ctist.

2405 2657 2458 2709 5.
2495 2660 2603 2709 art.
2641 2673 2676 2710 1.
2711 2663 2903 2726 quoesst.
2932 2673 2967 2709 1.
3004 2655 3261 2711 Durand.
3314 2654 3441 2709 dist.
3500 2654 3550 2708 4.
3608 2660 3800 2724 quaest.
3839 2671 3876 2709 ι.

2407 2727 2580 2781 Sotus
2610 2726 2737 2782 dist.
2775 2744 2810 2781 t.
2839 2734 3032 2797 quase.
3069 2727 3119 2782 4.
3170 2735 3277 2780 nrt.
3329 2727 3383 2779 2.
3437 2728 3600 2780 Suar.
3648 2730 3778 2780 tom.
3822 2726 3878 2779 3.

2405 2798 2544 2865 disp.
2589 2800 2668 2853 11.
2704 2809 2829 2853 sert.
2863 2800 2916 2854 2.
2948 2805 3099 2854 Scot.
3132 2802 3190 2853 in
3221 2801 3399 2857 Oxou.
3437 2798 3526 2852 laic
3555 2806 3750 2869 qncest.
3789 2799 3874 2851 10.

2413 2872 2538 2925 l'ide
2566 2872 2771 2942 eum17.
2806 2872 3020 2942 Physic.
3056 2875 3247 2941 quaest.
3274 2872 3326 2926 lo.

2434 3052 2650 3141 Quod
2703 3076 2884 3125 non.
2919 3052 3090 3124 Tria
3130 3061 3310 3124 sunt
3350 3050 3425 3122 in
3469 3050 3752 3141 anima,
3799 3049 3870 3120 2.
4054 3073 4113 3135 1,

2337 3172 2591 3245 Echio.
2658 3195 2820 3268 cap.
2875 3170 2945 3242 5.
3022 3168 3407 3266 potentiae,
3478 3166 3879 3264 passiones
3930 3187 4200 3251 Arg.1·rt-

2338 3298 2409 3363 et
2447 3288 2777 3363 habitus.
2835 3288 3243 3360 Character
3296 3309 3446 3358 non
3512 3294 3625 3358 est
3657 3284 3880 3357 habi·
3912 3264 4196 3376 mg⁰a¹ilv335

2338 3414 2485 3493 ωε,
2526 3403 2705 3501 quia
2727 3402 3026 3476 habitus
3045 3408 3174 3485 cst,
3204 3400 3620 3475 secundum
3655 3422 3875 3497 quem
3914 3378 4219 3487 ”afibssffiffe'

2340 3522 2525 3596 benc
2559 3528 2628 3595 et
2654 3519 2849 3594 male
2883 3543 3327 3617 operamur,
3365 3518 3493 3592 sed
3527 3516 3882 3615 quando·
3960 3503 4177 3552 Α’ῑέῑῡῑ·

2339 3663 2487 3737 que
2530 3640 2967 3711 charactere
3018 3661 3170 3709 non
3218 3636 3877 3733 beneoperamur,

2340 3757 2523 3853 quia
2562 3763 2706 3827 stat
2753 3777 2926 3827 cum
2971 3762 3280 3849 peccato
3325 3750 3650 3844 mortali,
3687 3750 3885 3840 sicut

2341 3897 2512 3946 curn
2555 3870 2850 3947 morito..

2441 3990 2656 4073 Item,
2696 3986 2753 4061 si
2793 3986 2891 4059 sit
2919 3985 3186 4083 aliqua
3218 3987 3460 4060 forma
3500 3985 3881 4077 absoluta,

2345 4129 2493 4177 non
2535 4112 2779 4201 potest
2822 4126 2988 4177 esse
3023 4102 3402 4199 qualitas3
3473 4110 3679 4201 patet
3728 4102 3889 4175 dis-

2346 4220 2723 4295 currendo
2797 4244 2931 4318 per
2974 4220 3270 4318 species
3328 4220 3495 4317 ejus
3564 4243 3883 4313 omnes3

2351 4364 2558 4435 ergo.

2450 4457 2664 4548 Item,
2722 4456 2960 4528 forma
2992 4454 3371 4550 absoluta,
3427 4456 3655 4531 habet
3713 4479 3892 4554 pro·
3953 4471 4248 4521 Tertium

2353 4576 2592 4672 priam
2656 4571 3229 4670 operationein3
3296 4574 3427 4647 sed
3496 4576 3893 4647 character

2354 4691 2641 4764 nullam
2713 4689 2940 4762 habet
3024 4690 3383 4763 virtutem
3464 4689 3886 4787 operandi3

2354 4833 2560 4903 ergo.

2451 4924 2636 4996 Item
2670 4923 2922 4996 omnis
2956 4922 3195 4996 forma
3225 4923 3578 4996 absoluta
3621 4933 3734 5023 est
3756 4924 3894 4997 de·
3940 4943 4248 5013 Quartum„

2355 5040 2603 5114 lebilis
2646 5064 2688 5114 a
2738 5039 3109 5135 subjecto,
3173 5039 3248 5112 in
3291 5062 3443 5136 quo
3495 5049 3650 5133 est3
3707 5042 3897 5113 cha-
4247 5024 4248 5031 ἵ

2356 5167 2602 5232 racter
2659 5166 2772 5231 est
2826 5154 3308 5243 indelebilis3
3375 5180 3583 5252 ergo.
3649 5156 3899 5253 Major

2358 5284 2586 5373 patet,
2631 5285 2781 5347 tum
2819 5274 3000 5372 quia
3053 5273 3319 5365 forma,
3367 5296 3408 5347 a
3442 5296 3594 5370 quo
3629 5273 3901 5370 impri—

2362 5392 2617 5484 mitur,
2675 5399 2922 5488 potest
2961 5389 3280 5482 destrui,
3329 5390 3694 5486 quianon
3751 5414 3904 5463 ma-

2350 5507 2542 5607 joris
2602 5508 2902 5583 virtutis
2961 5518 3073 5582 est
3140 5507 3430 5604 aliquid
3505 5507 3902 5582 destruere

2361 5649 2595 5728 quam
2639 5628 2930 5721 facere3
2965 5648 3149 5722 ergo
3220 5624 3284 5700 si
3342 5627 3738 5701 character
3787 5637 3908 5701 est

3982 3973 4180 4022 Secun·
4247 3986 4248 3989 ’

4016 4036 4167 4085 duni.

4102 5966 4127 6096 Ἀ
