4295 6326
29 4648 566 4727 Qum*

661 386 789 455 542

2082 379 2320 449 LIBRI
2367 380 2488 450 IV.

669 563 962 656 formae,
999 562 1203 660 quod
1247 561 1473 637 credo
1504 584 1673 636 esse
1704 560 2210 657 verum,quia
2318 580 2523 650 men,
2560 566 2633 632 et
2664 581 2802 656 per
2868 558 3060 634 alias
3100 558 3512 657 qualitates
3587 567 3662 633 et
3718 557 3859 631 im·

664 679 886 753 aliter
960 688 1345 777 oporteret
1429 677 1940 776 compositum
2038 701 2204 753 esse

663 798 1173 896 compositum
1243 820 1334 871 ex
1400 796 1660 893 aliquo
1773 804 1848 870 et
1928 795 2199 888 nihilo,

660 922 845 988 tunc
887 914 1055 988 dico
1089 913 1291 1010 quod
1355 913 1652 988 nullum
1687 935 1926 1008 agens
1989 921 2204 987 natu-

662 1031 820 1104 rale
861 1036 1111 1128 potest
1166 1027 1371 1103 aliud
1417 1026 1749 1103 totaliter
1805 1050 1897 1101 ex
1955 1026 2200 1101 nihilo

656 1146 1267 1245 producere,nec
1298 1167 1433 1242 per
1474 1165 1958 1241 consequens
1997 1165 2201 1217 crea-

652 1293 763 1349 re.
810 1270 1028 1357 Quod
1088 1270 1326 1368 probo
1372 1266 1481 1343 sic
1524 1291 1539 1342 ε
1601 1266 1925 1356 Quando
1986 1266 2196 1341 aliud

651 1388 1076 1463 secundum
1169 1395 1403 1461 totam
1509 1408 1730 1460 suam
1819 1384 2195 1460 rationem

647 1503 1180 1604 praesupponit
1218 1503 1455 1597 aliud,
1488 1501 1680 1576 nihil
1723 1503 1890 1600 ejus
1943 1510 2195 1601 potest

646 1622 1071 1718 producere
1113 1619 1404 1719 aliquid
1445 1618 1694 1713 illius3
1732 1619 1867 1695 sed
1926 1618 2192 1694 formae

646 1738 1064 1814 materialis
1155 1736 1583 1812 secundum
1652 1744 1888 1811 totam
1959 1737 2186 1811 ratio·

643 1878 818 1929 nem
856 1877 1075 1928 suam
1137 1852 1667 1952 praesupponit
1738 1853 2183 1947 materiam3

641 1994 822 2068 ergo
865 1970 1057 2044 nihil
1101 1970 1271 2066 ejus
1309 1979 1560 2068 potest
1599 1969 2023 2067 producere
2058 1970 2189 2044 ali-

640 2088 823 2186 quid
880 2087 1247 2163 materiae.
1329 2086 1469 2161 Sed
1523 2086 1773 2184 qualis
1844 2095 1961 2161 est
1998 2088 2184 2162 ordo

638 2204 839 2279 inter
892 2203 1198 2300 agentia
1264 2203 1690 2277 secundum
1746 2226 1825 2277 se
1883 2210 2042 2278 tota
2104 2203 2185 2279 in

638 2320 1062 2414 communi,
1121 2320 1296 2395 talis
1346 2328 1461 2395 est
1518 2319 1704 2393 ordo
1763 2343 2028 2394 eorum
2100 2319 2178 2393 in

637 2437 799 2512 suis
833 2435 1324 2512 inferioribus
1388 2444 1467 2509 ut
1510 2434 1955 2523 individuis,
1995 2445 2075 2510 ut
2115 2435 2179 2508 si

636 2555 905 2630 albedo
961 2553 1387 2630 secundum
1446 2561 1680 2627 totam
1734 2576 1952 2627 suam
2001 2575 2179 2652 spe-

635 2673 830 2748 ciem
890 2672 986 2745 sit
1046 2671 1257 2770 prior
1296 2670 1723 2766 nigredine,
1783 2669 2178 2766 quodlibet

633 2786 1120 2861 individuum
1259 2782 1638 2859 albedinis
1743 2795 1854 2860 est
1964 2784 2177 2882 prius

632 2902 976 3001 quolibet
1071 2901 1470 2975 individuo
1565 2899 2020 2996 nigrediniS,
2102 2911 2176 2975 et

629 3045 768 3120 per
806 3043 1294 3117 consequens
1337 3020 1637 3092 nullum
1686 3018 2170 3092 individuum

630 3138 1058 3234 nigredinis
1119 3145 1362 3235 potest
1411 3135 1833 3234 producere
1895 3135 2174 3210 indivi-

628 3257 866 3332 duum
910 3254 1220 3351 aliquod
1291 3251 1719 3345 albedinis3
1766 3276 1949 3349 ergo
2030 3276 2172 3348 nec

627 3373 887 3469 aliqua
921 3373 1162 3444 forma
1200 3368 1617 3466 corporalis
1646 3371 1768 3442 vel
1814 3369 2173 3444 materia-

627 3488 721 3563 lis
770 3485 1183 3585 perficiens
1213 3484 1639 3578 materiam,
1685 3495 1758 3559 et
1789 3509 1956 3560 eam
2028 3510 2170 3560 na—

628 3603 976 3678 turaliter
1038 3624 1651 3701 praesupponens
1698 3611 1956 3698 posset
1997 3624 2165 3675 earn

629 3720 1078 3817 producere.

728 3836 875 3911 Sed
903 3835 1154 3909 adhuc
1188 3857 1340 3907 non
1386 3841 1500 3907 est
1529 3835 1932 3932 probatum
1977 3836 2165 3932 quin

629 3955 905 4029 coelum
969 3959 1226 4049 posset
1295 3950 1716 4047 producere
1795 3950 1886 4025 de
1966 3976 2166 4025 novo

627 4072 773 4145 ista
837 4067 1265 4166 corporalia
1303 4077 1376 4141 et
1415 4067 1863 4164 composita,
1893 4077 1966 4141 et
2033 4092 2168 4166 ρει·

626 4210 1111 4286 consequens
1142 4207 1429 4277 creare,
1475 4183 1659 4280 quia
1699 4184 1947 4282 ipsum
2008 4208 2163 4259 non

627 4315 741 4383 est
780 4303 1163 4404 posterius
1204 4300 1544 4386 materia,
1613 4325 1753 4376 nec
1812 4325 2168 4399 praesup-

626 4421 844 4523 ponit
910 4445 1107 4510 eam,
1164 4429 1245 4493 ut
1328 4417 1656 4510 videtur,
1725 4417 1920 4492 sicut
1996 4418 2164 4494 aliae

630 4542 894 4615 formae
926 4536 1390 4635 corporales,

278 4722 341 4771 aa
365 4729 595 4771 mentem
726 4658 869 4732 Hic
896 4655 1173 4729 dicitur
1200 4652 1405 4750 quod
1434 4653 1713 4726 coelum
1744 4675 1892 4725 non
1918 4662 2164 4750 potest

315 4783 561 4835 auorum.
626 4786 864 4851 totum
958 4771 1404 4868 producere,
1477 4768 1658 4864 quia
1734 4769 2162 4843 secundum

622 4891 1183 4987 Philosophum
1213 4887 1287 4960 Ἲ.
1328 4885 1569 4984 Phys.
1607 4892 1787 4960 teoet.
1832 4886 1944 4958 ls).
1995 4911 2163 4962 mo-

616 5032 808 5085 vens
849 5014 1243 5082 etmotum
1300 5011 1597 5100 oportet
1664 5025 1830 5076 esse
1898 5001 2156 5097 simul,

619 5126 803 5225 quia
870 5122 1065 5198 actio
1108 5144 1371 5196 eorum
1444 5127 1557 5194 est
1607 5118 1684 5190 in
1755 5127 1955 5194 actu.
2008 5119 2158 5193 Sed

619 5268 900 5342 corpus
941 5242 1247 5315 coeleste
1307 5262 1457 5311 non
1529 5248 1777 5335 potest
1826 5260 1993 5312 esse
2052 5237 2161 5311 si-

620 5363 778 5437 mul
816 5357 1045 5434 alicui
1089 5355 1457 5447 inferiori,
1530 5379 1670 5429 nec
1728 5377 1955 5451 agere
2023 5377 2161 5452 per

620 5487 1053 5557 contactum
1100 5475 1174 5549 in
1224 5472 1531 5569 aliquod
1594 5472 1939 5561 inferiuS‚
2009 5471 2156 5544 nisi

619 5623 757 5697 per
792 5595 1123 5670 medium
1197 5590 1623 5675 alteratum,
1696 5603 1775 5662 ut
1833 5613 1969 5686 per
2034 5591 2158 5663 lu-

312 3867 566 3919 nubium.

2315 674 2755 771 pressiones
2795 677 3110 772 activaS,
3156 686 3231 752 et
3278 677 3450 752 ideo
3517 699 3861 776 praesup-

2312 790 2530 888 ponit
2579 792 2681 888 id,
2714 794 2919 890 quod
2960 794 3187 870 debet
3225 793 3561 889 alterari,
3598 802 3672 869 et
3723 816 3859 891 per

2310 930 2796 1007 consequens
2839 935 2991 985 non
3028 922 3278 1010 potest
3318 912 3508 987 illud
3561 934 3849 987 creare.

2309 1024 2400 1096 Et
2488 1026 2655 1100 haec
2759 1027 2952 1102 ratio
3057 1028 3497 1127 aliquorum
3601 1029 3854 1106 valeat

2307 1154 2682 1239 quantum
2745 1156 3018 1244 potest,
3090 1171 3247 1220 non
3306 1147 3602 1222 videtur
3661 1146 3849 1221 mihi

2304 1261 2512 1358 quod
2540 1264 2731 1339 adeo
2766 1267 3042 1341 valeat.
3065 1266 3177 1343 De
3206 1268 3351 1342 hoc
3384 1268 3573 1344 alias
3612 1269 3658 1341 ⁶.
3697 1267 3845 1343 Sed
3877 1250 4200 1377 1‘1.¹3‘32{;15¹2·31

2302 1378 2393 1455 de
2436 1380 2695 1457 anima
2734 1383 3226 1474 intellectiva,
3271 1386 3477 1484 quod
3519 1408 3675 1461 non
3706 1408 3849 1485 po-

2298 1503 2445 1571 test
2486 1498 2729 1573 creari
2771 1522 2816 1573 a
2849 1524 3197 1599 corpore,
3241 1511 3475 1601 patet,
3511 1501 3695 1600 quia
3734 1511 3848 1577 est

2298 1612 2631 1689 nobilior
2683 1615 2895 1690 omni
2957 1617 3202 1693 forma
3256 1617 3668 1718 corporali,
3706 1641 3847 1694 nec

2295 1728 2389 1819 ab
2429 1732 2752 1827 AngeIo,
2792 1740 2874 1806 ut
2922 1733 3139 1831 prius
3204 1734 3612 1834 probatum
3673 1744 3838 1829 est3

2294 1868 2476 1941 ergo
2510 1870 2552 1920 a
2584 1850 2751 1922 solo
2785 1849 2972 1925 Deo.

2389 1964 2500 2039 De
2532 1967 2805 2061 gratia,
2851 1970 3056 2066 quod
3099 1992 3144 2043 a
3174 1972 3337 2044 solo
3381 1971 3543 2046 Deo
3600 1970 3842 2070 possit
3989 1996 4099 2064 17,

2291 2081 2561 2173 creari,
2644 2081 2753 2157 sic
2813 2084 3248 2159 ostenditur
3307 2110 3323 2162 ε
3390 2086 3650 2161 Gratia
3723 2095 3837 2162 est
3870 2109 4198 2225 ²2:333sz-

2289 2195 2480 2269 ratio
2514 2197 2856 2273 formalis
2898 2202 3447 2300 acceptationis
3478 2203 3759 2278 animae
3791 2227 3836 2278 a
3895 2237 3970 2285 na
3993 2251 4029 2286 a
4053 2238 4170 2288 20¹0

2288 2311 2478 2407 De0,
2513 2325 2587 2389 et
2621 2339 2768 2390 non
2806 2327 2922 2392 est
2954 2318 3102 2392 nisi
3130 2319 3368 2413 Deus,
3415 2320 3599 2419 quia
3637 2320 3830 2394 nihil
3885 2297 4169 2413 Deotgfa-

2286 2430 2498 2503 aliud
2529 2431 2760 2507 efficit
2798 2433 2876 2506 in
2940 2435 3224 2530 anima,
3265 2448 3348 2511 ut
3398 2446 3837 2536 acceptetur

2285 2557 2652 2646 tanquam
2723 2551 2958 2648 digna
3004 2552 3163 2628 vita
3213 2564 3504 2631 aeterna
3565 2582 3584 2649 ;
3651 2579 3835 2652 ergo

2283 2668 2528 2765 gratia
2568 2671 3053 2747 solummodo
3097 2682 3210 2748 est
3250 2698 3296 2748 a
3344 2674 3534 2749 Deo,

2381 2789 2596 2879 Item,
2633 2786 2880 2883 gratia
2921 2786 2998 2861 in
3045 2798 3299 2865 mente
3333 2789 3634 2865 ordinat
3677 2789 3832 2865 ani-

2283 2923 2485 2975 mam
2553 2903 2647 2975 ad
2715 2904 2992 2998 Deum,
3058 2914 3140 2978 ut
3198 2905 3293 2980 ad
3346 2904 3576 2981 finem
3651 2905 3829 2980 ulti-

2283 3040 2490 3092 mum
2539 3046 2557 3112 3
2603 3019 2736 3093 sed
2814 3021 3149 3119 primum
3210 3045 3450 3118 agens
3518 3032 3594 3099 et
3653 3022 3829 3098 ulti-

2281 3157 2453 3209 mus
2493 3133 2671 3209 finis
2747 3135 3079 3213 invicem
3158 3138 3303 3215 sibi
3381 3165 3829 3240 correspon-

2279 3249 2461 3324 dent
2497 3276 2512 3340 ;
2549 3252 2682 3327 illa
2712 3277 2891 3350 ergo
2933 3256 3198 3343 forma,
3233 3280 3410 3355 quae
3459 3260 3709 3333 solum
3751 3271 3826 3334 et

2282 3367 2608 3444 maxime
2659 3370 2964 3445 ordinat
3016 3372 3093 3445 in
3166 3372 3523 3448 ultimum
3555 3374 3818 3463 finem,

2277 3492 2391 3558 est
2421 3486 2670 3559 solum
2713 3496 2788 3560 et
2822 3488 3151 3563 maxime
3184 3513 3228 3563 a
3265 3491 3514 3588 primo
3583 3514 3827 3588 agen-

2275 3609 2375 3694 te,
2439 3602 2658 3676 aliter
2689 3627 2841 3677 non
2881 3604 3197 3680 haberet
3227 3630 3317 3681 ex
3351 3631 3433 3682 se
3462 3608 3821 3682 ordinare

2275 3717 2611 3791 animam
2654 3719 2747 3793 ad
2821 3720 3174 3794 ultimum
3236 3721 3466 3799 finem
3513 3752 3530 3816 ;
3576 3725 3821 3821 gratia

2275 3858 2457 3932 ergo
2490 3858 2535 3909 a
2565 3837 2727 3909 solo
2765 3837 2919 3911 Deo
2952 3847 3281 3914 creatur.

2371 3951 2887 4028 Confirmatur
2916 3979 3054 4053 per
3106 3958 3621 4053 Augustinum
3677 3959 3807 4035 lib.
3888 3956 4137 4071 Ᾰῑζιδυῗῑῑ·

2274 4069 2342 4141 8.
2377 4076 2643 4167 quaest.
2683 4070 2803 4143 53.
2838 4073 2969 4168 qui
2996 4074 3263 4148 eodem
3302 4077 3529 4151 modo
3562 4079 3815 4176 arguit

2273 4185 2364 4259 de
2400 4186 2746 4281 veritat),
2819 4187 3083 4264 dicens
3137 4190 3409 4266 :Deus
3462 4217 3614 4290 per
3675 4196 3815 4270 sei-

2260 4325 2492 4400 psum
2563 4304 2950 4379 neminem
3019 4305 3324 4405 decipit,
3394 4316 3506 4384 est
3609 4313 3813 4386 enim

2260 4441 2489 4516 purae
2519 4420 2863 4495 veritatis
2906 4427 2980 4495 et
2997 4423 3356 4521 justitiae,
3404 4425 3656 4524 dz'qnis
3714 4434 3818 4504 ca-

2271 4560 2445 4611 men
2487 4538 2722 4635 diqna
2760 4537 3118 4624 tribuens,
3157 4542 3338 4638 quia
3384 4543 3525 4618 lzoc
3567 4547 3817 4643 perli-

2268 4656 2529 4730 netad
2563 4657 2956 4732 veritatem
2989 4665 3062 4732 et
3077 4660 3499 4757 justitiam,
3526 4669 3611 4738 ut
3654 4687 3814 4738 om-

2268 4771 2390 4844 nis
2441 4773 2897 4867 praemietur
2959 4797 3106 4869 pro
3177 4777 3498 4851 meritis,
3559 4781 3647 4853 Et
3704 4781 3812 4854 sic

2268 4899 2475 4984 patet
2526 4889 3006 4987 propositum
3074 4892 3541 4989 specialibus
3595 4897 3815 4972 ratio-

2268 5005 2527 5098 nibuS,
2574 5006 2941 5102 quoniam
2984 5029 3439 5084 communes
3481 5013 3624 5087 hoc
3655 5038 3809 5089 non

2269 5121 2663 5198 sufficiunt
2694 5124 3126 5199 ostendere.

2364 5239 2473 5312 Ad
2511 5239 2831 5337 primam
2913 5240 3286 5315 rationem
3367 5243 3630 5320 dicunt
3699 5247 3806 5321 illi
3948 5260 4062 5328 18.

2266 5355 2358 5428 de
2394 5355 2640 5453 prima
2680 5357 2973 5431 ratione
3016 5358 3375 5454 superius
3416 5360 3811 5461 improba-
3843 5375 3925 5449 Ad,
3950 5390 4171 5450 argum.

2265 5481 2366 5566 ta,
2404 5476 2609 5572 quod
2653 5498 2890 5572 agens
2921 5474 3383 5572 inquantum
3417 5479 3495 5553 in
3540 5481 3811 5557 Sacra-
3843 5441 4152 5575 3233?ss

2266 5601 2523 5665 mento
2593 5590 2888 5666 inducit
2963 5590 3302 5688 aliquam
3379 5595 3809 5697 dispositio·
3882 5565 4137 5618 anorum.
