4295 6326
3560 433 3682 501 143

1414 430 1639 503 DIST.
1691 429 1949 504 XXIX.
2003 429 2422 513 QUAESTIO
2476 430 2710 501 UNlC.

25 636 30 667 ι
120 602 578 732 ξξξῦξήῗὲζῑὴ
625 616 878 682 creata
938 617 1053 683 est
1095 607 1562 707 principium
1625 607 1958 683 activum
1992 633 2012 701 ;
2127 604 2468 703 disponit
2525 605 2770 679 active
2842 613 3191 703 respectu
3269 602 3687 679 beatitudi-

116 732 262 793 pium
286 733 414 782 aeti·
474 720 843 815 secundO,
919 723 1249 819 qualiter
1312 732 1426 798 est
1496 722 1770 797 activa.
1844 721 2018 795 Pri-
2128 724 2276 797 nis.

201 809 351 846 ’ω’
474 860 683 911 mum
779 839 1081 914 declaro
1167 841 1593 915 secundum
1661 839 2016 937 Augusti·
2225 840 2448 914 Nunc
2501 850 2758 915 autem
2802 840 3219 915 videndum
3274 862 3410 938 per
3455 863 3683 938 quem

467 978 652 1029 num
696 980 928 1054 super
968 955 1155 1031 illud
1199 959 1521 1032 Roman.
1569 958 1637 1030 9.
1683 957 1866 1033 Non
1907 964 2019 1031 est
2126 956 2438 1029 modum
2530 956 2757 1030 habet
2855 956 3228 1029 rationein
3326 954 3683 1054 principii

463 1074 863 1159 currentia
931 1084 1073 1150 etc.
1144 1074 1283 1150 sed
1341 1076 1502 1149 Dei
1549 1076 2006 1150 miserentis.
2125 1071 2383 1146 activi.
2444 1072 2739 1147 Dicitur
2800 1072 3006 1170 quod
3074 1072 3152 1145 in
3222 1073 3485 1147 habitu
3557 1095 3682 1147 ac-

460 1190 548 1262 Et
607 1188 920 1263 adducit
964 1191 1492 1266 auctoritatem
1553 1192 1892 1290 Apostoli
1938 1191 2006 1264 1.
2124 1187 2411 1286 quisito
2466 1188 2685 1262 aliter
2744 1198 2884 1275 est,
2968 1211 3199 1286 quam
3261 1189 3338 1262 in
3413 1187 3675 1263 habitu

100 5463 420 5580 Gia‘ffissqs‘ii'
447 5504 517 5576 2.
565 5527 729 5601 cap.
793 5503 862 5573 6.
925 5501 1175 5576 Virtus
1225 5509 1334 5575 est
1390 5502 1787 5599 dispositio
1819 5525 1994 5600 per-

105 5590 415 5654 principium

137 5656 383 5706 activum.

456 1306 550 1379 ad
604 1305 950 1380 Corinth.
1000 1308 1116 1380 15.
1161 1307 1344 1383 Non
1395 1331 1553 1405 eya,
1591 1307 1730 1383 sed
1759 1308 2013 1406 qratia

454 1419 610 1494 Dei
664 1444 988 1508 mecum,
1066 1434 1208 1498 etc.
1276 1424 1447 1498 Non
1509 1434 1763 1499 autem
1832 1424 2013 1499 dicit

452 1535 658 1630 quod
717 1536 909 1609 nihil
970 1537 1153 1611 boni
1201 1539 1449 1633 saciat,
1494 1539 1625 1614 sed
1675 1539 1897 1633 nihil,
1945 1540 2007 1613 si

451 1648 583 1723 illa
642 1675 793 1724 non
841 1652 1266 1749 adjuvaret.

544 1766 746 1840 Alibi
790 1792 1025 1866 super
1066 1769 1257 1845 illud
1310 1770 1598 1845 Psalmi
1636 1794 1650 1845 :
1696 1769 2009 1872 Acijuva

442 1905 583 1955 nos
648 1883 890 1970 Deas’,
955 1894 1099 1960 etc.
1162 1885 1310 1973 Qui
1350 1886 1787 1982 adJuvatur,
1849 1910 2003 1961 non

447 2000 642 2076 nihil
688 2014 1079 2101 operatur.

544 2121 753 2196 Idem
812 2125 1297 2221 Augustinus
1356 2149 1590 2224 super
1630 2126 1831 2200 Psal.
1879 2125 1998 2198 64.

449 2236 798 2313 Charitas
840 2248 949 2314 est
1011 2241 1135 2315 hic
1180 2242 1402 2338 iynis,
1441 2242 1581 2317 sed
1628 2242 1740 2317 ibi
1775 2242 2004 2317 cami-

441 2375 585 2426 nus
629 2381 647 2446 3
685 2362 757 2428 et
802 2354 985 2429 alibi
1045 2356 1172 2430 alii
1235 2356 1494 2431 Sancti
1554 2366 2005 2455 comparant

444 2470 896 2544 charitatem
954 2472 1212 2546 ardori
1281 2483 1355 2547 et
1421 2473 1700 2548 fervori
1767 2473 1995 2571 ignis.

448 2585 553 2656 Ex
594 2585 713 2659 his
760 2595 967 2684 patet
1017 2588 1225 2684 quod
1287 2599 1441 2663 tam
1483 2590 1728 2685 gratia
1766 2613 1998 2687 quam

443 2704 806 2778 voluntas
847 2713 1029 2779 sunt
1075 2706 1455 2803 principia
1499 2706 1770 2781 activa.

545 2820 763 2914 Item,
825 2844 962 2918 per
1015 2822 1419 2911 rationem,
1482 2833 1699 2897 actus
1769 2825 2001 2899 meri-

448 2934 691 3010 torius
760 2961 897 3034 per
965 2961 1045 3012 se
1114 2948 1228 3013 est
1290 2938 1365 3011 in
1413 2947 1789 3036 potestate
1842 2964 2001 3016 me-

451 3053 747 3145 rentis;
822 3054 1057 3150 igitur
1123 3055 1184 3129 si
1282 3056 1529 3152 gratia
1613 3057 2000 3131 concurrit

446 3192 619 3243 cum
683 3173 1102 3266 voluntate,
1164 3175 1307 3247 hoc
1366 3173 1510 3248 erit
1565 3175 1642 3246 in
1705 3175 1998 3250 ratione

447 3288 803 3386 principii
895 3290 1149 3383 activi,
1245 3290 1464 3365 aliter
1548 3315 1703 3366 non
1799 3304 2001 3369 esset

453 3426 658 3478 mere
718 3403 795 3476 in
859 3414 1230 3502 potestate
1290 3406 1683 3482 merentis.

548 3520 764 3614 Item,
846 3522 1178 3596 charitas
1266 3533 1521 3598 creata
1611 3524 2000 3599 concurrit

450 3639 886 3713 necessario
930 3640 1021 3713 ad
1074 3639 1657 3734 beatitudinem,
1702 3650 1776 3716 et
1832 3641 2000 3739 ipsa

452 3782 876 3857 numquam
954 3758 1258 3851 excidit,
1335 3768 1413 3831 ut
1488 3769 1690 3856 patet
1761 3760 1828 3832 1.
1901 3759 2006 3833 ad

455 3874 801 3951 Corinth.
853 3873 968 3946 13.
1027 3876 1118 3947 Et
1176 3873 1594 3971 requiritur
1633 3875 1992 3969 charitaS,

448 4017 601 4067 non
669 4002 744 4066 ut
826 3991 1190 4089 recipitur
1242 3991 1634 4067 beatitudo
1694 3992 1767 4065 in
1857 4018 2000 4067 vo-

447 4110 767 4201 luntate,
817 4107 949 4180 sed
1012 4116 1096 4180 ut
1139 4130 1374 4182 causa
1430 4107 1730 4202 activa3
1777 4109 1997 4182 aliter

445 4221 646 4296 enim
711 4244 865 4294 non
926 4219 1309 4294 diceretur
1337 4218 1460 4293 liic
1503 4221 1725 4316 iynis,
1778 4229 1852 4295 ec
1891 4219 2002 4294 ibi

444 4339 819 4412 caminus.

542 4456 760 4547 Item,
842 4463 1130 4550 quanto
1218 4452 1510 4549 aliquid
1574 4452 1818 4549 magis
1883 4462 1998 4527 est

446 4571 913 4670 receptivum
1008 4567 1365 4668 alicujus,
1446 4577 1655 4643 tanto
1752 4569 1994 4665 magis

444 4689 670 4763 debet
727 4685 990 4785 perfici
1030 4712 1045 4772 ;
1093 4686 1225 4759 sed
1286 4688 1644 4760 voluntas
1704 4695 1818 4760 est
1871 4711 1994 4759 ra-

447 4805 548 4878 tio
617 4803 1004 4900 receptiva
1070 4801 1511 4876 immediate
1579 4800 1995 4876 beatitudi-

445 4922 615 5013 nis3
675 4920 909 5016 igitur
951 4942 1103 4992 non
1137 4919 1456 5014 juvatur
1496 4942 1541 4992 a
1587 4919 1986 5012 charitate,

442 5047 526 5112 ut
584 5035 925 5135 recipiat,
972 5035 1075 5109 ita
1106 5036 1309 5133 quod
1353 5036 1448 5109 sit
1505 5035 1842 5110 medium
1914 5035 1991 5108 in

443 5153 911 5252 recipiendO,
957 5151 1088 5226 sed
1151 5153 1400 5226 solum
1465 5161 1541 5225 ut
1597 5174 1642 5225 a
1702 5150 1994 5250 princi-

443 5268 570 5367 pio
638 5267 911 5344 activo.

545 5387 761 5480 Item,
831 5385 900 5456 7.
978 5383 1387 5458 Moralium
1466 5385 1780 5458 Eudem.
1854 5384 1984 5458 lib.

442 5622 631 5726 secli
683 5620 787 5694 ad
861 5617 1287 5715 optimum,·
1351 5617 1583 5714 igitur
1659 5619 1990 5694 charitas

2120 1305 2424 1398 infuso;
2501 1306 2705 1381 unde
2785 1330 2920 1404 per
2978 1307 3184 1380 aliud
3247 1317 3361 1381 est
3431 1316 3675 1396 actuS‚

2121 1444 2258 1517 per
2325 1421 2534 1496 aliud
2617 1422 3071 1520 expeditio;
3153 1432 3370 1497 actus
3449 1432 3564 1497 est
3636 1446 3681 1496 a

2119 1536 2487 1633 potentia,
2591 1537 2724 1611 sed
2824 1537 3207 1635 expeditio
3327 1548 3678 1636 respectu

2117 1653 2592 1749 operationis
2650 1663 2765 1728 est
2818 1677 2953 1750 per
3018 1653 3363 1727 habitum
3429 1653 3684 1751 acqui·

2115 1766 2377 1842 situm.
2439 1768 2612 1842 Non
2665 1768 2775 1842 sic
2825 1768 2918 1842 de
2980 1767 3246 1842 habitu
3300 1792 3682 1867 superna-

2113 1883 2373 1977 turali,
2472 1882 2655 1981 quia
2756 1907 2910 1957 non
2986 1885 3239 1958 solum
3333 1885 3675 1976 facilitat‚

2111 1999 2246 2073 sed
2347 2000 2476 2075 dat
2556 1999 2835 2075 elicere
2922 2000 3354 2075 secundum
3452 2002 3674 2077 istam

2081 2117 2232 2190 ’vel
2275 2114 2485 2190 illam
2532 2116 2921 2209 virtutem,
2973 2125 3045 2191 et
3103 2116 3236 2191 illa
3276 2128 3391 2193 est
3431 2118 3676 2192 virtus

2111 2232 2311 2325 talis,
2358 2256 2536 2331 quae
2567 2233 2659 2307 de
2702 2233 3043 2331 potentia
3099 2234 3454 2309 ultimum
3501 2259 3678 2334 ope-

2112 2357 2349 2441 ratur,
2420 2357 2495 2422 et
2571 2371 2727 2422 non
2803 2347 2911 2423 sic
2990 2349 3339 2424 consistit
3401 2349 3477 2423 in
3525 2375 3677 2427 me-

2110 2461 2416 2558 dietate,
2466 2474 2545 2539 ut
2605 2463 2912 2539 habitus
2970 2465 3440 2563 acquisitus3
3477 2466 3675 2542 sicut

2109 2579 2316 2654 enim
2364 2580 2537 2654 talis
2580 2580 2889 2656 habitus
2937 2583 3065 2656 dat
3104 2607 3264 2658 esse
3306 2608 3675 2682 superna-

2108 2700 2384 2794 turale,
2431 2700 2540 2774 sic
2599 2701 2728 2776 dat
2788 2702 3123 2799 operari.

2206 2817 2287 2891 Si
2349 2828 2603 2895 tamen
2677 2819 2821 2895 ista
2896 2822 3158 2920 opinio
3245 2825 3671 2924 distinguat

2109 2932 2308 3009 inter
2379 2934 2566 3011 istos
2633 2937 2970 3032 habitus,
3028 2940 3235 3036 quod
3300 2942 3666 3040 majorem

2106 3049 2471 3125 virtutem
2532 3052 2858 3127 activam
2904 3054 3133 3128 hahet
3174 3056 3481 3132 habitus
3540 3084 3668 3134 su-

2107 3170 2623 3264 pernaturalis
2695 3181 3042 3269 respectu
3105 3173 3224 3247 sui
3315 3174 3658 3272 effectuS‚

2108 3310 2343 3384 quam
2386 3289 2631 3363 virtus
2671 3290 3050 3388 acquisita
3106 3304 3451 3390 respectu
3506 3296 3658 3391 sui,

2106 3404 2406 3479 caeteris
2478 3405 2859 3502 paribus;
2932 3408 3172 3505 probo
3234 3411 3439 3506 quod
3508 3436 3663 3486 non

2105 3530 2222 3594 est
2299 3543 2595 3615 verum,
2677 3522 2861 3620 quia
2927 3523 3124 3598 actio
3198 3549 3350 3599 non
3423 3528 3664 3604 libere

2106 3638 2434 3731 elicitur,
2530 3640 2675 3714 nisi
2758 3640 2853 3715 ab
2948 3642 3299 3718 eliciente
3394 3645 3656 3722 libere.

2106 3753 2185 3828 Si
2235 3755 2469 3851 igitur
2526 3756 2694 3831 talis
2749 3757 3056 3832 habitus
3104 3770 3663 3857 supernatura-

2104 3869 2199 3946 lis
2250 3881 2423 3968 agat
2481 3895 2617 3969 per
2675 3873 2982 3946 modum
3049 3886 3375 3970 naturae,
3440 3887 3510 3952 et
3567 3880 3665 3952 sit

2104 4011 2342 4062 causa
2384 3988 2738 4087 superior
2777 4012 3010 4087 quam
3053 3993 3438 4086 voluntem,
3505 4018 3657 4069 non

2105 4103 2249 4178 erit
2316 4110 2460 4178 ista
2526 4105 2720 4179 actio
2795 4106 3033 4181 libere
3115 4108 3396 4203 elicita,
3478 4112 3661 4209 quia

2103 4220 2300 4294 actio
2371 4245 2523 4294 non
2606 4231 2717 4296 est
2796 4221 2873 4294 in
2950 4232 3321 4319 potestate
3402 4249 3657 4303 causae

2104 4336 2553 4434 principalis
2622 4364 2641 4430 ;
2742 4337 2978 4433 igitur
3057 4339 3122 4411 si
3213 4340 3658 4439 principalis

2104 4476 2341 4526 causa
2379 4451 2851 4550 operationis
2903 4455 3309 4530 meritoriae
3350 4458 3446 4530 sit
3495 4483 3659 4554 gra-

2105 4569 2235 4662 tia,
2305 4568 2473 4642 talis
2534 4569 3092 4666 operationon
3149 4571 3291 4646 erit
3358 4573 3435 4646 in
3521 4599 3659 4672 po-

2100 4693 2370 4760 testate
2450 4685 2814 4778 hominiS,
2874 4686 3057 4782 quia
3118 4711 3352 4763 causa
3409 4691 3657 4788 prima

2101 4801 2559 4875 determinat
2652 4803 3101 4896 secundam,
3196 4816 3268 4879 et
3374 4830 3525 4881 non
3615 4833 3655 4884 c

2101 4928 2430 5014 contra3
2517 4920 2669 4993 imo
2748 4923 3105 4996 voluntas
3175 4948 3330 4998 non
3399 4938 3659 5024 posset

2100 5046 2366 5112 contra
2433 5038 2752 5131 moveri,
2806 5046 2880 5111 et
2936 5063 3070 5136 per
3138 5065 3650 5140 consequens),

2098 5177 2242 5228 nec
2283 5153 2391 5228 sic
2432 5154 2814 5229 movendo
2859 5158 3159 5230 mereri.

2194 5270 2432 5344 Aliter
2527 5269 2830 5365 dicitur,
2921 5273 3126 5368 quod
3214 5275 3463 5353 simile
3541 5291 3652 5355 est

2098 5386 2299 5460 inter
2338 5386 2524 5460 istos
2567 5385 2874 5461 habitus
2906 5398 3281 5485 quantum
3338 5393 3430 5467 ad
3476 5397 3646 5490 hoc,

2100 5619 2409 5713 activa3
2483 5619 2840 5693 voluntas
2905 5627 3155 5696 tamen
3226 5634 3340 5699 est
3415 5650 3648 5703 causa

2098 5503 2304 5601 quod
2356 5513 2508 5577 tam
2560 5504 2916 5577 voluntas
2972 5526 3203 5601 quam
3254 5509 3499 5605 gratia
3538 5524 3654 5586 est
3720 5437 3952 5550 Αῃὲἒω
