4295 6326
627 408 753 476 170

625 591 787 656 tum
820 582 1111 656 malum
1158 580 1238 655 in
1298 581 1633 657 entibus.
1671 581 2179 678 Consequen-

626 697 732 773 tia
788 708 1019 797 patet,
1094 699 1278 795 quia
1372 697 1577 794 quod
1645 706 1761 771 est
1848 695 2177 771 maxime

623 817 803 907 tale,
840 825 949 889 est
1002 838 1238 888 causa
1276 814 1603 889 aliorum
1650 813 1717 886 1.
1763 811 2178 910 Metaplzy-

623 931 760 1006 sic.
826 930 1061 1028 igitur
1131 933 1419 1005 malum
1514 930 1771 1005 evenit
1825 953 1870 1004 a
1944 952 2180 1003 causa

629 1047 981 1122 ordinata
1045 1047 1136 1123 ad
1194 1047 1513 1145 ipsum3
1580 1070 1731 1121 non
1817 1045 2052 1143 igitur
2135 1067 2179 1118 a

628 1164 862 1259 bon0,
921 1188 1096 1240 cum
1165 1165 1455 1239 bonum
1495 1164 1689 1262 [non
1780 1163 2180 1237 ordinetur

631 1281 725 1356 ad
760 1283 1073 1357 malum.

736 1398 947 1491 ltem,
983 1396 1189 1494 quod
1234 1396 1525 1471 bonum
1584 1420 1740 1471 non
1807 1394 1907 1470 sit
1943 1416 2179 1469 causa

629 1514 1048 1590 materialis
1098 1524 1450 1612 respectu
1513 1514 1717 1605 mali,
1776 1512 2172 1612 probatur,

626 1630 813 1728 quia
841 1628 1199 1705 accidens
1230 1628 1679 1704 denominat
1696 1628 2126 1725 subjectum
2152 1655 2170 1720 3

629 1747 914 1821 malum
961 1768 1116 1819 non
1150 1744 1594 1819 denominat
1634 1745 1956 1837 bonum,
1992 1742 2178 1841 quia

627 1861 802 1935 lsai.
848 1861 918 1933 2.
982 1862 1108 1936 Vae
1160 1859 1318 1935 illis
1372 1861 1506 1958 qui
1555 1859 1821 1934 dicunt
1881 1857 2174 1933 malum

624 1978 935 2073 bonum,
1007 1988 1081 2053 et
1120 2001 1161 2054 e
1201 1986 1468 2054 contra
1498 2004 1516 2072 ;
1548 2000 1690 2052 nec
1740 1986 1855 2052 est
1881 1976 2172 2050 bonum

629 2095 1023 2170 materiale
1067 2094 1276 2184 mali,
1315 2104 1397 2169 u‘t
1428 2118 1603 2192 pars
1635 2092 2018 2170 essentiae.

720 2211 1173 2310 Oppositum
1230 2212 1559 2286 habetur
1624 2211 1702 2284 in
1750 2211 2027 2304 littera,
2099 2220 2177 2284 et

622 2328 1100 2425 Augustinus
1141 2327 1233 2403 de
1313 2326 1620 2425 Spiritu
1687 2333 1759 2401 et
1821 2325 2175 2423 concupi-

615 2447 927 2531 scentia,
963 2447 1030 2519 1.
1081 2445 1210 2520 lib.
1244 2453 1316 2521 et
1342 2444 1804 2520 Enchiridio
1835 2445 1906 2518 6.
1942 2452 2016 2520 et
2052 2444 2168 2517 16.

621 2563 826 2660 quod
867 2586 1022 2637 non
1065 2568 1178 2637 est
1212 2561 1506 2637 malum
1559 2563 1720 2636 nisi
1782 2561 1865 2635 in
1941 2559 2167 2653 bone,

618 2702 863 2777 neque
903 2677 1195 2753 malum
1227 2677 1387 2752 nisi
1421 2701 1468 2752 a
1498 2675 1722 2753 bono.

301 1410 595 1463 Decimum.

288 2219 372 2271 Ad
402 2234 565 2286 oppo-

396 2285 482 2334 sit..

1166 2990 1526 3049 scuoLluM
1579 2989 1621 3046 Ι.

687 3154 948 3229 Explicat
975 3154 1157 3228 primo
1188 3155 1323 3229 quid
1356 3155 1433 3211 sit
1464 3154 1709 3226 malum,
1741 3171 1945 3228 nempe
1978 3153 2170 3228 priva-

616 3248 694 3303 tio
719 3246 877 3304 boni.
908 3247 1201 3313 Secunde,
1234 3248 1384 3318 quod
1420 3247 1592 3303 detur
1623 3247 1681 3302 in
1734 3247 1988 3315 entibus,
2033 3247 2173 3318 quia

614 3339 842 3392 constat
873 3335 1069 3407 aliqua
1098 3351 1291 3392 carere
1337 3336 1704 3406 perfectione,
1753 3352 1928 3408 quam
1983 3336 2170 3392 susci·

614 3441 749 3498 pere
806 3433 939 3481 nata
994 3429 1155 3493 sunt,
1219 3429 1338 3481 tam
1399 3425 1454 3480 in
1516 3440 1728 3496 genere
1780 3425 1958 3480 moris
1991 3441 2167 3496 quam

615 3519 857 3571 natur-m.
887 3515 1102 3581 'sertim
1135 3515 1352 3570 malum
1403 3514 1617 3571 babere
1655 3529 1918 3583 causam,
1969 3520 2023 3570 et
2051 3531 2166 3570 non

611 3620 737 3661 esse
785 3623 816 3660 a
867 3621 1098 3660 summo
1144 3603 1322 3670 ma10,
1376 3608 1441 3658 ut
1483 3603 1781 3675 fingebant
1840 3604 2166 3671 Manichaei,

613 3695 931 3751 ostendens
962 3693 1070 3749 hoo
1119 3710 1245 3750 esse
1295 3693 1704 3765 impossibile;
1759 3694 1829 3749 de
1876 3710 1991 3766 quo
2036 3695 2167 3751 vide

611 3783 1002 3856 Augustinum
1034 3783 1236 3842 baeres.
1268 3784 1355 3840 46.
1389 3789 1446 3838 et
1476 3784 1562 3838 12.
1595 3782 1759 3839 civit.
1784 3800 1824 3839 1.
1857 3788 1914 3840 et
1938 3788 1992 3840 2.
2023 3789 2079 3841 et
2105 3787 2161 3843 5.

611 3872 869 3929 Confess.
907 3872 991 3926 12.
1023 3879 1077 3926 et
1109 3869 1393 3943 Epiphan.
1420 3871 1555 3928 haer.
1587 3872 1679 3927 27.

382 4105 450 4171 3,
709 4084 928 4159 Circa
967 4082 1473 4181 quaestionem
1554 4083 1800 4183 primo
1851 4085 2158 4160 declaro

610 4200 817 4298 quod
847 4201 1131 4273 malum
1165 4198 1424 4296 aliquo
1457 4199 1683 4274 modo
1725 4209 1839 4275 est
1878 4199 1957 4274 in
2018 4225 2161 4274 en-

611 4317 843 4391 tibus.
890 4316 1276 4409 SecundO,
1313 4316 1519 4413 quod
1565 4317 1794 4391 habet
1843 4340 2158 4392 causam

612 4436 691 4511 in
760 4436 1092 4522 entibus.
1173 4435 1452 4529 Terti0,
1523 4435 1854 4534 qualiter
1928 4436 2159 4511 habet

612 4574 925 4628 causam
967 4550 1043 4623 in
1087 4549 1419 4625 entibus.

259 4702 566 4755 Perfectum
712 4669 823 4743 De
865 4666 1113 4765 primo
1147 4676 1447 4764 oportet
1475 4669 1670 4742 scire
1712 4667 1898 4765 quid
1964 4668 2160 4743 dici-

259 4765 583 4892 ffigifflefff'
619 4798 738 4863 tur
778 4808 914 4883 per
940 4807 1222 4859 nomen
1260 4809 1276 4870 ;
1309 4807 1483 4858 cum
1533 4784 1764 4880 igitur
1830 4785 2156 4883 privatio

611 4910 1126 5000 cognoscatur
1154 4923 1293 4998 per
1324 4901 1698 4993 habitum,
1729 4909 1810 4975 ut
1839 4903 2158 4979 tenebra

608 5041 747 5118 per
778 5018 1058 5110 lucem,
1102 5024 1400 5113 oportet
1431 5015 1624 5089 scire
1655 5015 1841 5112 quid
1874 5014 2155 5091 bonum

609 5133 1015 5232 significat.
1111 5131 1301 5206 Dico
1384 5131 1591 5229 quod
1696 5130 1978 5206 bonum
2083 5143 2157 5209 et

598 5252 1032 5351 perfectum
1111 5248 1312 5323 idem
1400 5258 1581 5323 sunt
1673 5250 1742 5322 6.
1806 5249 2147 5348 Metaph.

600 5366 1054 5465 Perfectum
1083 5374 1337 5438 autem
1382 5363 1792 5461 dupliciter
1824 5364 2157 5439 dicitur:

606 5486 776 5560 Uno
837 5483 1093 5577 mod0,
1137 5481 1262 5557 cui
1331 5482 1525 5556 nihil
1595 5484 1834 5577 deest,
1881 5493 1953 5559 et
2006 5486 2153 5558 hoc

603 5600 1047 5696 intrinsece,
1127 5610 1202 5675 et
1267 5599 1458 5675 illud
1525 5611 1639 5676 est
1728 5601 2149 5699 perfectum

2038 403 2280 473 LIBRI
2324 405 2413 476 ΙΙ.

2284 580 2752 678 perfectione
2785 581 3172 656 essentiali
3206 580 3653 674 intrinseca,
3690 603 3824 654 seu

2283 697 2748 794 perfectione
2790 698 3035 795 prima
3080 726 3099 791 ;
3136 699 3286 772 alio
3350 698 3571 771 modo
3654 696 3833 770 dici-

2285 819 2409 885 tur
2439 814 2858 909 perfectum
2931 814 3395 911 perfectione
3455 814 3821 901 secunda.

2284 926 2408 1000 Sic
2453 928 2686 1024 igitur
2724 928 3005 1003 bonum
3047 929 3330 1028 duplex
3371 939 3528 1004 est:
3566 930 3824 1003 Primo

2287 1044 2539 1140 mod0,
2611 1056 2686 1121 et
2775 1047 3141 1121 secundo.
3208 1048 3509 1121 Bonum
3578 1047 3825 1145 pri‘mo

2285 1162 2510 1235 modo
2534 1186 2688 1236 non
2720 1173 2970 1260 potest
3000 1164 3284 1238 habere
3317 1163 3820 1257 contrarium,

2285 1300 2536 1375 neque
2615 1280 3077 1377 privativum
3143 1280 3221 1353 in
3295 1290 3596 1373 natura,
3644 1280 3827 1377 quia

2283 1396 2667 1471 contraria
2705 1408 2886 1472 nata
2916 1407 3098 1472 sunt
3127 1395 3293 1472 fieri
3323 1397 3527 1472 circa
3568 1398 3763 1471 idem
3798 1425 3815 1491 ;

2284 1512 2517 1609 igitur
2548 1515 2752 1612 quod
2821 1539 2978 1588 non
3056 1524 3170 1591 est
3244 1525 3507 1589 natum
3573 1514 3825 1590 inesse

2282 1631 2529 1726 alteri,
2595 1656 2748 1706 non
2806 1633 3035 1707 habet
3129 1632 3627 1726 contrarium,
3684 1655 3828 1707 ne-

2280 1770 2432 1845 que
2501 1749 2876 1848 privative
2936 1749 3373 1847 oppositum
3420 1776 3437 1836 ;
3484 1748 3617 1823 sed
3684 1748 3828 1823 bo-

2282 1888 2467 1939 num
2574 1890 2706 1941 seu
2839 1868 3260 1964 perfectum
3362 1866 3825 1965 perfectione

2278 1984 2553 2083 prima,
2600 1984 3055 2081 inquantum
3100 1985 3462 2081 primum,
3517 2008 3670 2059 non
3715 1992 3830 2059 est

2280 2111 2548 2176 natum
2652 2101 2871 2176 alteri
2979 2101 3257 2176 inesse.
3332 2100 3489 2175 Etsi
3619 2101 3826 2176 enim

2281 2228 2655 2317 quantum
2691 2217 2782 2291 ad
2826 2218 2897 2291 id
2969 2218 3176 2315 quod
3218 2227 3359 2312 est,
3398 2227 3655 2316 posset
3712 2220 3829 2292 al-

2280 2334 2421 2409 teri
2465 2334 2748 2427 inesse,
2812 2334 3136 2409 dicendo
3205 2334 3411 2431 quod
3470 2334 3828 2410 accidens

2280 2450 2540 2548 aliquo
2586 2449 2810 2523 modo
2869 2461 2983 2524 est
3051 2450 3469 2549 perfectum
3529 2450 3828 2548 perfec-

2277 2566 2484 2640 tione
2548 2565 2819 2664 prima,
2866 2567 2986 2641 vel
3056 2566 3472 2640 intrinseca
3528 2566 3828 2664 perfec-

2278 2683 2513 2778 tione,
2577 2683 2761 2781 quia
2816 2693 2932 2759 est
3024 2683 3480 2772 essentialiS‚
3564 2693 3822 2760 tamen

2278 2801 2737 2900 inquantum
2828 2801 3165 2900 primum
3258 2803 3550 2877 bonum
3641 2804 3822 2878 dicit

2275 2918 2819 3015 perfectionem
2856 2918 2931 2992 in
2974 2942 3056 2993 se
3089 2928 3164 2993 et
3228 2919 3320 2993 ad
3370 2943 3477 2994 se.
3515 2920 3817 2994 Bonum
3917 2931 4115 2982 Malum

3869 2995 4145 3058 quomodo

2276 3033 2511 3130 igitur
2548 3034 2886 3110 bonitate
2918 3035 3167 3133 prima
3218 3045 3515 3110 tantum
3590 3037 3819 3112 habet
3845 3056 4148 3184 oggffliteg

2275 3150 2709 3249 oppositum
2806 3152 3420 3248 contradictorie,
3496 3163 3577 3228 ut
3661 3178 3817 3228 non
3934 3183 4102 3233 hono.

2276 3269 2557 3345 bonum
2593 3299 2610 3363 3
2640 3270 2927 3345 bonum
2963 3280 3218 3345 autem
3257 3272 3597 3346 secundo
3666 3295 3821 3345 mo-

2273 3387 2399 3480 do,
2472 3386 2676 3484 quod
2765 3397 2880 3461 est
2966 3386 3511 3481 extrinsecum,
3591 3386 3822 3463 habet

2276 3507 2563 3580 malum
2606 3504 3043 3602 oppositum
3088 3504 3489 3602 privative.
3524 3505 3817 3581 Malum

2272 3621 2476 3695 enim
2556 3629 2670 3695 est
2743 3620 3068 3719 privatio
3135 3621 3319 3695 boni
3390 3622 3814 3697 secundum

2272 3736 2854 3842 Damascenum·
2906 3759 3075 3834 cap.
3166 3736 3281 3809 18.
3360 3748 3442 3811 ut
3504 3739 3820 3814 tenebra

2270 3852 2586 3927 luminis
2628 3880 2647 3946 3
2684 3852 2828 3926 isto
2870 3852 3105 3949 igitur
3188 3854 3527 3928 secundo
3586 3857 3814 3930 modo

2267 3969 2684 4068 opponitur
2714 3970 3003 4043 malum
3034 3969 3435 4067 privative.

2361 4086 2645 4160 Tamen
2688 4108 2893 4159 unus
2922 4084 3205 4160 Doctor
3242 4086 3264 4110 ⁹
3293 4086 3565 4183 probat
3603 4089 3809 4182 quod
3951 4111 4018 4175 4,

2268 4204 2555 4278 malum
2624 4225 2778 4276 non
2846 4212 2962 4276 est
3053 4201 3130 4275 in
3214 4203 3547 4298 entibUS,
3626 4204 4160 4303 quia·n.·rh0m.

2265 4321 2567 4394 nullum
2611 4319 2841 4393 habet
2865 4318 3365 4412 contrarium,
3403 4319 3546 4394 nisi
3600 4322 3807 4418 quod
3838 4290 4163 4404 ¹'¹'‘³'1⁴f⁸‘⁸'

2265 4443 2515 4534 potest
2544 4434 2926 4509 inhaerere
3002 4435 3249 4528 alteri,
3295 4435 3491 4509 sicut
3544 4437 3804 4512 lumen

2265 4550 2812 4642 intellectuale,
2844 4549 3029 4646 quia
3059 4550 3264 4646 quod
3309 4551 3620 4648 aliquod
3652 4576 3810 4627 esse

2266 4667 2521 4759 habet,
2576 4676 2827 4764 potest
2891 4666 3175 4741 habere
3246 4667 3645 4768 rationem·
3680 4693 3812 4744 ac-

2264 4784 2752 4883 ceptabilem,
2816 4783 2950 4858 sed
2992 4786 3282 4860 malum
3325 4787 3575 4883 culpae
3617 4812 3801 4861 non.

2357 4903 2640 4976 Tamen
2687 4901 2817 4975 illa
2859 4902 3049 4976 ratio
3090 4926 3245 4975 non
3322 4904 3622 5001 probat,
3660 4905 3807 4979 nisi

2264 5018 2356 5092 de
2401 5018 2600 5091 malo
2634 5017 2984 5114 opposito
3021 5018 3222 5091 bono
3265 5018 3511 5114 primo
3546 5020 3800 5093 modo.

2265 5135 2602 5209 Privatio
2645 5134 2851 5209 enim
2929 5132 3111 5207 boni
3171 5135 3510 5209 secundo
3580 5137 3805 5210 modo

2260 5259 2510 5349 potest
2550 5250 2767 5326 alteri
2801 5250 3182 5325 inhaerere
3230 5250 3427 5324 sicut
3483 5251 3801 5345 bonum,

2259 5377 2334 5442 et
2399 5367 2508 5442 sic
2564 5366 2880 5441 Boetius
2990 5366 3083 5440 de
3149 5364 3802 5462 Hebdomadibus,

2259 5510 2425 5584 cap.
2464 5486 2534 5558 9.
2609 5485 2950 5583 loquitur
3001 5485 3094 5559 de
3160 5485 3363 5559 bono
3431 5494 3506 5560 et
3570 5486 3801 5579 ma10,

2260 5626 2436 5676 cum
2504 5601 2687 5677 dicit
2753 5603 2957 5701 quod
3035 5626 3156 5676 res
3207 5625 3364 5677 non
3437 5626 3521 5677 eo
3605 5603 3810 5701 quod
