4295 6326
537 431 724 501 ,32

292 626 429 678 Nota
456 634 587 675 eon-

316 694 400 740 tra
420 686 589 750 impo-

362 753 555 801 nentes

353 812 563 865 Doctori

315 876 458 941 quod
504 888 602 947 po?

297 938 465 991 suerit
501 950 619 987 um-

327 1000 529 1052 vernale
559 1012 590 1049 ι

354 1068 468 1116 arte
501 1063 598 1113 rei.

308 1081 586 1189 &uomodo

295 1192 474 1242 unitas
504 1202 593 1239 na·

344 1260 479 1305 turm
509 1256 590 1302 est

388 1318 523 1366 haec.

336 1379 471 1429 Vide
505 1391 592 1428 su-

294 1457 394 1508 pra
424 1442 510 1491 hic
538 1454 590 1505 q.

244 1521 248 1525 ⁴
348 1510 392 1556 1.
419 1518 476 1555 n.
505 1506 583 1562 22,

743 602 961 694 Dico,
1006 598 1378 699 quodista
1411 598 1665 673 unitas
1706 606 1820 673 est
1854 606 2187 690 naturae,

653 732 733 798 ut
772 720 996 797 estin
1061 743 1213 793 uno
1257 717 1685 816 supposito,
1759 739 1912 791 non
1977 724 2057 789 ut
2115 715 2193 787 in

652 838 918 915 ordine
979 837 1072 911 ad
1123 835 1361 930 aliud,
1426 857 1678 934 neque
1749 834 1824 906 in
1890 832 2197 907 duobus

651 957 907 1034 simul.

750 1077 840 1150 Et
906 1095 1078 1148 cum
1133 1070 1436 1164 dicitur,
1495 1068 1866 1169 quidquid
1940 1076 2054 1142 est
2113 1066 2191 1139 in

650 1197 795 1269 hoc
837 1214 1189 1285 numero,
1227 1198 1341 1265 est
1390 1214 1631 1264 unum
1675 1211 2025 1277 numere,
2074 1209 2197 1259 ve-

651 1336 821 1386 rum
852 1321 965 1385 est
1012 1307 1560 1407 praedicatione
1622 1303 2198 1381 denominativa

651 1429 770 1503 vel
805 1423 1224 1503 essentiali.
1265 1424 1392 1498 Sic
1427 1425 1592 1498 haec
1632 1422 1887 1497 unitas
1946 1420 2199 1494 minor

651 1547 742 1621 de
785 1569 865 1621 se
908 1553 1022 1619 est
1070 1542 1235 1619 lzaec
1294 1566 1650 1636 numero,
1719 1565 1872 1615 non
1930 1542 2198 1614 essen-

645 1663 955 1756 tialiter,
1019 1660 1149 1736 sed
1202 1669 1499 1735 tantum
1560 1657 2191 1749 denominative,

649 1778 783 1853 sed
823 1774 1235 1851 haecceitas
1276 1784 1391 1850 est
1456 1797 1783 1849 numero
1853 1774 2022 1847 haec
2083 1794 2198 1846 es-

649 1896 1097 1974 sentialiter.
1149 1894 1366 1968 Sicut
1430 1893 1652 1967 aliter
1692 1891 1971 1965 dicitur
2027 1912 2197 1964 cor-

649 2038 797 2114 pus
847 2011 1303 2104 animatum,
1339 2010 1542 2107 quod
1587 2018 1701 2085 est
1739 2010 1979 2084 altera
2019 2030 2197 2104 pars

652 2129 1080 2230 compositi,
1154 2138 1228 2204 et
1319 2128 1541 2203 aliter
1610 2129 1839 2200 homo
1919 2124 2200 2199 dicitur

536 2250 539 2253 ’
651 2251 1090 2341 animatus3
1137 2269 1419 2344 corpus
1479 2244 1684 2320 enim
1728 2254 2022 2318 tantum
2070 2242 2198 2316 de-

427 3075 532 3145 14.

309 3196 387 3246 Ad
417 3207 625 3258 argum.

309 3260 426 3323 prin
440 3257 627 3323 cipale.

328 4474 411 4526 Ad
441 4470 606 4522 ratio-

315 4535 630 4600 nesopin.1.

316 5166 397 5216 Ad
443 5163 604 5216 ratio·

315 5244 411 5281 nes
425 5230 569 5293 opin.
584 5227 631 5279 2.

651 2365 1147 2447 nominative,
1183 2363 1315 2437 sed
1357 2363 1589 2436 homo
1653 2359 2190 2435 essentialiter.

653 2488 744 2561 Et
783 2483 892 2559 sic
941 2480 1349 2579 dupliciter
1405 2478 1683 2552 dicitur
1741 2478 1872 2552 illa
1941 2475 2198 2549 unitas

654 2601 932 2694 minor,
1013 2621 1193 2691 una,
1262 2596 1446 2694 quia
1503 2593 2017 2669 essentialiter
2084 2599 2200 2666 est

657 2741 814 2793 una
848 2715 1134 2790 unitate
1172 2712 1448 2787 minori
1481 2710 1893 2805 numerali,
1947 2718 2021 2784 et
2085 2717 2200 2783 ta-

663 2823 837 2910 men
873 2831 1445 2909 denominative
1481 2837 1595 2904 est
1628 2852 1784 2903 una
1842 2850 2195 2921 numerO,

659 2953 844 3053 quia
886 2951 960 3023 in
1006 2950 1149 3023 hoc
1179 2973 1332 3023 uno
1376 2970 1729 3022 numero.

746 3071 856 3146 Ad
893 3068 1230 3168 primum
1265 3065 1720 3167 principale,
1766 3063 1934 3138 dico
1995 3062 2200 3161 quod

663 3190 853 3265 ratio
915 3186 1365 3283 Philosophi
1457 3193 1572 3260 est
1639 3193 1905 3260 contra
1991 3182 2203 3257 ideas

664 3305 1035 3398 PlatoniS,
1073 3302 1256 3401 quia
1314 3292 1743 3377 substantia
1804 3300 2051 3398 prima
2090 3309 2205 3375 est

662 3425 754 3499 de
788 3447 867 3499 se
903 3424 1094 3515 haec,
1140 3420 1311 3495 ideo
1354 3420 1526 3495 idea
1582 3411 1735 3494 non
1779 3427 1893 3494 est
1958 3418 2206 3516 prima

660 3538 1114 3616 substantia.
1182 3536 1330 3612 Sed
1382 3536 1771 3635 loquendo
1805 3536 1896 3609 de
1930 3544 2207 3610 natura

660 3667 872 3734 extra
903 3655 1268 3743 animam,
1315 3654 1482 3752 ipsa
1534 3664 1648 3729 est
1710 3653 2023 3751 propria
2060 3652 2201 3747 illi,

661 3775 884 3872 cujus
949 3782 1091 3866 est,
1149 3772 1283 3848 sed
1340 3795 1492 3845 non
1565 3772 1657 3846 de
1731 3794 1839 3861 se,
1886 3771 2017 3845 sed
2074 3794 2209 3869 per

660 3890 952 3991 aliquid
988 3889 1373 3988 posterius
1443 3911 1523 3962 se
1602 3890 2070 3963 contrahens
2102 3887 2212 3986 ip-

662 4035 863 4104 sum,
906 4019 985 4084 ut
1018 4032 1155 4107 per
1193 4007 1745 4097 haecceitatem,
1792 4007 1963 4081 ideo
2023 4006 2208 4082 satis

662 4136 777 4203 est
846 4126 1038 4201 ratio
1093 4124 1545 4222 Philosophi
1618 4132 1882 4199 contra
1946 4124 2209 4198 Plato-

661 4269 870 4338 nem,
916 4242 1101 4340 quia
1140 4240 1311 4316 idea
1341 4264 1482 4339 per
1522 4240 1712 4314 nihil
1744 4242 2209 4315 contrahens

664 4371 779 4438 est
810 4359 1148 4459 propria.

762 4479 875 4553 Ad
958 4476 1294 4575 primum
1378 4497 1515 4572 pro
1575 4473 1953 4572 positione
2029 4475 2207 4570 alia,

666 4621 839 4674 cum
888 4595 1096 4688 dicit,
1138 4594 1428 4689 species
1497 4593 1685 4667 dicit
1720 4598 1952 4667 lotam
1984 4599 2215 4668 natu-

665 4740 834 4791 ram
863 4711 1468 4797 individuorum,
1500 4735 1770 4796 verum
1823 4720 1936 4786 est
1977 4722 2212 4788 totam

664 4832 1199 4932 quidditatem,
1248 4838 1322 4904 et
1353 4839 1599 4904 totum
1638 4853 1796 4904 6336
1839 4830 2220 4928 quiddita-

662 4952 938 5043 tivum,
976 4947 1384 5047 quiaillud
1428 4947 1769 5021 additum
1833 4972 1984 5023 non
2051 4975 2219 5049 per-

665 5066 858 5139 tinet
897 5063 988 5138 ad
1046 5061 1577 5161 quidditatem.

764 5182 877 5257 Ad
921 5180 1130 5256 aliud
1173 5167 1373 5274 dico,
1424 5180 1631 5278 quod
1678 5181 2066 5279 loquendo
2126 5182 2219 5258 de

667 5297 1050 5374 divisione
1107 5295 1407 5372 formali
1479 5296 1815 5393 proprie,
1890 5297 1999 5372 sic
2062 5323 2217 5373 non

670 5416 1041 5490 dividitur
1086 5414 1382 5514 species
1448 5414 1522 5486 in
1596 5413 2023 5508 individua,
2088 5417 2220 5492 sed

670 5555 921 5629 genus
985 5531 1062 5603 in
1118 5528 1467 5628 species3
1515 5529 1902 5627 loquendo
1963 5540 2223 5608 tamen

672 5649 764 5724 de
808 5648 1188 5724 divisione
1237 5648 1684 5743 formarum,
1734 5648 1930 5725 bene
1968 5660 2224 5750 potest

2004 420 2245 490 LIBRI
2292 422 2380 493 11.

2305 601 2600 701 species
2633 602 2867 678 dividi
2902 602 2979 676 in
3013 598 3433 687 individua,
3485 598 3690 673 unde
3746 594 3849 670 ibi

2307 736 2422 801 est
2467 725 2900 802 differentia
2974 726 3420 812 formarum,
3485 722 3617 797 sed
3694 742 3850 794 non

2306 844 2674 918 formalis.

2403 965 2514 1038 Ad
2586 962 2924 1039 rationes
2991 961 3355 1036 secundae
3450 957 3854 1058 positionis

2306 1104 2481 1155 cum
2524 1079 2830 1173 dicitur,
2859 1079 3244 1178 quantitas
3286 1083 3399 1151 est
3425 1076 3518 1150 de
3555 1075 3849 1168 scleaec,

2306 1197 2582 1271 falsum
2636 1206 2775 1288 est,
2860 1195 3042 1295 quia
3108 1194 3496 1293 quantitas
3563 1192 3854 1266 nullius

2308 1322 2422 1388 est
2448 1315 2541 1389 de
2569 1338 2650 1388 se
2690 1313 2879 1388 lzaec.
2936 1315 3244 1387 Etcum
3306 1311 3611 1405 dicitur,
3688 1311 3856 1407 ipsa

2304 1439 2659 1537 separata
2699 1438 2809 1507 63ί
2825 1428 3382 1529 plurificabilis
3405 1451 3504 1503 6oe
3531 1451 3638 1522 36,
3676 1428 3857 1526 quia

2307 1573 2405 1624 esc
2441 1573 2521 1623 se
2540 1554 2792 1648 potest
2823 1546 3096 1642 dividi,
3150 1571 3242 1622 ex
3301 1548 3447 1620 hoc
3501 1545 3851 1643 sequitur

2306 1666 2777 1765 oppositum,
2815 1663 3000 1762 quia
3029 1664 3236 1761 quod
3278 1687 3369 1738 ex
3411 1686 3492 1737 se
3535 1672 3649 1736 est
3689 1665 3850 1760 plu-

2306 1780 2707 1875 rificabile,
2757 1804 2910 1854 non
2957 1788 3069 1853 est
3129 1778 3598 1876 principium
3657 1777 3854 1851 divi-

2305 1898 2566 1993 dendi,
2603 1897 2787 1996 quia
2832 1896 3037 1994 quod
3081 1905 3195 1970 est
3254 1895 3446 1971 ratio
3519 1894 3858 1970 dividen-

2306 2014 2430 2107 tis,
2486 2013 2607 2087 vel
2652 2009 3196 2110 plurificabile,
3231 2011 3355 2084 vel
3395 2010 3710 2085 confuse
3744 2034 3862 2085 ac-

2306 2130 2614 2228 cipitur,
2652 2150 3053 2225 nunquam
3091 2137 3209 2202 est
3237 2127 3702 2226 principium
3744 2128 3859 2202 di—

2303 2245 2616 2321 videndi
2660 2254 2954 2343 partem
3006 2267 3050 2319 a
3099 2253 3317 2342 parte
3356 2271 3373 2332 3
3418 2266 3673 2340 neque
3727 2244 3864 2318 de..

2306 2362 2675 2460 relinquit
2755 2360 3147 2459 quantitas
3224 2362 3454 2434 talem
3540 2361 3856 2434 modum

2306 2484 2384 2557 in
2429 2481 2888 2574 substantia,
2954 2480 3083 2579 qui
3142 2502 3295 2552 non
3366 2478 3464 2553 sit
3529 2478 3737 2552 aliud
3811 2505 3855 2553 a

2307 2599 2764 2693 substantia,
2800 2598 2998 2672 sicut
3037 2595 3325 2670 dictum
3368 2604 3482 2672 est
3537 2596 3753 2694 prius
3801 2598 3848 2669 '.

2402 2717 2513 2792 Ad
2546 2716 2879 2790 rationes
2921 2714 3166 2789 tertiae
3199 2714 3628 2813 positioniS,
3676 2739 3851 2789 cum

2308 2835 2612 2928 dicitur,
2647 2833 2709 2907 si
2753 2833 2828 2906 in
2875 2856 3029 2906 uno
3065 2855 3222 2906 6336
3252 2841 3366 2907 est
3397 2832 3850 2907 determina·

2308 2960 2470 3025 tum
2540 2950 2635 3025 ad
2714 2948 3176 3042 universale,
3249 2958 3333 3023 ut
3422 2949 3849 3024 secundum

2311 3090 2468 3142 6336
2508 3065 3003 3154 diminutum,
3051 3065 3252 3163 quod
3290 3066 3521 3139 habet
3570 3066 3646 3140 in
3729 3066 3854 3139 in-

2310 3188 2613 3262 tellectu
2655 3213 2673 3279 3
2701 3185 2936 3282 igitur
2966 3185 3394 3259 secundum
3428 3208 3587 3259 6336
3610 3194 3847 3279 extra,

2313 3302 2518 3403 quod
2548 3310 2662 3377 est
2693 3325 2852 3376 6336
2907 3300 3383 3398 simpliciter,
3447 3310 3562 3375 est
3600 3301 3856 3376 deter-

2314 3423 2688 3497 minatum
2731 3421 2823 3495 ad
2894 3443 3061 3496 esse
3127 3420 3317 3494 haec.
3399 3420 3587 3495 Dico
3648 3422 3851 3519 quod

2312 3566 2466 3616 non
2501 3540 2876 3637 sequitur,
2909 3539 3092 3636 quia
3154 3563 3311 3614 6336
3362 3548 3571 3614 extra
3649 3540 3852 3638 quod

2313 3668 2426 3734 est
2489 3665 2816 3759 naturae,
2868 3655 3318 3753 simpliciter
3385 3665 3498 3731 est
3566 3655 3857 3731 indiffe-

2314 3800 2493 3851 rens
2526 3776 2618 3849 de
2655 3797 2736 3848 se
2770 3774 2865 3849 ad
2907 3797 3066 3848 6336
3111 3772 3607 3869 diminutum,
3649 3774 3854 3872 quod

2314 3895 2544 3970 habet
2574 3893 2651 3967 in
2697 3892 3120 3985 intellectu,
3164 3901 3237 3966 et
3287 3892 3382 3965 ad
3450 3915 3618 3967 esse
3679 3890 3851 3986 7200,

2317 4013 2522 4112 quod
2566 4011 2796 4086 habet
2835 4034 2971 4109 per
2997 4010 3642 4107 singularitatem.
3677 4012 3855 4086 Ideo

2316 4131 2380 4206 si
2422 4131 2501 4204 in
2581 4129 2975 4203 intellectu
3043 4130 3285 4226 possit
3353 4131 3634 4204 hahere
3699 4154 3857 4204 6336

2318 4250 2813 4336 diminutum,
2854 4248 3050 4322 sicut
3108 4249 3184 4321 in
3233 4272 3391 4323 6336
3446 4259 3658 4324 extra
3735 4249 3860 4322 in-

2317 4369 2706 4443 tellectum
2743 4375 2992 4465 potest
3022 4366 3306 4441 habere
3367 4389 3524 4441 6336
3577 4367 3863 4466 simpli·

2320 4485 2507 4560 citer
2548 4485 2831 4582 duplex
2871 4493 3249 4582 quantum
3267 4493 3380 4558 est
3421 4484 3513 4559 de
3538 4508 3647 4578 se,
3679 4494 3861 4560 tunc

2319 4611 2520 4678 esset
2558 4600 2806 4676 simile
2849 4599 3027 4673 hinc
3079 4600 3283 4690 inde,
3322 4609 3395 4674 et
3429 4610 3606 4676 tunc
3667 4602 3866 4677 sicut

2323 4717 2828 4819 quaerendum
2915 4725 3116 4793 essct
3186 4740 3338 4813 quo
3400 4718 3653 4793 unitas
3693 4743 3869 4793 rea-

2324 4837 2418 4911 lis
2468 4835 2720 4908 minor
2764 4834 2992 4908 habet
3068 4834 3435 4909 unitatem
3498 4835 3865 4933 majorem

2327 4953 2768 5043 formaliter,
2806 4952 2914 5026 sic
2964 4952 3471 5049 quaerendum
3531 4965 3731 5029 esset
3788 4955 3868 5028 in

2328 5093 2485 5146 6336
2525 5069 2932 5163 diminutO,
2982 5092 3135 5167 quo
3170 5069 3587 5145 formaliter
3643 5070 3870 5145 habe·

2329 5194 2443 5260 ret
2502 5183 2711 5259 aliud
2783 5183 3027 5280 magis
3097 5182 3592 5257 diminutum.
3653 5184 3869 5260 Sicut

2327 5302 2563 5401 igitur
2603 5300 2678 5376 in
2714 5325 2871 5376 6336
2920 5300 3299 5374 diminuto
3347 5325 3502 5376 non
3571 5311 3872 5401 oportet

2329 5442 2706 5517 quaerere,
2753 5442 2906 5517 quo
2958 5418 3190 5494 habet
3246 5442 3403 5493 6336
3472 5420 3867 5517 proprium

2331 5545 2630 5612 naturae
2674 5546 2887 5612 extra
2962 5535 3328 5631 animam,
3392 5536 3541 5611 nisi
3597 5562 3864 5635 agens,

2334 5652 2463 5728 sed
2545 5653 2867 5730 ulterius
2950 5661 3248 5752 oportet
3297 5675 3645 5753 quaerere
3732 5677 3872 5753 per

4008 961 4114 1029 15.

3891 2617 3908 2637 ⁶
3933 2615 4217 2680 Supinas.
4265 2612 4266 2615 ’

3911 2733 3995 2783 Ad
4030 2734 4197 2785 ratio-

3884 2810 3982 2847 nes
3997 2800 4154 2864 opin.
4173 2800 4217 2846 3.
