4295 6326
476 1208 541 1274 1.

348 1326 393 1376 1.
425 1322 633 1388 Opinio.

372 2626 634 2678 Secunda.

688 445 819 513 290

764 618 873 672 art.
909 630 948 670 1.
980 628 1030 684 q.
1065 614 1118 668 2.
1154 610 1483 668 Richardus
1513 614 1620 665 art.
1649 612 1701 666 2.
1726 626 1778 682 q.
1810 609 1863 664 3.
1898 607 2234 690 Durand3q.

763 688 816 743 3.
851 683 1080 741 Gabriel
1110 701 1159 754 q.
1189 685 1241 739 4.
1276 688 1382 739 art.
1416 684 1471 738 3.
1516 681 1659 737 Alm.
1703 698 1754 752 q.
1809 679 1894 735 11.
1947 678 2240 762 Mai-silius

766 776 816 830 q.
862 774 902 812 ι.
936 757 1004 812 Ηί
1051 755 1320 839 videntur
1370 770 1576 824 negare
1636 752 2118 834 compositionem
2177 767 2238 805 in

747 830 998 886 -Christo
1030 843 1281 900 proprie.
1317 826 1526 881 Suarez
1555 825 1609 881 3.
1641 840 1694 895 p.
1747 828 1875 909 tom.
1922 841 1961 878 1.
2003 822 2144 893 disp.
2181 826 2234 905 ἶ.

766 904 895 958 sect.
920 901 973 958 4.
1008 904 1057 956 et
1087 898 1142 956 d.
1174 900 1229 954 8.
1257 902 1385 954 sect.
1421 915 1459 954 1.
1493 896 1669 968 Vasq.
1702 895 1843 966 disp.
1880 895 1966 950 16.
2001 908 2237 967 oppost-

766 978 894 1030 tum
922 973 1193 1046 probant.
1226 971 1426 1026 Scotus
1457 970 1518 1025 in·
1546 972 1726 1029 oxon.
1761 967 1871 1025 liic.

800 1181 1189 1270 Quoeritur
1223 1179 1441 1255 tertio
1503 1180 1594 1254 de
1649 1179 1892 1253 tribus
1933 1178 2240 1277 opinio-

701 1299 934 1374 nibus
965 1299 1041 1373 in
1078 1298 1352 1389 littera,
1400 1320 1576 1394 quae
1654 1297 1750 1372 sit
1801 1296 2131 1371 tenenda
2159 1296 2238 1369 in

701 1417 958 1492 Verbo
1035 1425 1475 1491 assumente
1545 1423 1898 1489 naturam
1959 1416 2243 1488 huma-

700 1556 911 1608 nam.
949 1532 1226 1632 Opinio
1256 1531 1611 1629 quaedam
1646 1530 1861 1628 ponit
1900 1530 2105 1628 quod
2147 1553 2241 1605 ex

698 1648 958 1725 anima
1016 1657 1090 1723 et
1129 1670 1447 1745 corpore
1490 1646 1982 1722 constituitur
2063 1646 2241 1744 qui-

696 1767 871 1841 dam
931 1768 1191 1859 homo,
1228 1775 1301 1838 et
1372 1787 1526 1838 non
1575 1763 1962 1838 concurrit
2017 1763 2242 1838 tertia

695 1892 998 1957 natura.
1047 1881 1431 1974 Secunde,
1470 1880 1672 1979 quod
1726 1880 1865 1954 iste
1925 1879 2239 1977 quidam

699 2003 928 2075 homo
1004 1999 1430 2075 assumitur
1510 2022 1555 2073 a
1612 1998 1892 2073 Verbo,
1955 1997 2233 2088 TertiO,

696 2119 908 2216 quod
931 2128 1242 2216 propter
1264 2115 1676 2192 maximam
1711 2115 2074 2192 unitatem
2112 2140 2241 2191 as-

697 2235 1160 2334 sumptionis
1222 2258 1492 2309 verum
1553 2244 1667 2308 est
1747 2234 2026 2325 dicere,
2090 2236 2238 2308 hoc

696 2360 809 2426 est
869 2353 1039 2425 hoc.
1080 2353 1170 2425 Et
1201 2357 1473 2447 quarto
1525 2348 1873 2446 sequitur
1912 2372 2004 2424 ex
2059 2351 2233 2444 hoc,

695 2468 902 2565 quod
943 2467 1297 2541 Christus
1339 2475 1453 2540 est
1492 2465 1672 2540 duo,

791 2585 1151 2660 Secunda
1208 2582 1470 2680 opinio
1531 2582 1745 2679 ponit
1807 2582 2235 2656 contradic-

592 2777 596 2782 .
688 2702 964 2777 toriam
1002 2702 1301 2800 primae.
1341 2700 1431 2773 Et
1499 2699 1576 2771 in
1630 2701 1775 2774 hoc
1816 2698 2020 2796 quod
2054 2699 2236 2772 dicit

406 4604 597 4654 Tertia.
691 4641 694 4646 .

690 2820 897 2918 quod
929 2843 1021 2894 ex
1060 2818 1319 2892 anima
1358 2826 1432 2891 et
1461 2840 1778 2916 corpore
1831 2816 2236 2892 constitui-

686 2949 818 3015 tur
871 2938 1189 3036 quidam
1243 2937 1499 3023 hom0‚
1571 2944 1645 3009 et
1710 2935 1785 3008 in
1850 2937 1994 3010 hoc
2027 2935 2233 3033 quod

690 3060 838 3133 ista
869 3055 1085 3155 ponit
1118 3053 1323 3152 quod
1388 3053 1646 3130 anima
1686 3064 1755 3128 et
1806 3077 2086 3152 corpus
2164 3062 2236 3127 et

689 3176 916 3252 tertia
975 3183 1254 3247 natura
1312 3181 1785 3246 concurrunt
1851 3172 1947 3247 ad
2001 3196 2233 3247 unam

693 3315 1132 3394 personam.
1199 3289 1566 3364 Similiter
1609 3289 1790 3363 dicit
1844 3290 2047 3388 quod
2093 3291 2237 3364 ista

694 3409 985 3485 faciunt
1028 3429 1436 3505 personam
1486 3406 2014 3504 compositam,
2059 3428 2235 3503 quae

694 3536 872 3601 ante
932 3522 1536 3599 incarnationem
1597 3523 1737 3596 fuit
1777 3523 2125 3620 simplex,
2165 3531 2238 3598 et

693 3652 866 3743 post
915 3640 1524 3716 incarnationem
1575 3638 1713 3714 fuit
1782 3639 2231 3737 composita,

693 3771 767 3836 et
799 3760 925 3835 isti
986 3759 1271 3832 habent
1317 3757 1570 3832 dicere
1604 3757 1808 3854 quod
1855 3781 2009 3831 una
2059 3782 2236 3854 per-

692 3899 884 3952 sona
957 3899 1113 3948 non
1176 3883 1290 3947 est
1348 3872 1524 3965 alia,
1571 3874 1703 3946 sed
1758 3871 2104 3948 subsistit
2155 3872 2232 3945 in

692 3993 868 4085 alia,
903 3999 977 4065 et
1015 4013 1169 4063 non
1228 3988 1450 4062 debet
1503 3988 1685 4062 dicit
1738 4012 2069 4087 persona
2117 3989 2238 4062 di-

689 4110 873 4183 vina
912 4107 1109 4181 facta
1177 4105 1553 4198 absolute,
1616 4105 1802 4202 quia
1861 4128 2015 4179 non
2083 4105 2232 4179 nisi

692 4250 866 4301 cum
937 4223 1607 4316 determinatione,
1667 4223 1818 4297 sic:
1911 4222 2234 4299 Verbum

690 4342 984 4442 factum
1027 4346 1136 4424 esc
1172 4362 1347 4413 caro
1389 4341 1510 4414 vel
1550 4339 1800 4428 hom⁰‚
1840 4349 1913 4414 et
1971 4340 2235 4414 dicunt

697 4457 903 4555 quod
945 4455 1294 4530 Christus
1336 4465 1449 4529 est
1493 4478 1728 4529 unuin
1774 4456 1983 4553 quid.

791 4574 1042 4650 Tertia
1132 4572 1393 4670 opinio
1455 4572 1906 4647 contradicit
1965 4573 2233 4670 prima}

696 4693 772 4765 in
812 4694 983 4785 hoc,
1022 4688 1227 4787 quod
1269 4698 1495 4784 negat
1540 4689 1929 4763 hominem
1976 4713 2236 4787 quem-

695 4813 923 4897 dam;
990 4817 1219 4904 negat
1287 4809 1515 4883 etiam
1594 4808 2010 4881 secundam
2079 4808 2235 4904 opi-

693 4930 1004 5003 nionem
1039 4928 1114 5000 in
1152 4930 1295 5001 hoc
1328 4926 1530 5024 quod
1566 4924 1748 4999 dicit
1787 4925 2073 5023 aliquid
2109 4949 2233 5000 es-

692 5073 772 5124 se
807 5047 1314 5145 compositum
1339 5069 1428 5119 ex
1463 5045 1611 5138 his,
1650 5044 1831 5143 quia
1873 5045 2013 5118 ista
2043 5069 2233 5143 prze-

691 5166 1014 5240 dicatio:
1059 5163 1405 5238 Chr-istus
1433 5169 1542 5235 esc
1588 5160 1810 5235 lzomo
1869 5164 1987 5236 vel
2049 5164 2232 5237 Ver-

692 5283 899 5377 bum,
963 5284 1212 5356 solum
1272 5289 1385 5353 est
1444 5278 1883 5372 habitualis,
1956 5289 2029 5352 ct
2071 5303 2223 5353 non

694 5402 1078 5495 formalis,
1132 5399 1333 5506 unndc
1394 5397 1741 5471 Christus
1787 5406 1900 5470 cst
1966 5399 2224 5490 homo,

691 5520 1117 5598 secundum
1162 5517 1535 5590 habitum.
1569 5516 1679 5589 Ad
1718 5518 1856 5589 hoc
1894 5525 2006 5590 est
2043 5540 2231 5590 auc-

687 5639 953 5714 toritas
992 5633 1363 5736 Apostoli,
1417 5632 1510 5706 ad
1563 5632 1893 5736 Philipp.
1945 5634 2010 5705 1.
2063 5633 2231 5708 Ha-

2106 432 2348 502 LlBRI
2395 432 2517 502 111.

2344 605 2505 682 bita
2546 607 2897 682 inventus
2914 613 2999 681 ut
3016 605 3265 681 home.
3297 608 3388 679 Et
3412 600 3890 699 Augustinus

2346 724 2477 800 lib.
2516 725 2637 798 83.
2687 748 2805 823 qq.
2846 724 2964 799 63.

2896 1013 3259 1071 SCHOLIUM
3300 1017 3344 1072 Ι.

2415 1166 2686 1222 Ostendit
2714 1167 2925 1240 primo,
2958 1171 3159 1223 contra
3195 1165 3420 1223 tertiam
3453 1166 3891 1237 opinioncm‚ex

2343 1255 2542 1312 anima
2570 1260 2627 1311 et
2664 1272 2903 1328 corpore
2943 1254 3152 1312 Christi
3199 1255 3427 1310 factum
3476 1255 3654 1311 fuisse
3704 1270 3889 1311 unum

2346 1358 2449 1414 per
2478 1359 2558 1412 se,
2590 1341 2853 1415 alioquin
2887 1342 2945 1397 in
2979 1342 3175 1398 triduo
3217 1341 3425 1397 fuisset
3456 1340 3645 1411 homo,
3698 1345 3756 1398 et
3785 1357 3890 1397 ne·

2347 1441 2473 1489 tura
2524 1433 2784 1490 humanu
2841 1434 2900 1487 in
2944 1432 3177 1489 Christo
3228 1429 3435 1488 fuisset
3491 1431 3891 1503 imperfectior

2347 1539 2521 1596 quam
2553 1524 2610 1578 in
2650 1522 2801 1579 aliis.
2863 1522 3151 1592 Secundo,
3206 1536 3332 1578 esse
3391 1536 3647 1578 errorem
3703 1521 3894 1579 dicere

2345 1616 2498 1686 quod
2528 1614 2794 1671 Christus
2825 1615 3147 1670 secundum
3188 1612 3343 1684 quod
3396 1612 3592 1680 homo,
3647 1628 3761 1668 non
3806 1619 3893 1667 est

2345 1703 2588 1776 aliquid.
2623 1704 2842 1772 Terti0,
2872 1702 3076 1758 falsum
3109 1718 3238 1759 esse
3269 1702 3422 1774 quod
3457 1702 3579 1758 haec
3610 1706 3697 1758 est
3739 1717 3885 1773 prae·

2346 1794 2558 1853 dicatio
2590 1793 2911 1850 secundum
2944 1792 3207 1849 habitum
3245 1809 3258 1847 :
3294 1791 3544 1848 Christus
3575 1798 3654 1849 est
3706 1792 3889 1863 homo,

2345 1882 2480 1954 quia
2514 1881 2672 1937 nulle
2719 1881 3049 1939 substantia
3096 1880 3182 1937 sic
3228 1880 3597 1951 praedicatur.
3650 1882 3888 1950 Quarto,

2345 1979 2545 2028 contra
2576 1969 2824 2043 primam
2859 1969 3191 2042 opinionem
3225 1970 3412 2033 docet,
3445 1967 3738 2025 hominem
3772 1985 3888 2025 non

2343 2060 2588 2133 assumi,
2619 2061 2758 2133 quia
2788 2058 3035 2118 includit
3065 2059 3559 2131 personalitatem,
3605 2062 3661 2115 et
3713 2058 3891 2132 expli·

2343 2157 2440 2211 cat
2470 2151 2841 2211 auctoritates
2872 2151 2930 2208 in
2966 2151 3323 2225 oppositum.

2442 2355 2590 2430 Sed
2636 2354 2855 2429 tertia
2913 2352 3174 2451 opinio
3224 2362 3338 2427 est
3392 2352 3885 2428 irrationabi-
4052 2378 4121 2442 2,

2342 2472 2462 2566 lis,
2507 2471 2689 2570 quia
2716 2471 2776 2545 si
2820 2494 2912 2545 ex
2956 2470 3215 2544 anima
3246 2479 3319 2544 et
3349 2493 3667 2567 corpore
3726 2494 3880 2544 non
3911 2492 3966 2542 si
4002 2505 4070 2542 ex
4109 2492 4234 2542 ani-

2342 2589 2427 2663 fit
2465 2589 2974 2664 essentialiter
3019 2611 3288 2682 unum,
3341 2588 3575 2685 igitur
3615 2612 3882 2686 aequa-
3911 2559 4256 2682 ῗοῗοθὲοοὲἒῖ

2339 2707 2511 2782 liter
2569 2706 2709 2779 fuit
2764 2704 3112 2779 Christus
3168 2706 3400 2778 homo
3468 2705 3545 2777 in
3632 2693 4228 2854 triduorgssffiffissm

3868 2823 3881 2836 ·
3941 2807 4020 2856 uit
4089 2820 4222 2856 omo

2344 2823 2636 2918 mortis,
2693 2823 2890 2897 sicut
2955 2831 3130 2896 ante
3186 2832 3261 2896 et
3335 2833 3531 2920 post,
3582 2822 3765 2919 quia
3823 2848 3883 2897 si
3947 2867 4216 2919 ,numm

2342 2964 2497 3015 non
2567 2940 2740 3039 plus
2820 2938 3238 3036 requiritur
3303 2940 3396 3012 ad
3468 2941 3610 3013 hoc
3679 2939 3884 3036 quod
3965 2932 4186 2984 ''mu‘-

2342 3056 2690 3131 Christus
2744 3055 2840 3130 sit
2901 3057 3159 3149 homo,
3208 3055 3357 3129 nisi
3401 3056 3584 3130 unio
3653 3055 3884 3130 Verbi

2344 3176 2437 3250 ad
2470 3175 2806 3250 animam
2840 3181 2914 3248 et
2967 3197 3276 3271 corpuS,
3329 3197 3504 3247 cum
3545 3172 3883 3266 Verbum

2343 3292 2489 3365 ista
2565 3312 2968 3387 nunquam
3068 3289 3636 3386 dereliquisset,
3719 3299 3890 3386 post

2344 3408 2953 3506 assumptionem
3047 3429 3353 3504 semper
3437 3416 3637 3482 esset
3712 3415 3883 3480 actu

2345 3528 2604 3600 homo,

2443 3643 2659 3738 Item,
2718 3642 2977 3717 anima
3058 3649 3237 3714 nata
3319 3648 3435 3715 est
3518 3639 3886 3737 perlicere

2343 3785 2651 3858 corpus,
2705 3770 2779 3834 et
2841 3782 3122 3855 corpus
3186 3764 3452 3830 natum
3496 3756 3759 3853 perlici
3793 3756 3888 3829 ab

2345 3877 2599 3951 anima
2630 3905 2650 3972 3
2681 3875 2915 3972 igitur
2960 3897 3111 3947 non
3168 3874 3681 3948 remanebunt
3709 3896 3889 3971 per-

2346 4004 2577 4093 petuo
2621 4001 2998 4090 separata.

2443 4112 2658 4204 Item,
2716 4119 2990 4183 natura
3050 4110 3393 4182 humana
3440 4106 3516 4179 in
3583 4106 3882 4182 Christo

2344 4239 2544 4304 esset
2593 4228 3108 4326 imperfectior
3167 4249 3399 4324 quam
3448 4226 3526 4299 in
3572 4226 3721 4300 alio
3754 4229 3885 4300 ho-

2349 4348 2580 4432 mine,
2628 4346 2811 4443 quia
2853 4345 2928 4418 in
2966 4344 3114 4418 alio
3181 4344 3493 4418 homine
3562 4368 3712 4418 non
3758 4368 3884 4419 so-

2345 4464 2500 4538 lum
2564 4474 2744 4537 sunt
2792 4449 3075 4560 partes,
3132 4460 3262 4535 sed
3316 4484 3408 4535 ex
3442 4459 3592 4534 illis
3625 4459 3709 4533 fit
3748 4485 3885 4558 per

2346 4605 2426 4656 se
2466 4604 2734 4656 unum.

2442 4699 2657 4791 Item,
2703 4696 2907 4795 quod
2948 4695 3215 4770 ultimo
3244 4695 3551 4789 dicitur,
3596 4696 3886 4770 scilicet

2345 4815 2548 4913 quod
2580 4813 2928 4886 Christus
2996 4812 3421 4886 secundum
3468 4812 3671 4908 quod
3740 4814 3884 4885 ho-

2346 4956 2496 5015 ino,
2541 4954 2692 5003 non
2730 4938 2843 5003 est
2874 4927 3192 5026 aliquid,
3246 4935 3361 5001 est
3406 4936 3645 5015 error,
3710 4928 3885 5000 Ea:-

2342 5055 2461 5122 tra
2491 5046 2582 5120 cle
2607 5045 3016 5138 lzoerclz'cz'S,
3052 5069 3115 5118 c.
3176 5043 3369 5117 Cum
3408 5042 3777 5118 Christus.

2439 5166 2654 5255 Item,
2715 5162 3136 5239 substantia
3210 5185 3362 5234 non
3420 5160 3881 5259 praedicatur
3957 5168 4206 5220 Christus

2342 5284 2765 5359 secundum
2828 5281 3204 5367 habitum,
3280 5279 3460 5377 quia
3519 5280 3880 5379 impossi-
3909 5232 4209 5346 eigoigoffie,

2342 5402 2491 5480 bile
2526 5412 2636 5475 est
2680 5399 2886 5498 quod
2930 5398 3118 5471 illud
3155 5397 3360 5495 quod
3420 5407 3533 5472 est
3574 5398 3756 5496 quid
3798 5401 3875 5473 in
3918 5359 4238 5472 ffi‘ssiiffaaiiff

2340 5542 2451 5610 se,
2488 5541 2641 5590 non
2684 5515 3047 5614 prandicet
3099 5513 3310 5610 quid,
3365 5513 3456 5587 de
3500 5536 3878 5610 quocum-

2343 5655 2491 5730 que
2554 5632 3039 5731 praedicetur,
3111 5629 3246 5704 etsi
3313 5653 3464 5704 non
3528 5629 3599 5703 in
3660 5631 3873 5728 quid,

3622 5965 3651 6012 l.

3514 6013 3621 6204 ‚s
