4295 6326
1346 378 1571 447 DIST.
1623 377 1913 449 XXXV.
1966 380 2384 461 QUAESTIO
2428 379 2660 449 UNlC.

547 553 658 630 De
698 553 968 652 quinto
996 553 1322 651 quaesito
1359 578 1374 628 :
1419 555 1534 627 An
1574 552 1863 627 malum
1905 551 1984 625 in

132 605 366 784 Anlss'ae.
448 678 621 742 actu
687 668 1054 766 peccandi
1115 669 1213 742 sit
1288 667 1743 742 infinitum?
1800 665 1987 740 Dico

102 788 293 895 ,ffigffi
323 785 417 895 ‘iig-
448 786 656 882 quod
696 786 997 860 nullum
1059 796 1456 884 peccatum
1536 794 1651 859 est
1700 785 1985 857 malum

129 908 351 959 finitum.
448 900 867 994 infinitum,
939 903 1247 1000 proprie
1326 900 1743 998 loquend0‚
1802 899 1987 995 quia

444 1022 742 1095 nullum
775 1031 1168 1119 peccatum
1215 1032 1330 1096 est
1370 1020 1621 1116 majus
1665 1020 1979 1110 malum,

442 1159 671 1232 quam
715 1138 814 1211 sit
839 1138 1158 1231 bonum,
1191 1137 1394 1234 quod
1452 1137 1800 1234 privatur
1849 1157 1984 1231 per

441 1262 696 1326 actum
730 1254 1049 1352 peccati.
1116 1255 1264 1329 Sed
1321 1254 1621 1327 nullum
1688 1253 1978 1327 bonum

441 1378 688 1465 potest
762 1369 1048 1467 privari
1121 1393 1258 1468 per
1333 1377 1759 1467 peccatum,
1833 1366 1981 1439 nisi

444 1483 774 1576 finitum,
839 1487 1049 1584 quia,
1110 1498 1195 1561 ut
1251 1487 1535 1561 dictum
1582 1494 1694 1559 est
1734 1484 1976 1582 priUS,

442 1625 579 1700 per
619 1614 1016 1701 peccatum
1064 1628 1219 1678 non
1280 1603 1626 1701 privatur
1666 1601 1813 1675 nisi
1856 1602 1983 1675 ho-

441 1741 629 1792 num
673 1721 749 1792 in
785 1729 954 1794 actu
999 1720 1367 1812 secundo,
1442 1719 1646 1818 quod
1706 1728 1820 1792 est
1850 1741 1982 1791 ac—

94 1824 408 1937 ξιξζῧζᾞξξ,
443 1834 705 1910 cidens
774 1845 1071 1911 naturae
1131 1837 1205 1908 in
1285 1845 1454 1910 actu
1513 1834 1788 1933 primo.
1852 1834 1984 1908 Ta·

91 1953 198 1999 ‘⁰¹¹²
235 1949 408 2000 inten-
443 1975 644 2037 men,
696 1962 779 2025 ut
844 1953 1058 2049 prius
1117 1951 1406 2025 dictum
1466 1959 1606 2042 est,
1668 1948 1980 2046 aliquod

200 2013 316 2061 sive

106 2074 377 2188 {ffgcdggg
440 2077 838 2166 peccatum
880 2078 995 2143 est
1035 2067 1471 2142 immediate
1500 2066 1703 2140 circa
1743 2064 1974 2140 finem

88 2152 388 2312 1aptior-:cnst-
443 2184 798 2259 ultimum
860 2185 1301 2276 formaliter,
1352 2182 1663 2281 aliquod
1705 2205 1982 2279 pecca-

108 2264 408 2376 ¹‹iiii2q31‘ff‘
443 2313 600 2376 tum
648 2302 849 2377 circa
917 2326 1035 2395 ea,
1116 2324 1293 2398 quae
1361 2310 1542 2376 sunt
1581 2300 1675 2374 ad
1743 2299 1978 2375 finem

88 2388 297 2440 tualiter
323 2386 405 2441 in·
717 2421 730 2434 .
1067 2422 1080 2435 .

124 2450 360 2504 finitum.
437 2422 880 2496 formaliter.
956 2422 1215 2495 Primo
1279 2420 1502 2495 modo
1542 2443 1770 2494 omne
1813 2442 1980 2517 pec-

434 2548 688 2612 catum
722 2549 838 2612 est
887 2537 1191 2611 finitum
1224 2537 1606 2611 intensive
1648 2536 1723 2608 in
1769 2546 1970 2622 actu,

431 2655 615 2751 quia
654 2678 887 2728 causa
919 2654 1236 2729 eliciens
1290 2662 1545 2727 actum
1605 2661 1720 2726 est
1760 2650 1975 2725 finita

430 2770 836 2857 intensive,
866 2779 1120 2845 tamen
1159 2769 1347 2843 illud
1379 2770 1666 2842 malum
1710 2777 1824 2842 est
1865 2768 1973 2841 in-

429 2886 732 2962 finitum
793 2888 1166 2983 objective
1265 2886 1708 2974 formaliter,
1789 2886 1972 2983 quia

426 3004 845 3078 formaliter
885 3013 999 3078 est
1039 3010 1389 3101 respectu
1426 3002 1607 3076 boni
1640 3000 1962 3089 infiniti;

423 3132 820 3219 peccatum
864 3130 1149 3215 tamen,
1216 3119 1422 3219 quod
1482 3128 1596 3195 est
1636 3118 1838 3194 circa
1878 3141 1969 3194 ea

424 3262 601 3337 quae
643 3249 819 3314 sunt
889 3240 982 3313 ad
1042 3238 1304 3331 finem,
1378 3237 1796 3312 formaliter
1854 3246 1969 3311 est

425 3354 727 3429 finitum
752 3354 1131 3429 intensive
1157 3362 1534 3451 quantum
1558 3352 1651 3427 ad
1677 3362 1961 3447 actum,

422 3484 497 3546 et
531 3472 903 3569 objective
936 3471 1240 3545 finitum
1294 3470 1738 3560 formaliter,
1785 3469 1967 3544 infi-

424 3589 667 3664 nitum
706 3600 958 3664 tamen
992 3588 1365 3686 objective
1406 3586 1860 3661 virtualiter.

164 3747 265 3813 15·
518 3706 629 3780 De
688 3715 899 3781 sexto
960 3705 1330 3802 quaesito:
1403 3706 1520 3778 An
1564 3712 1959 3801 peccatum

75 3859 154 3908 A„
186 3876 367 3924 pecca,
422 3822 657 3920 possit
734 3823 1000 3919 augeri
1088 3822 1163 3894 in
1262 3819 1716 3894 inlinitum?
1772 3820 1961 3896 Dico

74 3925 248 4035 ἓξὲξ
267 3926 385 4038 22¹3·
419 3939 624 4035 quod
667 3939 732 4013 si
765 3948 1266 4014 conservetur
1294 3938 1656 4010 voluntas
1706 3946 1965 4010 creata

73 4050 176 4109 μή
200 4053 380 4111 Ρῡὸθῑῑ·
417 4054 491 4127 in
529 4054 652 4129 via
692 4078 830 4153 per
867 4042 1171 4151 tempus
1219 4051 1647 4143 infinitum,
1716 4061 1963 4149 potest

416 4182 816 4268 peccatum
850 4169 1282 4244 continuari
1315 4168 1389 4241 in
1428 4166 1844 4257 infinitum,
1890 4176 1964 4243 et

415 4310 815 4384 nunquam
845 4286 1320 4360 diminuetur
1362 4295 1637 4358 natura
1697 4286 1961 4358 volen-

421 4403 537 4496 tis,
603 4403 788 4501 quia
858 4424 1115 4491 causa,
1175 4401 1254 4474 iu
1315 4423 1470 4497 qua
1528 4399 1961 4473 virtualiter

416 4521 912 4594 continentur
979 4517 1259 4593 infiniti
1328 4516 1674 4610 effectuS,
1738 4517 1801 4591 si
1881 4518 1959 4590 in

416 4636 801 4711 infinitum
866 4644 1393 4727 conservetur,
1456 4632 1802 4708 infinitos
1862 4635 1960 4709 ef-

415 4754 651 4829 fectus
684 4764 934 4852 potest
963 4753 1415 4852 producere.
1443 4752 1669 4825 Nunc
1701 4760 1958 4825 autem

414 4875 772 4947 voluntas
803 4897 894 4947 ex
938 4875 1108 4965 hoc,
1155 4871 1360 4968 quod
1428 4870 1722 4966 accepit
1787 4892 1960 4965 gra-

414 4990 622 5083 tiam,
668 5000 971 5064 tenetur
1016 5012 1244 5085 agere
1311 4987 1642 5083 gratuite
1686 4986 1764 5058 in
1806 5010 1961 5059 oni-

409 5108 666 5199 nibuS,
714 5108 790 5180 in
836 5107 1119 5204 quibus
1162 5115 1425 5204 peccat
1478 5104 1952 5196 mortaliter3

408 5221 575 5297 ideo
622 5225 980 5297 voluntas
1014 5231 1261 5320 potest
1308 5244 1624 5318 peccare
1671 5220 1746 5293 in
1793 5218 1958 5291 infi-

404 5339 676 5433 nitum,
740 5341 801 5413 si
853 5340 931 5414 in
993 5338 1379 5411 infinitum
1457 5346 1959 5411 conservetur

403 5454 476 5527 in
538 5455 688 5546 via,
758 5457 941 5554 quia
995 5458 1353 5561 voluntas
1420 5463 1536 5528 est
1633 5451 1958 5528 debitrix

404 5572 745 5647 omnium
832 5571 1403 5657 rectitudinum,
1492 5594 1667 5668 quae
1752 5576 1954 5644 natae

3532 377 3657 447 185

2096 561 2279 627 sunt
2319 551 2572 627 inesse
2641 552 2719 626 in
2765 551 3077 627 actibus
3119 549 3652 649 sequentibus,

2097 669 2161 742 si
2231 680 2763 744 conservasset
2852 668 3177 764 gratiam
3269 669 3647 758 collatam,

2096 797 2170 860 et
2224 787 2302 859 in
2352 788 2713 861 omnibus
2771 787 3070 861 actibus
3149 785 3436 883 peccati
3506 787 3654 858 tol-

2095 905 2276 977 litur
2316 905 2634 1001 aliquid,
2673 905 2878 1000 quod
2912 905 3140 979 inluit
3189 904 3642 995 virtualiter,

2092 1024 2341 1097 sinon
2414 1023 2922 1097 demeruisset
2979 1022 3645 1096 conservationem

2090 1142 2387 1236 gratiae,
2420 1142 2603 1238 quia
2670 1141 3038 1238 quaelibet
3079 1142 3450 1216 rectitudo
3520 1165 3647 1238 op-

2089 1258 2337 1355 posita
2383 1258 2736 1332 curvitati
2780 1258 3069 1356 peccati
3111 1257 3459 1344 actualis,
3507 1255 3647 1331 fuit

2087 1373 2516 1449 virtualiter
2537 1375 2927 1450 inclusain
2955 1376 3375 1467 voluntate,
3409 1396 3647 1470 quan-

2087 1490 2184 1564 do
2208 1491 2477 1565 habuit
2515 1491 2864 1587 gratiani.

2187 1609 2298 1681 Ad
2340 1609 2670 1706 primum
2715 1608 3166 1707 principale,
3236 1618 3440 1706 patet
3497 1633 3633 1707 per
3667 1635 3746 1687 Aa
3778 1646 3984 1698 argum.

2087 1725 2289 1800 dicta
2329 1725 2408 1798 in
2444 1726 2854 1823 positione,
2909 1736 2983 1801 et
3039 1726 3132 1800 ad
3202 1727 3631 1801 secundum
3714 1698 3921 1747 ¹⁴²²·

2089 1840 2470 1917 similiter.

2184 1959 2294 2032 Ad
2339 1959 2676 2050 tertium,
2743 1959 2912 2033 dico
2990 1959 3194 2057 quod
3228 1958 3482 2056 passio
3525 1958 3633 2030 in·
3783 2002 3888 2068 15·

2089 2085 2464 2172 quantum
2509 2098 2600 2149 ea
2640 2075 3003 2173 patimur,
3037 2098 3191 2147 non
3225 2086 3339 2148 est
3371 2097 3634 2172 pecca·
3725 2116 3801 2168 Ad
3837 2120 3938 2167 ter-

2087 2203 2282 2286 tum,
2316 2202 2575 2267 tamen
2612 2191 2762 2266 alio
2794 2193 3019 2267 modo
3076 2200 3190 2266 est
3230 2183 3628 2289 peccatum
3750 2180 3903 2230 uum.

2087 2308 2546 2404 inquantum
2584 2318 2698 2381 est
2732 2310 3220 2393 avoluntate,
3266 2317 3350 2381 ut
3380 2330 3424 2380 a
3456 2331 3629 2382 cau-

2084 2446 2172 2497 sa
2201 2422 2470 2497 activa.

2180 2540 2292 2613 Ad
2326 2540 2562 2631 aliud,
2608 2539 2778 2613 dico
2818 2540 3023 2637 quod
3057 2562 3212 2612 non
3274 2539 3624 2635 sequitur
3689 2565 3766 2616 Aa
3802 2578 3957 2629 quar-

2081 2665 2481 2755 peccatum
2524 2667 2637 2730 est
2670 2655 3059 2752 corruptio
3119 2654 3344 2747 boni3
3391 2655 3624 2749 igitur
3652 2632 3979 2740 Tassffiieet

2081 2784 2196 2848 est
2228 2775 2511 2846 malum
2556 2770 2970 2846 infinitum.
3022 2775 3310 2847 Etcum
3346 2772 3623 2846 dicitur
3684 2754 3943 2880 ssfiffffifi,

2079 2900 2375 2965 tantum
2411 2900 2524 2964 est
2567 2889 2881 2982 malum,
2918 2898 3293 2986 quantum
3328 2890 3616 2964 bonum
3652 2876 3975 3006 ξζῖξῖἢζῗξ

2077 3018 2345 3082 contra
2404 3005 2608 3104 quod
2705 3015 3090 3104 peccatur,
3180 3031 3447 3081 verum
3505 3018 3621 3081 est
3652 3005 3957 3070 0¹⁹¹³⁰⁸⁰²r

2073 3134 2401 3215 tantum,
2438 3134 2510 3200 et
2538 3134 2941 3222 quantum,
2978 3125 3404 3200 secundum
3452 3148 3622 3223 pro·
3954 3102 3969 3126 ’

2075 3242 2537 3340 portionem,
2576 3260 2727 3313 non
2764 3241 3191 3315 secundum
3226 3242 3618 3339 aequalita-

2075 3368 2254 3433 tem.
2296 3361 2384 3432 Et
2450 3357 2621 3431 ideo
2682 3358 3018 3431 concedo
3089 3360 3293 3455 quod
3357 3370 3621 3432 contra

2074 3477 2325 3573 majus
2358 3475 2647 3549 bonum
2696 3474 3137 3549 immediate
3193 3484 3306 3549 est
3365 3475 3619 3571 majus

2075 3597 2522 3686 peccatum,
2568 3612 2723 3662 non
2773 3597 3030 3663 tamen
3095 3589 3157 3663 si
3201 3600 3314 3663 est
3345 3589 3622 3664 imme-

2071 3708 2274 3781 diate
2307 3715 2574 3780 contra
2614 3706 2891 3799 Deum,
2940 3716 3251 3804 propter
3313 3708 3453 3780 hoc
3494 3730 3620 3780 se-

2072 3824 2336 3920 quitur
2388 3824 2590 3918 quod
2638 3822 2735 3896 sit
2776 3820 3192 3915 inlinitum,
3256 3823 3616 3919 quianon

2071 3941 2322 4037 privat
2353 3940 2772 4014 bonitatem
2825 3939 2989 4025 Dei,
3055 3940 3238 4035 quia
3271 3940 3400 4013 illa
3460 3963 3613 4013 non

2072 4054 2212 4128 fuit
2253 4064 2432 4129 nata
2463 4053 2786 4128 infuisse
2855 4063 3256 4146 creaturae,
3295 4054 3424 4128 sed
3463 4055 3616 4151 pri-

2069 4181 2196 4244 vat
2240 4171 2655 4245 bonitatem
2692 4171 2767 4242 in
2803 4180 2972 4244 actu
3030 4170 3398 4258 secundO,
3436 4193 3612 4267 quae

2069 4290 2346 4363 accidit
2375 4297 2671 4363 naturae
2711 4287 2788 4360 in
2831 4296 3002 4361 actu
3039 4287 3312 4384 primo.

2165 4405 2277 4479 Ad
2312 4405 2552 4498 aliud,
2589 4404 2756 4477 dico
2787 4403 2994 4501 quod
3052 4405 3464 4477 Anselmus
3490 4405 3612 4478 de·
3734 4434 3838 4502 17,

2069 4523 2308 4595 clarat
2346 4520 2718 4617 originale
2764 4545 2917 4594 non
2975 4520 3219 4616 magis
3241 4529 3315 4594 et
3357 4521 3612 4595 minus
3675 4552 3753 4604 Ad
3776 4552 3928 4616 quin-

2069 4637 2145 4711 in
2183 4663 2339 4712 uno
2382 4660 2615 4733 quam
2658 4636 2734 4708 in
2787 4634 2964 4729 alio,
3036 4636 3219 4733 quia
3261 4660 3396 4733 per
3428 4660 3610 4734 pec·
3735 4619 3871 4667 ¹⁰⁰⁰·

2068 4765 2323 4829 catum
2357 4753 2731 4849 originale
2769 4752 3057 4826 tollitur
3103 4752 3404 4849 justitia
3469 4752 3613 4828 ori-

2066 4872 2347 4967 ginalis
2373 4871 2728 4963 totaliter,
2767 4881 2841 4943 et
2864 4869 3186 4968 quilibet
3213 4872 3613 4966 aequaliter

2065 4998 2181 5062 est
2231 4987 2529 5061 debitor
2575 4986 2903 5083 justitiae
2945 4986 3375 5081 originalis,
3439 4987 3610 5063 ideo

2065 5126 2221 5178 non
2267 5111 2509 5200 potest
2550 5127 2716 5176 esse
2755 5104 2925 5200 plus
2956 5103 3030 5174 in
3070 5127 3222 5177 uno
3258 5127 3488 5200 quam
3530 5086 3619 5177 in'

2066 5220 2244 5293 alio.
2286 5219 2432 5292 Sed
2468 5218 2546 5289 in
2607 5228 2912 5314 peccato
2973 5220 3251 5293 actuali
3319 5243 3465 5291 non
3503 5220 3610 5293 sic

2064 5345 2200 5420 est,
2267 5335 2472 5432 quod
2541 5358 2781 5408 unum
2839 5344 3234 5432 peccatum
3313 5337 3609 5409 actuale

2066 5461 2315 5549 potest
2384 5474 2551 5525 esse
2649 5461 3000 5548 respectu
3087 5452 3315 5527 unius
3394 5452 3605 5546 boni,

2062 5569 2267 5643 aliud
2311 5578 2662 5666 respectu
2720 5569 3061 5642 alterius.
3139 5571 3226 5641 Et
3285 5569 3393 5643 sic
3460 5569 3612 5645 alia
