4295 6326
720 478 847 544 498

439 689 532 738 cae,
566 678 660 725 aut
724 650 905 746 quia
938 673 1242 748 semper
1282 649 1570 723 bonum
1609 673 2017 723 commune
2067 672 2267 747 prae-

373 744 691 852 prigssssglffi‘
726 766 1167 864 ponendum
1203 778 1315 841 est
1346 765 1548 839 bono
1592 765 2061 864 particulari,
2099 776 2170 839 et
2204 764 2268 839 si

727 908 966 958 unum
1003 883 1221 957 alteri
1275 891 1681 981 repugnat,
1723 882 1965 978 magis
2034 882 2269 955 debe-

485 866 596 916 sioe.

731 1034 899 1082 inus
956 1010 1153 1083 velle
1210 1009 1499 1081 bonum
1580 1008 2038 1105 particulare
2109 1030 2266 1080 non

725 1147 892 1198 esse
934 1147 1165 1220 quam
1200 1147 1635 1214 commune,
1684 1122 1888 1221 quod
1918 1121 2263 1196 absolute

723 1251 838 1315 est
864 1241 1307 1335 volendum,
1352 1250 1425 1317 et
1471 1242 1758 1315 bonum
1804 1240 2261 1339 particulare

723 1355 867 1429 sibi
902 1357 1337 1454 oppositum
1398 1358 1747 1431 absolute
1809 1355 2256 1431 nolendum.

722 1472 872 1545 Sed
910 1474 1109 1546 mala
1135 1472 1290 1547 vita
1339 1474 1570 1570 hujus
1611 1473 1929 1571 impedit
1968 1474 2259 1546 cultum

723 1588 1100 1682 divinum,
1138 1599 1212 1663 et
1241 1600 1353 1664 est
1396 1599 1661 1663 contra
1716 1589 2004 1663 bonum
2047 1613 2264 1663 com-

727 1704 1149 1798 munitatiS,
1194 1714 1268 1779 et
1298 1706 1406 1778 sic
1446 1714 1647 1779 esset
1700 1704 1991 1779 licitum
2060 1705 2258 1780 velle

724 1821 891 1918 ejus
932 1845 1082 1896 non
1116 1846 1295 1908 esse,
1343 1824 1464 1897 vel
1526 1832 1876 1916 mortem,
1940 1822 2262 1920 inquan-

722 1949 879 2012 tum
914 1951 1027 2014 est
1068 1939 1537 2014 contrarium
1574 1941 1774 2014 bono
1834 1963 2134 2014 commu
2152 1940 2252 2021 ni.

719 2057 836 2129 vel
892 2057 1353 2159 inquantum
1421 2056 1702 2155 aliquis
1801 2065 1915 2132 est
2019 2080 2256 2139 mem-

712 2173 935 2248 brum
970 2174 1361 2275 putridum
1406 2175 1481 2248 in
1527 2174 1869 2250 Ecclesia
1907 2198 2258 2249 corrum-

712 2315 903 2389 pens
935 2293 1109 2367 alia.

352 2430 526 2511 Jqdqx·
555 2442 675 2481 eum
809 2408 956 2485 Sed
987 2419 1235 2509 potest
1264 2409 1412 2484 dici
1454 2410 1548 2484 ad
1618 2409 1951 2507 primum
1995 2408 2087 2483 de
2124 2408 2252 2505 ju-

353 2493 677 2612 ῑῗὲῗῑέἶιῗξ·
709 2525 872 2599 dice
907 2525 1305 2623 puniente,
1342 2526 1547 2622 quod
1609 2524 1900 2622 aliquid
1970 2533 2084 2599 est
2125 2549 2254 2598 vo·

360 2630 653 2740 efflssffiffi,
707 2642 1127 2716 luntarium
1169 2642 1643 2740 simpliciter,
1691 2652 1763 2716 et
1813 2665 1950 2739 per
1988 2665 2097 2734 se,
2149 2640 2246 2715 si-

704 2771 830 2837 cut
865 2764 1035 2836 volo
1069 2761 1498 2854 comedere,
1536 2768 1678 2835 etc.
1731 2759 2021 2857 aliquid
2063 2782 2248 2834 vero

702 2889 817 2953 est
890 2878 1414 2954 voluntarium
1502 2902 1595 2953 ex
1684 2878 1945 2974 aliqua
2013 2899 2248 2952 causa

700 2998 1186 3095 praecedente
1274 2996 1724 3094 simpliciter
1810 2996 2076 3087 nolita,
2175 3006 2249 3070 et

696 3125 881 3191 tunc
953 3125 1067 3191 est
1129 3115 1649 3191 voluntarium
1695 3114 1955 3213 aliquo
2017 3112 2244 3188 inodo

697 3234 774 3307 in
810 3258 899 3308 eo
935 3235 1140 3333 quod
1200 3233 1590 3332 praecessit
1643 3231 2078 3323 causaliter,
2145 3231 2241 3306 si-

365 3397 464 3448 ·1„
499 3399 545 3453 3.
579 3402 631 3452 d,
698 3362 826 3425 cut
857 3375 1061 3449 saepe
1104 3351 1393 3425 dictum
1435 3353 1616 3426 est'.
1656 3350 1807 3425 Isto
1841 3350 2066 3424 modo
2101 3373 2244 3447 po-

373 3465 638 3578 }{jgtnffi
697 3469 1109 3566 testjudex
1143 3469 1343 3544 licite
1371 3470 1565 3545 velle
1623 3478 1944 3542 mortem
1998 3467 2233 3562 illius,

346 3589 665 3713 gffissssdgge
698 3597 771 3662 et
801 3588 1151 3664 similiter
1183 3598 1546 3664 executor
1588 3587 1936 3683 justitiae,
1981 3588 2240 3661 volen-

380 3693 662 3769 num.2i.‘
698 3707 793 3781 do
887 3707 1176 3781 scilicet
1237 3706 1423 3780 illud
1538 3715 1849 3803 propter
1946 3705 2230 3779 malum

697 3824 1191 3898 commissum
1236 3848 1388 3896 non
1434 3846 1626 3911 esse,
1674 3833 1746 3897 et
1794 3822 1965 3896 ideo
2032 3823 2231 3896 velle

693 3965 907 4016 reum
959 3928 1333 4032 damnari,
1370 3947 1444 4013 et
1508 3938 1616 4013 sic
1685 3962 1857 4012 cum
1934 3938 2233 4013 tristitia

688 4058 934 4133 facere
969 4056 1456 4150 sententiam,
1494 4067 1567 4131 et
1619 4057 1816 4132 velle
1876 4064 2224 4130 mortem.

689 4176 907 4252 Unde
950 4177 1010 4250 si
1047 4176 1238 4250 nihil
1275 4176 1483 4250 aliud
1518 4176 1774 4268 instat,
1813 4199 1965 4248 non
2013 4175 2228 4249 vide-

684 4305 810 4366 tur
916 4293 1261 4368 ordinate
1383 4294 1829 4384 volendum,
1938 4292 2230 4367 scilicet

683 4410 1076 4485 ess'undere
1178 4410 1634 4506 sanguinem
1698 4411 2074 4503 absolute,
2153 4418 2228 4484 et

572 4541 587 4560 “
680 4526 851 4601 ideo
895 4552 1036 4602 nec
1068 4537 1304 4620 actor,
1344 4551 1483 4602 nec
1533 4528 1772 4624 judex
1813 4527 2037 4602 debet
2076 4530 2224 4602 hoc

678 4645 875 4718 velle
950 4644 1327 4735 absolute,
1388 4643 1519 4718 sed
1616 4667 1787 4717 cum
1889 4642 2216 4737 tristitia,

676 4761 860 4856 quia
904 4760 1145 4856 magis
1178 4760 1490 4835 deberet
1528 4761 1725 4835 velle
1768 4758 1970 4856 quod
2021 4761 2217 4835 bene

674 4887 875 4953 esset
950 4879 1121 4965 sibi,
1186 4886 1260 4952 et
1319 4880 1522 4975 quod
1606 4878 1907 4953 fecisset
1983 4878 2211 4975 bona,

674 5018 904 5091 quam
963 4995 1168 5092 quod
1199 4994 1306 5068 sic
1344 5004 1793 5069 moreretur.

771 5111 848 5184 Si
892 5134 1073 5185 vero
1116 5110 1211 5184 ab
1253 5109 1563 5184 inimic-o
1623 5110 1895 5185 crescit
1964 5110 2214 5183 Eccle-

670 5231 809 5318 sia,
857 5230 1055 5305 sicut
1107 5228 1243 5302 filii
1291 5229 1523 5304 Israel
1576 5254 1667 5304 ex
1709 5227 2209 5327 oppressione

669 5348 1236 5445 s‘Egyptiorum,
1293 5370 1445 5419 non
1517 5358 1629 5421 est
1697 5355 2006 5445 propter
2068 5347 2209 5418 hoc

666 5464 998 5539 volenda
1039 5487 1244 5537 mors
1306 5463 1495 5559 ejus.
1563 5463 1830 5550 Quoad
1906 5461 2208 5559 aliquos

664 5605 876 5673 vere,
924 5581 1054 5679 qui
1099 5589 1279 5654 sunt
1329 5581 1673 5653 membra
1711 5579 2017 5677 putrida
2078 5580 2210 5651 Ec-

663 5697 920 5772 clesiae
1011 5695 1585 5793 corrumpentia
1704 5695 2005 5793 aliquos
2083 5695 2198 5768 vel

2142 474 2382 542 LIBRI
2429 473 2550 541 111.

2379 650 2758 748 exemplo,
2851 651 2970 723 vel
3057 646 3579 747 suggestione,
3652 645 3918 722 eadem

2376 766 2755 840 sententia
2787 775 2927 857 est,
2964 790 3139 865 quae
3200 776 3274 842 et
3313 766 3404 841 de
3475 776 3715 840 morte
3771 765 3923 837 ini-

2375 883 2580 971 mici,
2618 883 2799 983 quia
2863 884 3034 959 talis
3076 884 3518 959 inimicatur
3576 882 3916 958 virtuoso

2373 1001 2714 1095 cuilibet,
2783 1002 3243 1099 inquantum
3315 1011 3428 1077 est
3487 1000 3917 1076 contrarius

2374 1117 2574 1191 bono
2606 1118 2933 1193 virtutis.
2976 1118 3197 1194 Unde
3247 1120 3365 1193 vel
3432 1127 3546 1194 est
3604 1117 3914 1190 vitanda

2373 1233 2541 1331 ejus
2573 1236 3083 1330 conversatio,
3127 1236 3248 1311 vel
3293 1236 3386 1310 ab
3445 1234 3617 1311 aliis
3684 1258 3916 1308 mem-

2372 1350 2530 1427 bris
2588 1352 2756 1449 ejus
2796 1353 3177 1452 separatio
3219 1351 3731 1452 procuranda,
3777 1351 3915 1427 sci-

2372 1467 2548 1542 licet
2586 1492 2631 1542 a
2663 1469 3210 1544 communitate
3251 1467 3624 1557 fidelium,
3662 1478 3737 1543 et
3769 1470 3914 1543 hoc

2371 1587 2513 1661 sub
2556 1588 3021 1683 conditione,
3058 1589 3256 1663 sicut
3280 1587 3732 1686 praedictum
3768 1597 3904 1662 est.

2467 1703 2577 1776 Ad
2612 1703 2944 1801 primum
3016 1716 3560 1801 argumentum
3623 1703 3912 1802 princi-

2367 1820 2566 1916 pale,
2611 1820 2780 1895 dico
2828 1823 3033 1919 quod
3103 1823 3516 1898 auctoritas
3583 1823 3712 1897 illa
3792 1820 3914 1895 in-
4078 1838 4151 1905 8.

2373 1937 2606 2034 telligi
2648 1948 2892 2036 potest
2926 1952 3301 2038 quantum
3357 1942 3450 2015 ad
3509 1942 3715 2016 bona
3781 1964 3910 2014 ex·
3941 1954 4024 2004 Ad
4052 1969 4264 2020 argum.

2364 2053 2672 2148 teriora,
2745 2055 2854 2131 sic
2909 2066 2991 2132 ut
3049 2082 3203 2132 non
3283 2069 3463 2133 sunt
3541 2056 3906 2156 diligendi
3969 2032 4234 2082 prmum,

2364 2170 2685 2266 inimici,
2721 2173 2853 2248 sed
2933 2185 3283 2251 creatura
3339 2175 3412 2248 in
3477 2174 3745 2250 ordine
3810 2175 3900 2249 ad

2360 2286 2637 2362 Deum.
2704 2288 2923 2365 Unde
3012 2291 3398 2390 loquendo
3501 2292 3594 2366 de
3682 2290 3905 2365 bonis

2360 2405 2942 2502 temporalibus,
3012 2416 3188 2483 tunc
3259 2432 3411 2482 non
3489 2417 3603 2483 est
3669 2416 3902 2482 tantae

2360 2522 2876 2597 multitudinis
2908 2525 3295 2621 loquendo
3323 2525 3415 2600 de
3446 2524 3647 2599 bono
3676 2535 3902 2600 aeter-

2357 2665 2484 2715 no,
2524 2642 2661 2717 Vel
2696 2668 2851 2718 non
2901 2644 3356 2743 intelligitur
3419 2647 3493 2720 in
3558 2657 3899 2745 tempore

2357 2760 2859 2849 necessitatis,
2930 2763 3061 2836 sed
3168 2763 3701 2860 congruitatis,
3797 2763 3899 2837 ita

2354 2875 2559 2972 quod
2603 2876 3102 2975 distinguitur
3133 2880 3225 2954 de
3259 2903 3439 2955 casu
3468 2880 3901 2977 congruita-

2353 2992 2449 3067 tis
2489 3003 2561 3068 et
2603 2995 3103 3071 necessitatis.

2448 3110 2560 3185 Ad
2594 3110 2828 3202 aliud,
2869 3111 2943 3186 in
2986 3122 3143 3188 tota
3174 3115 3341 3211 lege
3396 3137 3546 3188 non
3623 3115 3899 3190 scribi-
3927 3102 4248 3219 Addffiffln‘

2350 3234 2475 3300 tur
2511 3252 2525 3301 :
2568 3227 2757 3303 Odio
2789 3228 3098 3305 habebis
3127 3231 3526 3306 inimicum
3559 3233 3732 3320 ;sed
3755 3235 3792 3306 J
3804 3259 3896 3308 u·
3927 3232 4222 3297 Nunquam

2350 3342 2495 3416 daei
2522 3344 2878 3418 dixerunt
2900 3348 3068 3439 hoc,
3088 3347 3272 3443 quia
3297 3348 3583 3423 dictum
3604 3360 3717 3424 est
3740 3349 3888 3426 eis:
3930 3295 4249 3432 Dggfiggffg‘

2347 3458 2648 3557 Diliyes
2694 3463 3146 3560 proximum.
3213 3472 3427 3538 luam
3499 3466 3699 3540 sicul
3750 3467 3896 3543 tei·
3929 3422 4226 3534 odffiicssgf'

2334 3600 2590 3674 psum,
2634 3589 2706 3652 et
2766 3579 3331 3670 intellexerunt,
3392 3583 3629 3680 iyitur
3687 3586 3895 3660 odies

2347 3696 2923 3796 inimicum,per
2956 3700 3208 3775 locum
3251 3725 3294 3775 a
3326 3702 3708 3777 contrario
3742 3729 3897 3779 ma-

2346 3815 2414 3888 le
2475 3826 2872 3910 arguente,
2921 3820 3118 3891 sicut
3185 3817 3487 3893 videtur
3540 3821 3890 3897 Christus

2343 3931 2594 4007 dicere
2615 3942 2686 4006 et
2713 3933 3015 4027 docere,
3039 3935 3308 4010 Matth.
3341 3936 3408 4010 3.
3437 3939 3606 4034 qu
3632 3948 3883 4015 autem

2340 4047 2508 4121 dico
2536 4049 3080 4149 vobis,dili9ile
3101 4053 3501 4129 inimicum
3529 4064 3880 4144 vestrum,

2340 4190 2492 4240 non
2527 4168 2733 4261 dicit,
2777 4170 3147 4267 scriptum
3207 4180 3340 4267 est,
3400 4173 3540 4248 sed
3591 4175 3876 4250 dictam

2339 4285 2832 4383 estantiquis.
2888 4285 3106 4373 Quod
3175 4300 3429 4364 autem
3489 4315 3643 4365 non
3716 4303 3879 4369 erat
3918 4317 4216 4381 Argumen·
4267 4331 4268 4336 ,

2334 4412 2803 4499 praeceptum
2895 4414 3192 4481 tantum
3289 4408 3381 4483 de
3466 4409 3873 4486 dilectione
3906 4385 4231 4494 {3335ssss

2334 4520 2585 4614 amici,
2631 4530 2861 4619 patet,
2907 4524 3090 4621 quia
3137 4525 3442 4600 dilectio
3476 4529 3648 4603 talis
3716 4555 3868 4604 non
3906 4521 3970 4557 ⁸¹¹
4008 4507 4231 4621 3522&

2331 4646 2530 4711 esset
2562 4647 2859 4713 tantum
2901 4639 3191 4714 bonum
3248 4642 3413 4718 sine
3465 4644 3872 4723 dilectione

2328 4753 2649 4848 inimici,
2688 4756 2884 4830 sicut
2961 4768 3168 4855 patet
3228 4760 3349 4835 hic
3451 4762 3724 4837 Matth.
3797 4766 3865 4841 ὃ.

2330 4870 2430 4944 Si
2466 4872 2786 4970 diliqitis
2845 4871 3047 4968 illos,
3103 4878 3240 4975 qui
3301 4902 3430 4954 vos
3507 4881 3865 4980 diliyzmt,

2325 5013 2554 5087 quam
2633 4993 3061 5067 mercedem
3127 4995 3504 5072 habebitis
3541 4999 3581 5071 ‘2
3652 5001 3868 5078 Unde

2326 5108 2744 5204 requiritur
2779 5119 2859 5183 ut
2891 5110 3224 5208 amplius
3285 5117 3745 5211 procedatur
3774 5122 3867 5194 ad

2323 5222 2797 5320 diligendum
2858 5224 3284 5301 inimicum.
3354 5229 3573 5308 Unde
3633 5258 3870 5331 argu-

2324 5351 2666 5415 mentum
2702 5366 2746 5417 a
2802 5344 3185 5418 contrario
3227 5370 3458 5423 sensu
3531 5376 3683 5425 non
3743 5379 3869 5430 va-

2322 5458 2448 5550 let,
2486 5459 2668 5554 quia
2737 5459 2926 5534 ratio
3000 5459 3369 5558 diligendi
3455 5468 3861 5567 utrobique

2319 5586 2432 5650 est
2473 5577 2604 5670 ibi,
2663 5578 2860 5652 sicut
2918 5579 3067 5652 hic.
3107 5578 3254 5655 Sed
3313 5588 3623 5680 quando
3667 5591 3859 5665 ratio

2317 5696 2751 5771 communis
2791 5707 2905 5772 est
2957 5698 3307 5796 opposita
3374 5703 3452 5777 in
3536 5716 3860 5806 utroque
