4295 6326
311 692 474 744 Maria
506 692 609 742 fuit

313 757 619 807 illuminata

311 820 431 883 plus
470 834 629 884 quam

370 883 579 947 Angeli.

364 1510 442 1584 Ad
483 1514 582 1561 ter-

396 1579 546 1628 tium.

426 1966 531 2035 10.

288 3397 404 3447 Non
436 3396 584 3446 suffi-

287 3462 358 3510 cit
391 3459 607 3510 habitus

287 3523 500 3572 infusus
520 3524 587 3573 ad

305 3600 585 3636 assensum

285 3652 399 3701 siue
445 3651 575 3701 doe-

376 3719 508 3767 tore.

660 382 791 450 464

662 560 1039 656 turaliter,
1150 573 1406 637 tamen
1502 563 1711 639 Deus
1781 564 2210 638 secundum

665 682 1014 757 ordinem
1045 684 1508 781 quandoque
1564 685 1876 758 revelat.
1924 685 2210 759 Tamen

664 799 891 873 credo
933 801 1137 898 quod
1180 801 1403 875 beata
1445 800 1682 897 Virgo
1731 800 1870 874 fuit
1920 801 2214 874 illumi-

663 929 842 993 nata
908 920 1001 994 de
1069 921 1489 1018 aliquibus,
1573 921 1665 995 de
1728 921 2012 1017 quibus
2054 946 2208 996 non

660 1036 1535 1132 illuminaturAngeluS,
1577 1046 1650 1111 et
1685 1046 1862 1112 tunc
1905 1046 2211 1112 tenetur

660 1148 978 1230 credere
1015 1182 1033 1248 3
1071 1155 1203 1230 sed
1243 1155 1579 1229 minores
1643 1155 1997 1231 distincte
2050 1181 2206 1231 non

658 1270 1077 1365 sciverunt,
1116 1272 1286 1346 ideo
1330 1295 1479 1346 non
1529 1273 1992 1347 tenebantur
2046 1273 2208 1347 dis-

657 1386 887 1461 tincte
931 1388 1271 1463 credere.

752 1505 866 1578 Ad
926 1504 1161 1596 aliud,
1234 1529 1389 1579 non
1468 1514 1774 1580 tenetur
1858 1506 2198 1601 credere,

658 1621 804 1695 nisi
848 1622 1324 1720 propositum
1369 1645 1505 1720 per
1554 1621 2008 1711 doctrinam,
2080 1647 2205 1698 ve-

659 1764 830 1814 rum
917 1751 1057 1834 est,
1131 1742 1263 1815 sed
1350 1741 1775 1816 secundum
1868 1740 2196 1839 aliquoS,

659 1858 917 1932 omnia
949 1858 1400 1933 dicebantur
1437 1869 1618 1933 tunc
1652 1882 1827 1956 quaa
1862 1882 2095 1932 nunc.

756 1975 833 2049 Si
904 1986 1321 2072 quaeratur,
1400 1976 1581 2074 quid
1630 1975 1725 2049 sit
1765 1975 2195 2071 subjectum

655 2091 903 2167 fidei?
960 2094 1180 2168 Patet
1230 2093 1660 2191 responsiO,
1726 2094 1932 2190 quod
1983 2094 2199 2168 intel-

650 2212 894 2284 lectus
934 2219 1048 2284 est
1091 2209 1522 2306 subjectum
1566 2210 1761 2306 ejus,
1810 2209 1991 2306 quia
2020 2233 2198 2307 per-

649 2327 873 2402 fectio
951 2328 1197 2425 prima
1267 2327 1511 2424 ipsius
1580 2326 2016 2401 intellectus
2083 2336 2197 2401 est

650 2444 866 2518 fides.

747 2561 823 2636 Si
869 2561 1106 2655 dicaS‚
1166 2570 1350 2634 tunc
1410 2561 1756 2635 crederet
1802 2559 1976 2658 quis
2026 2560 2192 2636 sine

644 2681 1067 2774 voluntate,
1106 2688 1178 2754 et
1235 2679 1345 2753 sic
1412 2681 1771 2755 voluntas
1845 2703 1998 2754 non
2051 2680 2195 2754 erit

646 2822 880 2873 causa
920 2798 1178 2896 aliquo
1215 2798 1469 2891 modO,
1516 2796 1720 2894 quod
1772 2804 1885 2871 est
1927 2805 2194 2871 contra

652 2915 1169 3013 Augustinum
1206 2924 1422 2988 tract.
1461 2914 1578 2986 26.
1620 2912 1694 2987 in
1727 2913 1948 2987 Joan.
1992 2912 2193 3002 Quia

645 3033 951 3106 credere
990 3056 1145 3105 non
1191 3038 1446 3129 potest
1483 3031 1640 3103 nisi
1675 3028 1956 3115 velena,
2018 3030 2187 3103 dico

646 3149 848 3246 quod
894 3147 1202 3222 habitus
1260 3147 1603 3223 scientiae
1650 3170 1803 3221 non
1871 3145 2190 3221 inclinat

643 3266 736 3339 ad
831 3288 1265 3357 assensum,
1367 3264 1513 3338 nisi
1612 3263 1709 3336 sit
1801 3263 2188 3337 evidentia

643 3381 944 3477 objecti,
1019 3404 1193 3478 quae
1243 3381 1568 3455 habetur
1622 3379 1959 3454 aliunde.
2041 3379 2186 3453 l-lic

640 3509 924 3588 autem,
994 3508 1066 3574 et
1127 3498 1189 3572 si
1259 3498 1643 3596 objectum
1696 3497 2178 3596 proponitur,

638 3641 790 3690 non
826 3626 940 3691 est
972 3616 1277 3690 habitus
1319 3615 1622 3691 infusus
1655 3614 2047 3690 sufficiens
2081 3614 2176 3688 ad

636 3735 1213 3810 assentiendum
1255 3734 1580 3832 objectO,
1618 3733 1767 3808 nisi
1811 3734 1910 3808 sit
1963 3733 2183 3808 habi-

632 3861 756 3927 tus
825 3852 1248 3950 acquisitus
1321 3876 1458 3949 per
1539 3851 1991 3945 doctrinam,
2054 3852 2178 3925 vel

632 3970 998 4045 doceatur
1028 3995 1072 4045 a
1112 3971 1297 4058 Dec,
1336 3979 1410 4045 et
1465 3970 1544 4042 in
1615 3970 1897 4044 talibus
1946 3972 2177 4042 homo

2038 384 2280 454 LIBRI
2328 387 2449 459 ΙΙΙ.

2839 764 3202 822 SCHOLIUM
3246 768 3342 824 111.

2394 912 2562 969 Putat
2590 919 2817 985 Doctor,
2847 921 2907 971 ut
2939 918 3073 989 quis
3107 935 3209 993 per
3257 920 3520 979 habitum
3581 925 3715 981 fidei
3762 925 3866 981 eli-

2319 1002 2432 1057 ciat
2463 1008 2684 1072 actum,
2719 1023 2833 1061 non
2855 1023 2979 1063 csse
3004 1011 3396 1066 necessarium
3429 1019 3625 1069 actum
3658 1016 3865 1072 volun-

2323 1093 2456 1147 talis
2512 1093 2739 1163 (sallem
2796 1100 3321 1173 supernaturalem)
3366 1118 3554 1175 neque
3603 1104 3865 1163 habitum

2322 1181 2543 1251 lalem;
2595 1184 2804 1257 primo,
2862 1187 3003 1259 quia
3057 1194 3250 1261 potest
3300 1194 3433 1264 quis
3480 1195 3704 1265 opinari
3737 1197 3865 1255 sine

2320 1271 2407 1328 his
2441 1290 2453 1340 ;
2485 1275 2762 1344 secunde,
2800 1293 2914 1333 non
2946 1283 3086 1334 sunt
3114 1279 3208 1335 alii
3242 1279 3480 1338 habitus
3530 1285 3708 1342 infusi
3762 1304 3861 1344 vo·

2316 1361 2583 1433 luntatis,
2617 1366 2735 1421 nisi
2765 1366 3023 1425 charitas
3058 1379 3110 1425 et
3144 1388 3295 1443 spes,
3328 1378 3384 1430 et
3418 1375 3476 1431 hi
3508 1394 3622 1433 non
3650 1396 3863 1451 praeee-

2314 1452 2458 1508 dunt
2520 1454 2712 1512 fidem.
2769 1458 2932 1514 Adde
2988 1462 3141 1530 quod
3202 1463 3496 1521 credimus
3528 1466 3770 1524 Romam
3806 1477 3861 1526 et

2312 1542 2631 1601 Jerusalem
2666 1562 2793 1602 esse
2822 1547 2952 1604 sine
2984 1555 3140 1617 actu,
3176 1551 3263 1608 vel
3293 1553 3491 1611 habitu
3524 1557 3857 1616 voluntatis.

2314 1634 2478 1702 Item,
2510 1635 2801 1693 dromones
2838 1639 3079 1695 eredunt
3112 1642 3240 1698 sine
3274 1643 3394 1699 ulla
3427 1645 3520 1716 pia
3551 1648 3855 1707 affectione

2313 1725 2368 1779 in
2430 1723 2744 1782 voluntate.
2801 1730 3010 1784 Contra
3057 1730 3164 1788 hoc
3231 1734 3589 1804 objiciuntur
3649 1739 3856 1807 multa,

2309 1830 2412 1885 pro
2445 1831 2696 1885 quorum
2732 1817 3023 1875 solutione
3053 1821 3186 1877 vide
3230 1823 3287 1878 in
3324 1825 3507 1881 Oxon.
3558 1828 3854 1887 scholium

2308 1905 2401 1961 hic
2434 1913 2641 1979 quaest.
2673 1912 2729 1964 2.
2766 1927 2927 1966 nurn.
2957 1914 3009 1968 2.
3045 1919 3101 1969 et
3132 1914 3409 1973 Doctores
3443 1918 3523 1975 ibi
3558 1927 3688 1992 post
3720 1924 3853 1978 titu-

2307 1993 2430 2051 lum
2464 1998 2806 2068 quaestionis
2837 2001 3043 2057 citatos
3077 2020 3176 2073 pro
3207 2005 3387 2077 hujus
3419 2010 3499 2065 rei
3538 2010 3848 2068 solutione.

2305 2081 2470 2140 Aliud
2533 2086 2626 2142 hie
2683 2088 2760 2143 ait
2822 2090 3051 2160 Doctor,
3103 2093 3454 2152 volunlatem
3510 2115 3625 2156 non
3689 2118 3853 2172 posse

2306 2172 2591 2243 imperare
2622 2175 2943 2233 intellectui
2978 2184 3041 2234 ut
3070 2182 3351 2239 assentiat
3400 2185 3528 2242 sine
3589 2188 3708 2244 ulla
3766 2208 3854 2245 ra·

2304 2259 2476 2317 tione.
2516 2264 2613 2319 Est
2639 2270 2840 2321 contra
2871 2269 3049 2338 CaJ’et.
3086 2285 3125 2324 1.
3159 2273 3212 2327 2.
3246 2279 3451 2343 quaest.
3499 2276 3589 2331 65.
3643 2285 3749 2334 art.
3797 2280 3849 2338 4.

2304 2354 2410 2409 Sed
2449 2355 2755 2412 manifeste
2786 2372 3011 2429 verum,
3043 2361 3304 2433 alioquin
3352 2372 3552 2436 posset
3582 2367 3850 2426 voluntas

2304 2442 2505 2500 tollere
2534 2462 2766 2501 omnem
2802 2456 3016 2504 melum
3049 2456 3106 2506 et
3157 2453 3458 2512 tristitiam
3512 2458 3850 2531 imperando

2305 2534 2646 2601 intellectui,
2710 2542 2773 2593 ut
2831 2546 3117 2612 proponat
3163 2543 3387 2601 nullum
3452 2564 3581 2604 esse
3638 2549 3847 2607 horum

2301 2639 2557 2695 causam,
2583 2632 2639 2682 et
2669 2644 2898 2701 semper
2928 2630 3198 2689 delectari
3228 2636 3484 2705 jubendo
3518 2644 3581 2695 ut
3635 2657 3845 2714 propo-

2302 2720 2512 2771 nantur
2542 2716 2943 2776 delectationis
2974 2736 3182 2791 causas,
3217 2726 3327 2781 etsi
3365 2727 3419 2782 in
3473 2729 3552 2785 rei
3607 2732 3847 2790 veritate

2301 2820 2412 2859 non
2448 2805 2567 2861 sint
2598 2825 2612 2874 ;
2647 2807 2808 2875 item,
2845 2816 3038 2878 posset
3059 2811 3187 2869 sine
3218 2814 3337 2870 ulla
3375 2818 3597 2875 ratione
3645 2820 3843 2878 tollere

2301 2910 2470 2950 omne
2503 2896 2773 2953 dubium.
2833 2898 3048 2969 Tertio,
3109 2907 3196 2958 est
3252 2914 3450 2961 contra
3478 2908 3845 2970 Aristotelem

2295 2984 2349 3041 2.
2379 2987 2447 3041 de
2479 2988 2691 3044 Anima
2723 2993 2858 3045 text.
2893 2989 2981 3047 65.
3019 2992 3118 3047 ubi
3160 2995 3261 3061 ait,
3313 3012 3469 3068 posse
3519 3017 3614 3057 nos
3662 3002 3847 3074 plaan-

2293 3078 2497 3134 tasiari
2517 3078 2816 3148 quodlibet,
2865 3097 2979 3137 non
3023 3089 3213 3140 tamen
3253 3088 3493 3159 opinari.
3541 3092 3703 3158 Quod
3754 3094 3847 3151 bic

2295 3167 2372 3222 ait
2405 3167 2460 3223 in
2494 3169 2629 3234 fine,
2661 3169 2827 3240 fidem
2846 3176 3044 3244 anyer-i
3070 3177 3285 3232 actibus
3328 3182 3554 3251 nostris,
3593 3183 3689 3239 sed
3737 3202 3848 3242 non

2292 3257 2503 3313 actibus
2532 3260 2681 3329 fidei.
2712 3260 3158 3334 intelligendum
3187 3270 3274 3322 est
3322 3269 3392 3324 de
3427 3271 3657 3328 actibus
3709 3275 3844 3332 fidei

2296 3349 2678 3420 praecedentis
2710 3351 3078 3418 charitatem,
3112 3354 3162 3410 si
3208 3359 3501 3426 praecedit,
3553 3362 3637 3417 vel
3698 3363 3846 3422 alias

2296 3439 2583 3507 interme,
2618 3441 2757 3512 quia
2791 3443 2990 3498 subdit
3041 3450 3236 3501 actum
3279 3449 3517 3507 relatum
3567 3454 3636 3508 ad
3697 3472 3847 3523 aug-

2295 3535 2556 3585 mentum
2592 3531 2727 3587 ndei
2787 3532 2942 3588 illam
2994 3537 3217 3608 augeri,
3265 3539 3371 3594 etsi
3432 3545 3599 3598 actus
3657 3544 3842 3615 ipsius

2290 3621 2422 3676 fidei
2455 3622 2540 3677 sie
2594 3623 2920 3678 referantur
2979 3641 3080 3698 per
3135 3627 3477 3686 charitalem
3537 3633 3629 3703 (ad
3690 3635 3840 3691 bane

2289 3713 2440 3766 enim
2481 3722 2697 3782 spectat
2721 3713 3057 3783 hujusmodi
3085 3716 3305 3789 relatio)
3337 3722 3649 3793 augebunt,
3687 3725 3836 3781 sicut

2287 3805 2453 3858 actus
2483 3802 2726 3858 aliarum
2752 3804 3056 3862 virtutum.

2385 3979 2533 4055 Sed
2579 3981 2639 4055 si
2704 3982 2895 4059 tides
2948 3995 3062 4060 est
3122 3988 3197 4060 in
3261 3989 3681 4089 intellectu,
3720 4019 3830 4071 re-

3976 4036 4089 4103 11.

633 4111 783 4161 non
838 4086 1157 4161 assentit
1213 4086 1354 4159 nisi
1402 4086 1700 4180 volenS,
1774 4086 1961 4185 quia
2015 4110 2179 4183 per-

628 4205 887 4279 suasio
921 4204 1120 4300 cogit
1166 4204 1636 4278 intellectum
1694 4228 1951 4297 suum,
2002 4203 2174 4276 ideo

628 4331 976 4420 respectu
1026 4320 1203 4395 fidei
1232 4321 1631 4418 acquisita}
1673 4332 1787 4396 est
1817 4323 2175 4399 voluntas

627 4463 862 4514 causa
890 4439 1149 4536 aliquo
1197 4438 1445 4511 modo.

726 4556 876 4631 Sed
947 4555 1128 4654 quid
1191 4554 1283 4629 de
1354 4555 1514 4629 Deo
1579 4555 1619 4627 ἱ)
1693 4556 1879 4629 Dico
1966 4562 2172 4655 quod

624 4685 872 4775 potest
957 4698 1275 4750 causare
1381 4698 1777 4750 assensum
1877 4687 2168 4754 certum

543 4827 548 4832 ·
624 4795 696 4868 in
767 4794 1188 4888 intellectu,
1271 4802 1343 4867 et
1418 4793 1479 4867 si
1550 4794 1982 4871 intellectus
2075 4799 2173 4872 sit

626 4921 881 4986 certus
940 4910 1143 5008 quod
1228 4909 1437 4986 Deus
1526 4911 1870 4985 causavit
1937 4913 2167 4988 istum

622 5037 1078 5127 conceptum
1123 5026 1201 5099 in
1243 5050 1351 5118 se,
1391 5049 1540 5099 non
1590 5037 1704 5101 est
1767 5028 1842 5100 in
1908 5040 2168 5128 potes-

621 5156 772 5222 tate
842 5146 1010 5243 ejus
1084 5153 1163 5218 ut
1231 5143 1630 5218 dissentiat
1671 5149 2171 5241 revelat0,ta-

623 5290 794 5341 men
843 5273 956 5340 est
1016 5263 1094 5336 in
1151 5270 1524 5359 potestate
1593 5265 2014 5341 voluntatis
2087 5277 2168 5341 ut

616 5383 1058 5459 intellectus
1099 5378 1532 5454 consideret
1599 5383 1743 5456 hoc
1808 5384 2165 5481 quando-

617 5523 795 5597 que,
842 5509 915 5574 ct
948 5506 1196 5596 potest
1240 5496 1607 5593 impedire
1661 5522 1756 5573 ne
1808 5502 2164 5577 conside-

619 5627 757 5692 ret.

2289 4098 2720 4194 quiriturne
2750 4101 3030 4198 aliquis
3081 4105 3388 4181 habitus
3447 4133 3827 4208 superna-
3876 4153 4163 4205 D,Th0m‚

2287 4216 2556 4290 turalis
2614 4217 2691 4289 in
2757 4219 3148 4296 voluntate
3187 4223 3227 4293 ?
3285 4224 3580 4301 Dicitur
3617 4231 3822 4327 quod
3856 4215 3939 4328 0⁵0⁰
3963 4215 4183 4330 2¹}3f'·,;'{·2‚

2283 4333 2419 4421 sic,
2483 4333 2666 4431 quia
2745 4338 3054 4433 quando
3134 4349 3347 4417 actus
3444 4348 3825 4442 perfectus
3920 4343 3966 4392 ³·
4002 4356 4055 4407 q·
4094 4345 4140 4393 ¹·

2284 4450 2662 4548 dependet
2703 4475 2747 4525 a
2779 4451 3081 4529 duobus
3122 4458 3547 4558 principiiS,
3606 4490 3827 4564 opor·

2282 4574 2385 4639 tet
2483 4566 2613 4640 illa
2713 4567 3090 4667 principia
3193 4576 3527 4670 perfecta
3624 4605 3818 4658 esse.

2279 4684 2663 4759 Assensus
2786 4696 3041 4761 autem
3151 4689 3587 4771 intellectus
3689 4726 3828 4800 per

2279 4801 2538 4898 fidem,
2598 4814 2713 4880 est
2780 4815 2995 4881 actus
3055 4818 3696 4911 supernaturalis,
3752 4832 3826 4897 et

2278 4919 2658 5018 dependet
2689 4921 2783 4996 ah
2817 4922 3205 5000 intellectu
3265 4938 3339 5002 et
3396 4934 3817 5029 voluntate,

2277 5038 2460 5135 quia
2518 5039 2609 5111 ad
2672 5041 2816 5113 hoc
2885 5042 3091 5137 quod
3160 5044 3442 5142 aliquis
3533 5053 3815 5149 credat,

2276 5164 2574 5253 oportet
2605 5157 2810 5253 quod
2843 5171 3251 5234 concurrat
3282 5175 3498 5241 actus
3541 5171 3821 5245 volun-

2274 5273 2475 5366 tatis,
2545 5296 2715 5347 cum
2803 5275 3228 5351 secundum
3296 5283 3814 5380 Augustinum

2278 5399 2357 5463 ut
2397 5390 2740 5488 proxime
2786 5390 3098 5466 citatum
3147 5418 3162 5468 ε
3227 5395 3530 5474 Caetera
3564 5411 3818 5499 polest

2269 5501 2492 5578 lzomo
2562 5503 2857 5599 nalem,
2931 5506 3240 5583 credere
3327 5520 3579 5590 autem
3656 5543 3812 5596 non

2268 5622 2429 5698 nisi
2460 5621 2740 5697 volem.
