4295 6326
100 1920 423 1986 Septimum.

134 4611 420 4661 Octavum.

1376 443 1603 513 DIST.
1655 441 1911 512 XXIV.
1963 438 2382 520 QUAESTIO
2436 437 2733 509 UNICA.

444 623 761 698 cuilibet
802 621 1009 719 quod
1050 616 1523 718 impossibile
1571 623 1686 689 est
1740 614 1988 689 Deum

445 740 707 814 fallere
738 740 861 812 vel
903 737 1089 830 salli,
1141 758 1373 832 quam
1434 731 1640 832 quod
1702 754 1840 830 per
1886 731 1994 805 lu-

450 880 626 933 men
671 856 1019 931 naturale
1062 854 1495 927 intellectus
1535 874 1692 924 non
1749 856 1997 947 potest

451 997 711 1051 errare
741 974 819 1047 in
844 972 1177 1046 videndo
1210 979 1284 1044 et
1303 967 1725 1066 judicando
1762 994 1781 1061 3
1817 989 1993 1040 cum

452 1116 635 1188 ergo
684 1089 966 1187 aliquis
1026 1087 1256 1162 habet
1311 1084 1741 1177 scientiam,
1814 1082 1998 1181 quia

447 1217 655 1283 tenet
675 1207 862 1280 illud
888 1204 1094 1305 quod
1119 1203 1553 1278 intellectus
1575 1224 1711 1300 per
1733 1201 1997 1274 lumen

449 1323 801 1397 naturale
851 1319 1174 1417 judicat,
1203 1317 1524 1392 credens
1575 1314 1780 1414 quod
1840 1337 1997 1387 non

448 1449 696 1540 potest
727 1460 1010 1532 errare,
1042 1437 1280 1511 multo
1303 1433 1545 1531 magis
1567 1441 1816 1533 potest
1855 1430 2001 1506 ali-

452 1558 626 1656 quis
654 1558 936 1631 habere
971 1554 1402 1647 scientiam,
1431 1562 1702 1627 tenens
1725 1574 1860 1650 per
1888 1552 2000 1624 lu-

457 1698 632 1748 men
667 1672 842 1747 fidei
904 1670 1491 1770 supernaturale
1544 1668 1746 1766 quod
1792 1667 1999 1740 Deus

454 1815 609 1865 non
631 1798 878 1889 potest
895 1788 1151 1864 fallere
1171 1810 1312 1861 nec
1332 1784 1487 1859 falli
1507 1784 1597 1859 de
1618 1780 1994 1859 revelatis.

557 1909 970 2001 Praeterea,
1008 1906 1253 2004 prima
1306 1902 1682 2002 principia
1729 1923 1999 1976 neces-

460 2026 659 2103 saria
727 2035 908 2101 sunt
974 2033 1048 2098 et
1117 2020 1503 2098 evidentia
1578 2043 1670 2095 ex
1749 2017 2002 2095 termi-

459 2145 579 2217 nis
616 2172 633 2238 ;
671 2142 906 2218 sedin
953 2139 1310 2215 revelatis
1339 2147 1519 2213 sunt
1559 2138 1818 2235 ahqua
1842 2136 2001 2235 pri-

463 2285 587 2335 ma
617 2259 997 2359 principia
1037 2257 1500 2350 necessaria,
1537 2256 1757 2331 aliter
1801 2263 2001 2329 esset

461 2400 870 2478 processus
903 2377 980 2449 in
1036 2373 1427 2448 infinitum
1461 2373 1537 2445 in
1610 2372 1994 2465 revelatiS,

462 2496 674 2573 etsie
708 2493 898 2567 nihil
946 2492 1191 2590 primo
1253 2490 1655 2583 creditum,
1693 2488 1872 2587 quia
1937 2486 1998 2562 si

461 2640 616 2690 non
650 2635 1061 2712 possumus
1107 2610 1186 2683 in
1255 2608 1750 2683 credibilibus
1819 2606 1998 2680 dare

460 2732 767 2832 aliquod
802 2729 1164 2828 primum,
1200 2750 1342 2801 nec
1384 2748 1786 2824 possemus
1816 2723 1999 2798 dare

462 2849 749 2949 aliquid
783 2845 1194 2946 posteriuS,
1242 2842 1440 2917 sicut
1503 2842 1579 2914 in
1648 2841 1819 2916 aliis
1892 2865 2003 2916 es-

462 2964 887 3043 sentialiter
948 2958 1346 3051 ordinatiS,
1409 2967 1490 3032 ut
1557 2958 1885 3031 habetur
1926 2959 1996 3029 2.

461 3081 804 3181 Metaplt.
861 3085 1044 3152 [ωσι.
1132 3076 1202 3150 6.
1269 3086 1341 3149 et
1408 3074 1515 3148 sic
1592 3074 1785 3148 nihil
1864 3075 2006 3149 erit

466 3201 873 3277 creditum.
910 3197 1225 3293 Oportet
1256 3216 1437 3288 ergo
1497 3193 1677 3266 dare
1746 3193 2006 3290 aliqua

466 3314 862 3393 credibilia
891 3311 1167 3411 prima,
1202 3333 1378 3407 quae
1456 3317 1634 3382 sunt
1701 3308 2006 3383 eviden-

463 3435 568 3509 tia
605 3455 696 3507 ex
760 3427 1136 3520 terminiS,
1189 3426 1322 3501 sed
1399 3449 1490 3500 ex
1543 3425 1694 3499 illis
1759 3435 2009 3524 potest

466 3548 743 3626 deduci
777 3544 1171 3621 conclusio
1209 3571 1227 3638 ;
1257 3566 1438 3638 ergo
1471 3551 1719 3640 potest
1743 3542 2006 3617 haberi

466 3665 792 3742 scientia
831 3662 922 3735 de
956 3658 1478 3734 credibilibus,

565 3782 713 3858 Sed
749 3780 956 3853 dices
987 3778 1173 3851 sorte
1208 3776 1412 3874 quod
1446 3776 1706 3874 aliqua
1763 3776 2011 3851 credi-

469 3901 654 3976 bilia
710 3906 893 3973 sunt
951 3894 1400 3992 simpliciter
1476 3894 1749 3991 prima,
1815 3893 2013 3968 sicut

470 4016 722 4090 Deum
766 4033 925 4084 esse
1001 4008 1323 4083 Trc'mcm
1392 4015 1462 4081 cl
1523 4033 1758 4081 ἰιηιιηι
1807 4035 1836 4097 ,·
1879 4008 2011 4082 sed

473 4144 726 4208 tamen
763 4132 906 4203 hoc
940 4152 1093 4201 non
1139 4136 1252 4200 est
1283 4126 1675 4222 cognitum
1717 4151 1806 4201 ex
1849 4126 2014 4201 evi-

474 4249 734 4325 dentia
773 4243 1276 4320 ‘terminorum
1321 4244 2012 4340 apprehensorum,

476 4365 659 4463 quia
691 4387 842 4436 non
880 4383 1295 4459 possumus
1326 4359 1695 4433 terminos
1741 4383 2020 4457 appre-

478 4482 842 4557 hendere.

577 4602 885 4691 Contra,
930 4597 993 4670 si
1043 4619 1199 4668 non
1264 4593 2020 4691 apprehenderemus

481 4716 877 4808 terminos,
932 4735 1333 4810 nunquam
1401 4711 1738 4808 aliquam
1810 4735 2023 4785 com-

484 4833 916 4933 plexionem
957 4855 1047 4904 ex
1083 4831 1193 4905 eis
1224 4829 1755 4922 formaremuS,
1784 4839 1857 4902 et
1889 4852 2024 4926 per

484 4971 970 5046 consequens
1037 4948 1130 5021 de
1200 4947 1343 5019 hoc
1417 4945 1815 5042 complexo
1864 4970 2019 5019 non

484 5067 947 5141 haberemus
990 5061 1244 5136 fidem.

581 5184 888 5274 Contra,
963 5181 1032 5251 2.
1107 5179 1200 5252 ad
1269 5176 1705 5251 Corinthios
1781 5177 1849 5248 9.
1876 5200 2024 5274 per

482 5300 716 5397 fidem
751 5297 1262 5389 ambulantem,
1300 5302 1372 5370 el
1436 5319 1590 5369 nou
1646 5320 1794 5393 per
1848 5320 2023 5393 spe-

484 5420 677 5492 ciem
728 5475 746 5511 ,
811 5424 883 5492 ct
943 5414 1367 5488 secundum
1439 5416 1816 5507 Glossam,
1878 5438 2024 5512 per

480 5533 714 5632 sidem
793 5540 1088 5608 lantum
1157 5529 1766 5624 illzcmz‘namecr3
1840 5555 2021 5627 ergo

481 5651 904 5726 secundum
943 5650 1322 5741 Glossain,
1360 5657 1502 5721 etc.

3519 435 3647 503 447

2203 610 2618 704 Praeterea,
2690 608 2944 685 omnis
3003 606 3368 706 cognitio,
3416 627 3648 704 quam

2103 727 2483 802 habemus
2522 727 2614 801 de
2661 725 3186 819 credibilibuS,
3232 732 3348 799 est
3405 720 3651 817 aenig-

2105 844 2431 939 matica3
2488 867 2670 944 ergo
2704 845 2795 919 de
2839 844 2950 918 cis
3009 866 3162 917 non
3235 862 3650 940 possumus

2106 964 2389 1037 habere
2433 962 2863 1056 scientiam,
2910 985 3086 1059 quaa
3142 957 3477 1034 excludit
3523 955 3649 1029 ob-

2105 1079 2545 1155 scuritatem
2576 1080 2814 1175 illam,
2851 1102 3025 1177 quac
3060 1087 3173 1153 est
3212 1100 3304 1151 ex
3346 1074 3652 1150 eviden-

2104 1198 2211 1271 tia
2241 1197 2546 1295 objecti.

2659 1437 3021 1494 SCHOLIUM
3063 1439 3103 1493 Ι.

2177 1592 2474 1648 Sententia
2534 1594 2599 1647 D.
2662 1592 2867 1648 Thom.
2926 1590 3302 1662 'theologiam
3364 1594 3648 1658 nostram,

2107 1698 2235 1753 quae
2258 1690 2343 1737 est
2385 1681 2783 1738 subalternata
2834 1681 3092 1737 scientiae
3151 1680 3477 1751 Beatorum,
3526 1696 3652 1737 esse

2107 1787 2279 1843 posse
2337 1787 2467 1827 cum
2520 1771 2632 1826 tide
2689 1771 2758 1826 de
2790 1770 3012 1827 eisdem
3039 1770 3317 1841 objectis;
3366 1770 3420 1825 id
3456 1775 3650 1826 tamen

2107 1861 2367 1916 scientiae
2399 1858 2824 1916 subalternunti
2860 1874 3206 1930 repugnare,
3240 1859 3520 1915 suadetur
3546 1858 3652 1914 tri-

2107 1950 2217 2005 bus
2246 1951 2632 2023 argumentis,
2667 1950 2953 2006 refutatur
2983 1947 3117 2004 aliis
3167 1948 3358 2003 tribus
3412 1949 3651 2005 rationi·

2108 2040 2220 2096 bus
2252 2041 2445 2110 clariS,
2479 2056 2727 2113 quarum
2762 2038 2948 2110 prima
2979 2037 3233 2095 ostendit
3266 2042 3326 2093 D.
3361 2038 3651 2094 Thomam

2105 2129 2295 2186 inhoc
2327 2129 2436 2185 sibi
2469 2129 2900 2197 contradicere3
2935 2132 2990 2184 et
3021 2128 3115 2184 hie
3154 2127 3383 2184 articul.
3430 2130 3478 2185 4.
3514 2128 3650 2199 reji-

2106 2219 2187 2275 cit
2219 2218 2540 2275 solutiones
2579 2219 3007 2275 Tbomistarum
3045 2219 3112 2273 ad
3150 2218 3270 2273 boc.
3309 2217 3455 2273 Vide
3486 2217 3650 2289 plura

2105 2311 2179 2367 de
2211 2310 2298 2367 his
2330 2315 2537 2382 quaest.
2572 2311 2624 2367 3.
2658 2310 2879 2384 prolog.
2914 2315 3118 2383 quoest.
3150 2311 3204 2364 2.
3240 2309 3486 2366 laterali.

2204 2492 2317 2565 Ad
2373 2490 2879 2589 quaestionem
2950 2490 3230 2565 dicitur
3286 2491 3491 2587 quod
3552 2489 3645 2566 de

2108 2608 2417 2705 creditis
2451 2609 2805 2683 revelatis
2836 2617 3081 2705 potest
3108 2606 3373 2682 haberi
3406 2606 3650 2682 scien·
3678 2622 3977 2749 P‘qTi⁰ffii

2107 2726 2214 2800 tia
2279 2749 2455 2800 cum
2515 2723 2691 2811 side,
2774 2749 2927 2798 non
2998 2734 3251 2799 tamen
3330 2725 3649 2800 scientia
3681 2752 3727 2860 ιι.
3760 2749 3996 2861 οὲτῖεὲᾳ.

2110 2844 2680 2937 subalternanS,
2727 2845 2859 2918 sed
2920 2843 3468 2918 subalternata.
3517 2843 3651 2916 Di-

2110 2972 2296 3037 cunt
2327 2962 2531 3037 enim
2566 2962 2683 3036 isti
2720 2963 2921 3061 quod
2956 2962 3238 3060 duplex
3258 2972 3372 3037 est
3403 2986 3650 3058 genus

2111 3079 2669 3155 scientiarum:
2736 3079 3101 3167 Quaedam
3174 3078 3379 3154 enim
3449 3087 3649 3166 sunt,

2112 3223 2289 3299 quae
2331 3200 2756 3296 procedunt
2809 3222 2899 3273 ex
2976 3197 3375 3295 principiis
3455 3197 3653 3271 notis

2113 3317 2407 3392 lumine
2502 3316 2836 3391 naturali
2931 3314 3392 3409 intellectus,
3458 3315 3656 3390 sicut

2111 3433 2610 3509 Arithmetica
2644 3443 2718 3508 et
2757 3432 3218 3526 Geometria,
3254 3440 3326 3507 et
3394 3432 3655 3529 hujus-

2121 3550 2351 3622 modi.
2392 3548 2761 3637 Quoedam
2798 3570 2979 3622 vero
3012 3557 3219 3642 sunt,
3274 3571 3450 3645 quae
3483 3573 3665 3646 pro-

2118 3667 2403 3741 cedunt
2469 3689 2563 3741 ex
2623 3665 3026 3764 principiis
3104 3664 3304 3739 notis
3371 3666 3663 3741 lumine

2119 3783 2541 3882 superioris
2575 3782 2951 3870 scientim,
2998 3782 3194 3856 sicut
3247 3782 3669 3881 perspecti-

2119 3925 2220 3974 va
2252 3900 2597 3997 procedit
2640 3923 2733 3974 ex
2799 3899 3201 3997 principiis
3261 3899 3669 3973 notificatis

2121 4040 2261 4117 per
2292 4016 2838 4109 Geometriam,
2877 4025 2948 4090 et
2992 4016 3290 4089 Musica
3329 4038 3421 4088 ex
3468 4015 3671 4114 prin-

2124 4133 2347 4231 cipiis
2382 4131 2795 4206 notificatis
2853 4155 2989 4229 per
3040 4131 3665 4226 Arithmeticam3

2124 4259 2199 4325 et
2278 4252 2421 4323 hoc
2512 4249 2735 4322 modo
2823 4271 3039 4324 sacra
3142 4248 3488 4324 doctrina
3559 4262 3673 4326 est

2124 4366 2472 4459 scientia,
2522 4375 2603 4440 ut
2636 4365 2927 4459 dicunt,
2961 4365 3144 4462 quia
3176 4367 3520 4463 procedit
3579 4391 3672 4442 ex

2127 4482 2527 4581 principiis
2609 4482 2811 4556 notis
2880 4481 3172 4555 lumine
3250 4484 3671 4580 superioris

2128 4598 2499 4691 scientiae,
2582 4621 2756 4695 qua}
2812 4597 3102 4672 scilicet
3192 4608 3306 4673 est
3372 4599 3510 4675 Dei
3599 4613 3673 4678 et

2128 4717 2569 4790 Beatorum.
2609 4713 2828 4787 Unde
2874 4713 3137 4787 dicunt
3200 4716 3403 4812 quod
3475 4717 3672 4792 sicut

2127 4831 2429 4905 Musica
2475 4830 2713 4905 credit
2771 4830 3149 4929 principia
3187 4832 3461 4907 tradita
3527 4834 3668 4909 sibi

2129 4948 2225 5022 ab
2277 4947 2801 5032 Arithmetica,
2872 4947 2978 5021 ita
3043 4971 3262 5022 sacra
3328 4949 3676 5026 doctrina

2130 5066 2370 5139 credit
2397 5065 2777 5164 principia
2843 5067 3179 5140 revelata
3237 5090 3280 5141 a
3338 5068 3525 5144 Deo.
3564 5072 3674 5144 Ex

2131 5178 2275 5254 isto
2310 5181 2577 5255 dicunt
2636 5180 3132 5278 Theologiam
3199 5207 3366 5258 esse
3419 5186 3673 5261 scien-

2129 5300 2310 5373 tiam
2357 5300 2962 5374 subalternatam
3015 5299 3359 5375 scientiae
3400 5304 3676 5379 Beato-

2133 5440 2333 5510 rum,
2382 5425 2456 5491 et
2498 5417 2599 5490 ita
2631 5439 3034 5513 nunquam
3069 5426 3181 5490 est
3223 5417 3370 5491 nisi
3414 5419 3488 5493 in
3527 5421 3677 5498 via-

2131 5543 2322 5627 tore,
2385 5533 2459 5606 in
2517 5557 2668 5631 quo
2712 5542 2825 5606 cst
2867 5544 2939 5606 ct
2986 5531 3200 5607 fides.

2233 5653 2341 5724 Ex
2382 5651 2663 5750 quibus
2694 5649 3046 5747 sequitur
3101 5653 3303 5748 quod
3354 5654 3674 5734 scientia
