<?xml version="1.0" encoding="UTF-8"?>
<!DOCTYPE html PUBLIC "-//W3C//DTD XHTML 1.0 Transitional//EN"
    "http://www.w3.org/TR/xhtml1/DTD/xhtml1-transitional.dtd">
<html xmlns="http://www.w3.org/1999/xhtml" xml:lang="en" lang="en">
 <head>
  <title>
</title>
<meta http-equiv="Content-Type" content="text/html;charset=utf-8" />
  <meta name='ocr-system' content='tesseract 3.04.00' />
  <meta name='ocr-capabilities' content='ocr_page ocr_carea ocr_par ocr_line ocrx_word'/>
</head>
<body>
  <div class='ocr_page' id='page_1' title='image "./joannisdunsscot00waddgoog_0611.png"; bbox 0 0 4295 6326; ppageno 0'>
   <div class='ocr_carea' id='block_1_1' title="bbox 1478 402 2523 485">
    <p class='ocr_par' dir='ltr' id='par_1_1' title="bbox 1478 402 2523 485">
     <span class='ocr_line' id='line_1_1' title="bbox 1478 402 2523 485; baseline 0.003 -14"><span class='ocrx_word' id='word_1_1' title='bbox 1478 402 1706 473; x_wconf 89' lang='lat' dir='ltr'>DIST.</span> <span class='ocrx_word' id='word_1_2' title='bbox 1758 403 1881 474; x_wconf 90' lang='lat'>111.</span> <span class='ocrx_word' id='word_1_3' title='bbox 1932 405 2353 485; x_wconf 87' lang='lat' dir='ltr'>QUAESTIO</span> <span class='ocrx_word' id='word_1_4' title='bbox 2402 407 2523 474; x_wconf 92' lang='lat'>111.</span> 
     </span>
    </p>
   </div>
   <div class='ocr_carea' id='block_1_2' title="bbox 100 593 1981 1159">
    <p class='ocr_par' dir='ltr' id='par_1_2' title="bbox 429 593 1978 693">
     <span class='ocr_line' id='line_1_2' title="bbox 429 593 1978 693; baseline -0.001 -25"><span class='ocrx_word' id='word_1_5' title='bbox 429 616 605 692; x_wconf 81' lang='lat' dir='ltr'>quae</span> <span class='ocrx_word' id='word_1_6' title='bbox 673 603 788 669; x_wconf 91' lang='lat' dir='ltr'>est</span> <span class='ocrx_word' id='word_1_7' title='bbox 844 618 889 669; x_wconf 94' lang='lat' dir='ltr'>a</span> <span class='ocrx_word' id='word_1_8' title='bbox 953 605 1110 670; x_wconf 86' lang='lat' dir='ltr'>tota</span> <span class='ocrx_word' id='word_1_9' title='bbox 1174 595 1456 693; x_wconf 91' lang='lat' dir='ltr'>specie,</span> <span class='ocrx_word' id='word_1_10' title='bbox 1493 593 1565 667; x_wconf 91' lang='lat' dir='ltr'>id</span> <span class='ocrx_word' id='word_1_11' title='bbox 1611 601 1750 679; x_wconf 91' lang='lat' dir='ltr'>est,</span> <span class='ocrx_word' id='word_1_12' title='bbox 1797 615 1978 689; x_wconf 80' lang='lat' dir='ltr'>quae</span> 
     </span>
    </p>

    <p class='ocr_par' dir='ltr' id='par_1_3' title="bbox 431 708 1973 925">
     <span class='ocr_line' id='line_1_3' title="bbox 431 708 1973 810; baseline -0.003 -26"><span class='ocrx_word' id='word_1_13' title='bbox 431 712 883 786; x_wconf 70' lang='lat' dir='ltr'><strong>naturaiiter</strong></span> <span class='ocrx_word' id='word_1_14' title='bbox 984 713 1484 810; x_wconf 81' lang='lat' dir='ltr'>consequitur</span> <span class='ocrx_word' id='word_1_15' title='bbox 1580 708 1973 809; x_wconf 77' lang='lat' dir='ltr'>propriam</span> 
     </span>
     <span class='ocr_line' id='line_1_4' title="bbox 435 827 1915 925; baseline -0.002 -24"><span class='ocrx_word' id='word_1_16' title='bbox 435 828 766 925; x_wconf 91' lang='lat' dir='ltr'>speciem</span> <span class='ocrx_word' id='word_1_17' title='bbox 812 827 1043 902; x_wconf 85' lang='lat' dir='ltr'>illius.</span> <span class='ocrx_word' id='word_1_18' title='bbox 1905 912 1915 925; x_wconf 38' lang='lat'><strong>·</strong></span> 
     </span>
    </p>

    <p class='ocr_par' dir='ltr' id='par_1_4' title="bbox 204 932 1981 1054">
     <span class='ocr_line' id='line_1_5' title="bbox 204 932 1981 1054; baseline -0.003 -36"><span class='ocrx_word' id='word_1_19' title='bbox 204 932 303 1054; x_wconf 64' lang='lat'>4&#39;.</span> <span class='ocrx_word' id='word_1_20' title='bbox 534 944 644 1018; x_wconf 84' lang='lat' dir='ltr'>Ad</span> <span class='ocrx_word' id='word_1_21' title='bbox 678 946 823 1017; x_wconf 93' lang='lat' dir='ltr'>hoc</span> <span class='ocrx_word' id='word_1_22' title='bbox 855 955 1111 1019; x_wconf 90' lang='lat' dir='ltr'>autem</span> <span class='ocrx_word' id='word_1_23' title='bbox 1145 945 1351 1042; x_wconf 93' lang='lat' dir='ltr'>quod</span> <span class='ocrx_word' id='word_1_24' title='bbox 1405 943 1667 1039; x_wconf 91' lang='lat' dir='ltr'>aliqua</span> <span class='ocrx_word' id='word_1_25' title='bbox 1723 948 1981 1016; x_wconf 91' lang='lat' dir='ltr'>essent</span> 
     </span>
    </p>

    <p class='ocr_par' dir='ltr' id='par_1_5' title="bbox 100 1048 1979 1159">
     <span class='ocr_line' id='line_1_6' title="bbox 100 1048 1979 1159; baseline -0.003 -23"><span class='ocrx_word' id='word_1_26' title='bbox 100 1048 392 1096; x_wconf 52' lang='lat' dir='ltr'>mmmm</span> <span class='ocrx_word' id='word_1_27' title='bbox 437 1061 782 1159; x_wconf 88' lang='lat' dir='ltr'>ejusdem</span> <span class='ocrx_word' id='word_1_28' title='bbox 827 1062 1136 1159; x_wconf 89' lang='lat' dir='ltr'>speciei,</span> <span class='ocrx_word' id='word_1_29' title='bbox 1187 1069 1491 1159; x_wconf 91' lang='lat' dir='ltr'>oportet</span> <span class='ocrx_word' id='word_1_30' title='bbox 1544 1083 1634 1134; x_wconf 85' lang='lat' dir='ltr'>ea</span> <span class='ocrx_word' id='word_1_31' title='bbox 1689 1080 1979 1133; x_wconf 90' lang='lat' dir='ltr'>conve-</span> 
     </span>
    </p>
   </div>
   <div class='ocr_carea' id='block_1_3' title="bbox 72 1109 1976 1285">
    <p class='ocr_par' dir='ltr' id='par_1_6' title="bbox 72 1109 1976 1285">
     <span class='ocr_line' id='line_1_7' title="bbox 97 1109 347 1160; baseline -0.004 -2"><span class='ocrx_word' id='word_1_32' title='bbox 97 1124 123 1158; x_wconf 84' lang='lat' dir='ltr'>s</span> <span class='ocrx_word' id='word_1_33' title='bbox 167 1109 347 1160; x_wconf 79' lang='lat' dir='ltr'>eciflca</span> 
     </span>
     <span class='ocr_line' id='line_1_8' title="bbox 72 1124 1976 1285; baseline -0.008 -27"><span class='ocrx_word' id='word_1_34' title='bbox 72 1124 407 1285; x_wconf 49' lang='lat' dir='ltr'>pfiuaenatu-</span> <span class='ocrx_word' id='word_1_35' title='bbox 440 1177 606 1251; x_wconf 90' lang='lat' dir='ltr'>nire</span> <span class='ocrx_word' id='word_1_36' title='bbox 667 1177 743 1249; x_wconf 92' lang='lat' dir='ltr'>in</span> <span class='ocrx_word' id='word_1_37' title='bbox 796 1177 1158 1251; x_wconf 89' lang='lat' dir='ltr'>omnibus</span> <span class='ocrx_word' id='word_1_38' title='bbox 1216 1176 1714 1275; x_wconf 87' lang='lat' dir='ltr'>qualitatibus</span> <span class='ocrx_word' id='word_1_39' title='bbox 1768 1172 1976 1246; x_wconf 90' lang='lat' dir='ltr'>illius</span> 
     </span>
    </p>
   </div>
   <div class='ocr_carea' id='block_1_4' title="bbox 60 1235 1979 5361">
    <p class='ocr_par' dir='ltr' id='par_1_7' title="bbox 60 1235 1979 5361">
     <span class='ocr_line' id='line_1_9' title="bbox 75 1235 1978 1391; baseline -0.003 -25"><span class='ocrx_word' id='word_1_40' title='bbox 75 1235 412 1348; x_wconf 48' lang='grc' dir='ltr'>ᾱίῦιῑῗῑῗξῑῗὲι-ιο</span> <span class='ocrx_word' id='word_1_41' title='bbox 439 1292 749 1389; x_wconf 87' lang='lat' dir='ltr'>speciei,</span> <span class='ocrx_word' id='word_1_42' title='bbox 787 1304 860 1367; x_wconf 93' lang='lat' dir='ltr'>et</span> <span class='ocrx_word' id='word_1_43' title='bbox 886 1293 991 1367; x_wconf 89' lang='lat' dir='ltr'>ita</span> <span class='ocrx_word' id='word_1_44' title='bbox 1030 1302 1236 1390; x_wconf 90' lang='lat' dir='ltr'>patet</span> <span class='ocrx_word' id='word_1_45' title='bbox 1276 1293 1475 1391; x_wconf 90' lang='lat' dir='ltr'>quod</span> <span class='ocrx_word' id='word_1_46' title='bbox 1548 1314 1751 1388; x_wconf 90' lang='lat' dir='ltr'>aqua</span> <span class='ocrx_word' id='word_1_47' title='bbox 1791 1288 1978 1363; x_wconf 88' lang='lat' dir='ltr'>arti-</span> 
     </span>
     <span class='ocr_line' id='line_1_10' title="bbox 434 1406 1978 1506; baseline -0.001 -26"><span class='ocrx_word' id='word_1_48' title='bbox 434 1406 731 1495; x_wconf 86' lang='lat' dir='ltr'>ficialis,</span> <span class='ocrx_word' id='word_1_49' title='bbox 777 1418 862 1483; x_wconf 94' lang='lat' dir='ltr'>ut</span> <span class='ocrx_word' id='word_1_50' title='bbox 900 1432 1104 1506; x_wconf 90' lang='lat' dir='ltr'>aqua</span> <span class='ocrx_word' id='word_1_51' title='bbox 1155 1432 1491 1501; x_wconf 89' lang='lat' dir='ltr'>rosacea,</span> <span class='ocrx_word' id='word_1_52' title='bbox 1543 1408 1666 1482; x_wconf 88' lang='lat' dir='ltr'>vel</span> <span class='ocrx_word' id='word_1_53' title='bbox 1717 1407 1978 1503; x_wconf 90' lang='lat' dir='ltr'>aliqua</span> 
     </span>
     <span class='ocr_line' id='line_1_11' title="bbox 433 1525 1973 1625; baseline -0.003 -25"><span class='ocrx_word' id='word_1_54' title='bbox 433 1527 583 1601; x_wconf 90' lang='lat' dir='ltr'>alia</span> <span class='ocrx_word' id='word_1_55' title='bbox 615 1551 814 1625; x_wconf 90' lang='lat' dir='ltr'>aqua</span> <span class='ocrx_word' id='word_1_56' title='bbox 847 1528 1238 1621; x_wconf 78' lang='lat' dir='ltr'>distillata,</span> <span class='ocrx_word' id='word_1_57' title='bbox 1275 1551 1427 1600; x_wconf 94' lang='lat' dir='ltr'>non</span> <span class='ocrx_word' id='word_1_58' title='bbox 1467 1535 1580 1600; x_wconf 87' lang='lat' dir='ltr'>est</span> <span class='ocrx_word' id='word_1_59' title='bbox 1628 1525 1973 1623; x_wconf 89' lang='lat' dir='ltr'>ejusdem</span> 
     </span>
     <span class='ocr_line' id='line_1_12' title="bbox 431 1640 1978 1740; baseline -0.001 -25"><span class='ocrx_word' id='word_1_60' title='bbox 431 1643 711 1740; x_wconf 91' lang='lat' dir='ltr'>speciei</span> <span class='ocrx_word' id='word_1_61' title='bbox 795 1667 969 1717; x_wconf 92' lang='lat' dir='ltr'>cum</span> <span class='ocrx_word' id='word_1_62' title='bbox 1059 1666 1260 1740; x_wconf 90' lang='lat' dir='ltr'>aqua</span> <span class='ocrx_word' id='word_1_63' title='bbox 1344 1641 1704 1734; x_wconf 88' lang='lat' dir='ltr'>naturali,</span> <span class='ocrx_word' id='word_1_64' title='bbox 1795 1640 1978 1737; x_wconf 91' lang='lat' dir='ltr'>quia</span> 
     </span>
     <span class='ocr_line' id='line_1_13' title="bbox 430 1758 1976 1859; baseline -0.005 -21"><span class='ocrx_word' id='word_1_65' title='bbox 430 1784 632 1859; x_wconf 90' lang='lat' dir='ltr'>aqua</span> <span class='ocrx_word' id='word_1_66' title='bbox 665 1762 1039 1835; x_wconf 85' lang='lat' dir='ltr'>naturalis</span> <span class='ocrx_word' id='word_1_67' title='bbox 1069 1772 1184 1836; x_wconf 90' lang='lat' dir='ltr'>est</span> <span class='ocrx_word' id='word_1_68' title='bbox 1215 1762 1347 1835; x_wconf 90' lang='lat' dir='ltr'>illa</span> <span class='ocrx_word' id='word_1_69' title='bbox 1386 1783 1560 1858; x_wconf 80' lang='lat' dir='ltr'>quae</span> <span class='ocrx_word' id='word_1_70' title='bbox 1622 1758 1976 1858; x_wconf 91' lang='lat' dir='ltr'>produci-</span> 
     </span>
     <span class='ocr_line' id='line_1_14' title="bbox 429 1875 1975 1975; baseline -0.003 -23"><span class='ocrx_word' id='word_1_71' title='bbox 429 1890 555 1953; x_wconf 85' lang='lat' dir='ltr'>tur</span> <span class='ocrx_word' id='word_1_72' title='bbox 586 1879 680 1953; x_wconf 92' lang='lat' dir='ltr'>ab</span> <span class='ocrx_word' id='word_1_73' title='bbox 722 1887 995 1975; x_wconf 81' lang='lat' dir='ltr'>agente</span> <span class='ocrx_word' id='word_1_74' title='bbox 1031 1878 1391 1971; x_wconf 88' lang='lat' dir='ltr'>naturali,</span> <span class='ocrx_word' id='word_1_75' title='bbox 1437 1887 1511 1952; x_wconf 90' lang='lat' dir='ltr'>et</span> <span class='ocrx_word' id='word_1_76' title='bbox 1544 1900 1678 1974; x_wconf 88' lang='lat' dir='ltr'>per</span> <span class='ocrx_word' id='word_1_77' title='bbox 1727 1875 1975 1949; x_wconf 89' lang='lat' dir='ltr'>media</span> 
     </span>
     <span class='ocr_line' id='line_1_15' title="bbox 429 1994 1974 2093; baseline -0.001 -24"><span class='ocrx_word' id='word_1_78' title='bbox 429 1994 961 2083; x_wconf 87' lang='lat' dir='ltr'>determinata,</span> <span class='ocrx_word' id='word_1_79' title='bbox 998 2005 1072 2070; x_wconf 90' lang='lat' dir='ltr'>et</span> <span class='ocrx_word' id='word_1_80' title='bbox 1120 1995 1325 2093; x_wconf 92' lang='lat' dir='ltr'>quod</span> <span class='ocrx_word' id='word_1_81' title='bbox 1380 1995 1682 2068; x_wconf 93' lang='lat' dir='ltr'>nullum</span> <span class='ocrx_word' id='word_1_82' title='bbox 1735 2016 1974 2090; x_wconf 91' lang='lat' dir='ltr'>agens</span> 
     </span>
     <span class='ocr_line' id='line_1_16' title="bbox 430 2110 1972 2210; baseline 0 -25"><span class='ocrx_word' id='word_1_83' title='bbox 430 2114 781 2187; x_wconf 87' lang='lat' dir='ltr'>naturale</span> <span class='ocrx_word' id='word_1_84' title='bbox 814 2122 1070 2210; x_wconf 85' lang='lat' dir='ltr'>posset</span> <span class='ocrx_word' id='word_1_85' title='bbox 1104 2113 1312 2187; x_wconf 88' lang='lat' dir='ltr'>illam</span> <span class='ocrx_word' id='word_1_86' title='bbox 1355 2111 1576 2186; x_wconf 91' lang='lat' dir='ltr'>aliter</span> <span class='ocrx_word' id='word_1_87' title='bbox 1614 2134 1706 2185; x_wconf 89' lang='lat' dir='ltr'>ex</span> <span class='ocrx_word' id='word_1_88' title='bbox 1742 2110 1972 2185; x_wconf 87' lang='lat' dir='ltr'>mixto</span> 
     </span>
     <span class='ocr_line' id='line_1_17' title="bbox 430 2226 1973 2327; baseline -0.001 -26"><span class='ocrx_word' id='word_1_89' title='bbox 430 2229 852 2327; x_wconf 88' lang='lat' dir='ltr'>producere</span> <span class='ocrx_word' id='word_1_90' title='bbox 981 2251 1473 2326; x_wconf 90' lang='lat' dir='ltr'>quocumque</span> <span class='ocrx_word' id='word_1_91' title='bbox 1594 2226 1973 2323; x_wconf 86' lang='lat' dir='ltr'>adjutorio</span> 
     </span>
     <span class='ocr_line' id='line_1_18' title="bbox 431 2344 1970 2441; baseline -0.003 -22"><span class='ocrx_word' id='word_1_92' title='bbox 431 2355 757 2430; x_wconf 68' lang='lat' dir='ltr'>naturae,</span> <span class='ocrx_word' id='word_1_93' title='bbox 821 2370 962 2421; x_wconf 89' lang='lat' dir='ltr'>nec</span> <span class='ocrx_word' id='word_1_94' title='bbox 1048 2344 1428 2441; x_wconf 89' lang='lat' dir='ltr'>adjutorio</span> <span class='ocrx_word' id='word_1_95' title='bbox 1497 2345 1970 2436; x_wconf 68' lang='lat' dir='ltr'>daemonum,</span> 
     </span>
     <span class='ocr_line' id='line_1_19' title="bbox 433 2461 1972 2558; baseline -0.003 -22"><span class='ocrx_word' id='word_1_96' title='bbox 433 2464 554 2537; x_wconf 92' lang='lat' dir='ltr'>vel</span> <span class='ocrx_word' id='word_1_97' title='bbox 597 2463 920 2537; x_wconf 88' lang='lat' dir='ltr'>aliorum</span> <span class='ocrx_word' id='word_1_98' title='bbox 950 2464 1447 2558; x_wconf 85' lang='lat' dir='ltr'>Angelorum.</span> <span class='ocrx_word' id='word_1_99' title='bbox 1494 2461 1711 2548; x_wconf 87' lang='lat' dir='ltr'>Quod</span> <span class='ocrx_word' id='word_1_100' title='bbox 1768 2461 1972 2535; x_wconf 90' lang='lat' dir='ltr'>enim</span> 
     </span>
     <span class='ocr_line' id='line_1_20' title="bbox 440 2579 1977 2677; baseline 0.001 -25"><span class='ocrx_word' id='word_1_101' title='bbox 440 2580 638 2676; x_wconf 87' lang='lat' dir='ltr'>magi</span> <span class='ocrx_word' id='word_1_102' title='bbox 752 2580 1182 2653; x_wconf 79' lang='lat' dir='ltr'>Pharaonis</span> <span class='ocrx_word' id='word_1_103' title='bbox 1265 2579 1794 2677; x_wconf 85' lang='lat' dir='ltr'>produxerunt</span> <span class='ocrx_word' id='word_1_104' title='bbox 1885 2600 1977 2653; x_wconf 88' lang='lat' dir='ltr'>ex</span> 
     </span>
     <span class='ocr_line' id='line_1_21' title="bbox 437 2693 1977 2793; baseline -0.003 -22"><span class='ocrx_word' id='word_1_105' title='bbox 437 2719 637 2793; x_wconf 90' lang='lat' dir='ltr'>aqua</span> <span class='ocrx_word' id='word_1_106' title='bbox 714 2696 845 2769; x_wconf 93' lang='lat' dir='ltr'>illa</span> <span class='ocrx_word' id='word_1_107' title='bbox 913 2717 1140 2770; x_wconf 90' lang='lat' dir='ltr'>ranas</span> <span class='ocrx_word' id='word_1_108' title='bbox 1225 2693 1444 2791; x_wconf 89' lang='lat' dir='ltr'>quasi</span> <span class='ocrx_word' id='word_1_109' title='bbox 1533 2693 1814 2785; x_wconf 90' lang='lat' dir='ltr'>subito,</span> <span class='ocrx_word' id='word_1_110' title='bbox 1904 2703 1977 2768; x_wconf 92' lang='lat' dir='ltr'>et</span> 
     </span>
     <span class='ocr_line' id='line_1_22' title="bbox 437 2808 1977 2910; baseline -0.003 -23"><span class='ocrx_word' id='word_1_111' title='bbox 437 2813 644 2910; x_wconf 90' lang='lat' dir='ltr'>quod</span> <span class='ocrx_word' id='word_1_112' title='bbox 714 2813 948 2885; x_wconf 88' lang='lat' dir='ltr'>multa</span> <span class='ocrx_word' id='word_1_113' title='bbox 1025 2810 1405 2885; x_wconf 90' lang='lat' dir='ltr'>mirabilia</span> <span class='ocrx_word' id='word_1_114' title='bbox 1472 2810 1698 2884; x_wconf 91' lang='lat' dir='ltr'>modo</span> <span class='ocrx_word' id='word_1_115' title='bbox 1783 2808 1977 2883; x_wconf 85' lang='lat' dir='ltr'>fiunt</span> 
     </span>
     <span class='ocr_line' id='line_1_23' title="bbox 435 2925 1978 3028; baseline -0.003 -26"><span class='ocrx_word' id='word_1_116' title='bbox 435 2937 716 3028; x_wconf 84' lang='lat' dir='ltr'>praeter</span> <span class='ocrx_word' id='word_1_117' title='bbox 744 2950 1232 3003; x_wconf 91' lang='lat' dir='ltr'>communem</span> <span class='ocrx_word' id='word_1_118' title='bbox 1286 2949 1596 3000; x_wconf 90' lang='lat' dir='ltr'>cursum</span> <span class='ocrx_word' id='word_1_119' title='bbox 1646 2934 1720 3000; x_wconf 94' lang='lat' dir='ltr'>et</span> <span class='ocrx_word' id='word_1_120' title='bbox 1769 2925 1978 2999; x_wconf 91' lang='lat' dir='ltr'>ordi-</span> 
     </span>
     <span class='ocr_line' id='line_1_24' title="bbox 435 3043 1977 3133; baseline -0.003 -11"><span class='ocrx_word' id='word_1_121' title='bbox 435 3071 612 3122; x_wconf 88' lang='lat' dir='ltr'>nem</span> <span class='ocrx_word' id='word_1_122' title='bbox 673 3055 1158 3133; x_wconf 86' lang='lat' dir='ltr'>consuetum,</span> <span class='ocrx_word' id='word_1_123' title='bbox 1210 3047 1352 3119; x_wconf 91' lang='lat' dir='ltr'>hoc</span> <span class='ocrx_word' id='word_1_124' title='bbox 1413 3068 1568 3118; x_wconf 92' lang='lat' dir='ltr'>non</span> <span class='ocrx_word' id='word_1_125' title='bbox 1617 3043 1701 3119; x_wconf 88' lang='lat' dir='ltr'>fit</span> <span class='ocrx_word' id='word_1_126' title='bbox 1756 3045 1977 3117; x_wconf 85' lang='lat' dir='ltr'>mira-</span> 
     </span>
     <span class='ocr_line' id='line_1_25' title="bbox 435 3168 1977 3263; baseline -0.004 -22"><span class='ocrx_word' id='word_1_127' title='bbox 435 3168 725 3260; x_wconf 90' lang='lat' dir='ltr'>culose,</span> <span class='ocrx_word' id='word_1_128' title='bbox 763 3188 904 3239; x_wconf 91' lang='lat' dir='ltr'>nec</span> <span class='ocrx_word' id='word_1_129' title='bbox 938 3171 1217 3263; x_wconf 65' lang='lat' dir='ltr'>praeter</span> <span class='ocrx_word' id='word_1_130' title='bbox 1248 3185 1695 3260; x_wconf 87' lang='lat' dir='ltr'>processum</span> <span class='ocrx_word' id='word_1_131' title='bbox 1748 3172 1977 3235; x_wconf 90' lang='lat' dir='ltr'>natu-</span> 
     </span>
     <span class='ocr_line' id='line_1_26' title="bbox 430 3280 1973 3381; baseline -0.005 -22"><span class='ocrx_word' id='word_1_132' title='bbox 430 3308 567 3378; x_wconf 74' lang='lat' dir='ltr'>rae,</span> <span class='ocrx_word' id='word_1_133' title='bbox 639 3283 820 3381; x_wconf 92' lang='lat' dir='ltr'>quia</span> <span class='ocrx_word' id='word_1_134' title='bbox 890 3305 1162 3357; x_wconf 91' lang='lat' dir='ltr'>omnes</span> <span class='ocrx_word' id='word_1_135' title='bbox 1218 3281 1631 3355; x_wconf 68' lang='lat' dir='ltr'>Daemones</span> <span class='ocrx_word' id='word_1_136' title='bbox 1696 3280 1973 3353; x_wconf 91' lang='lat' dir='ltr'>lnferni</span> 
     </span>
     <span class='ocr_line' id='line_1_27' title="bbox 429 3399 1972 3492; baseline -0.003 -16"><span class='ocrx_word' id='word_1_137' title='bbox 429 3427 584 3478; x_wconf 93' lang='lat' dir='ltr'>non</span> <span class='ocrx_word' id='word_1_138' title='bbox 629 3403 965 3477; x_wconf 87' lang='lat' dir='ltr'>facerent</span> <span class='ocrx_word' id='word_1_139' title='bbox 999 3423 1237 3474; x_wconf 90' lang='lat' dir='ltr'>unum</span> <span class='ocrx_word' id='word_1_140' title='bbox 1277 3399 1733 3473; x_wconf 82' lang='lat' dir='ltr'>miraculum</span> <span class='ocrx_word' id='word_1_141' title='bbox 1771 3427 1789 3492; x_wconf 84' lang='lat'>3</span> <span class='ocrx_word' id='word_1_142' title='bbox 1840 3399 1972 3472; x_wconf 91' lang='lat' dir='ltr'>sed</span> 
     </span>
     <span class='ocr_line' id='line_1_28' title="bbox 431 3515 1972 3595; baseline -0.005 -1"><span class='ocrx_word' id='word_1_143' title='bbox 431 3523 576 3595; x_wconf 94' lang='lat' dir='ltr'>hoc</span> <span class='ocrx_word' id='word_1_144' title='bbox 679 3518 765 3593; x_wconf 85' lang='lat' dir='ltr'>fit</span> <span class='ocrx_word' id='word_1_145' title='bbox 857 3518 1284 3593; x_wconf 89' lang='lat' dir='ltr'>secundum</span> <span class='ocrx_word' id='word_1_146' title='bbox 1382 3515 1972 3590; x_wconf 91' lang='lat' dir='ltr'>determinatum</span> 
     </span>
     <span class='ocr_line' id='line_1_29' title="bbox 428 3631 1979 3729; baseline -0.004 -18"><span class='ocrx_word' id='word_1_147' title='bbox 428 3637 779 3712; x_wconf 90' lang='lat' dir='ltr'>ordinem</span> <span class='ocrx_word' id='word_1_148' title='bbox 847 3645 1146 3708; x_wconf 76' lang='lat' dir='ltr'>naturoe</span> <span class='ocrx_word' id='word_1_149' title='bbox 1212 3631 1615 3729; x_wconf 88' lang='lat' dir='ltr'>jungendo</span> <span class='ocrx_word' id='word_1_150' title='bbox 1704 3654 1979 3705; x_wconf 90' lang='lat' dir='ltr'>conve-</span> 
     </span>
     <span class='ocr_line' id='line_1_30' title="bbox 430 3747 1969 3847; baseline -0.004 -21"><span class='ocrx_word' id='word_1_151' title='bbox 430 3751 722 3827; x_wconf 90' lang='lat' dir='ltr'>nientia</span> <span class='ocrx_word' id='word_1_152' title='bbox 763 3752 1011 3826; x_wconf 84' lang='lat' dir='ltr'>activa</span> <span class='ocrx_word' id='word_1_153' title='bbox 1077 3749 1406 3847; x_wconf 88' lang='lat' dir='ltr'>passivis</span> <span class='ocrx_word' id='word_1_154' title='bbox 1465 3747 1692 3822; x_wconf 88' lang='lat' dir='ltr'>citius</span> <span class='ocrx_word' id='word_1_155' title='bbox 1741 3771 1969 3845; x_wconf 86' lang='lat' dir='ltr'>quam</span> 
     </span>
     <span class='ocr_line' id='line_1_31' title="bbox 429 3865 1974 3966; baseline -0.005 -21"><span class='ocrx_word' id='word_1_156' title='bbox 429 3871 689 3966; x_wconf 88' lang='lat' dir='ltr'>aliqua</span> <span class='ocrx_word' id='word_1_157' title='bbox 730 3876 1081 3942; x_wconf 86' lang='lat' dir='ltr'>creatura</span> <span class='ocrx_word' id='word_1_158' title='bbox 1120 3866 1436 3940; x_wconf 86' lang='lat' dir='ltr'>inferior</span> <span class='ocrx_word' id='word_1_159' title='bbox 1461 3865 1768 3939; x_wconf 86' lang='lat' dir='ltr'>faceret.</span> <span class='ocrx_word' id='word_1_160' title='bbox 1822 3865 1974 3962; x_wconf 87' lang='lat' dir='ltr'>{psi</span> 
     </span>
     <span class='ocr_line' id='line_1_32' title="bbox 430 3982 1978 4078; baseline -0.006 -16"><span class='ocrx_word' id='word_1_161' title='bbox 430 3987 634 4062; x_wconf 91' lang='lat' dir='ltr'>enim</span> <span class='ocrx_word' id='word_1_162' title='bbox 670 3985 881 4058; x_wconf 89' lang='lat' dir='ltr'>ditati</span> <span class='ocrx_word' id='word_1_163' title='bbox 918 3983 1400 4058; x_wconf 88' lang='lat' dir='ltr'>naturalibus</span> <span class='ocrx_word' id='word_1_164' title='bbox 1440 3982 1601 4056; x_wconf 87' lang='lat' dir='ltr'>suis</span> <span class='ocrx_word' id='word_1_165' title='bbox 1653 4004 1743 4056; x_wconf 93' lang='lat' dir='ltr'>eo</span> <span class='ocrx_word' id='word_1_166' title='bbox 1798 4005 1978 4078; x_wconf 91' lang='lat' dir='ltr'>per-</span> 
     </span>
     <span class='ocr_line' id='line_1_33' title="bbox 430 4099 1975 4196; baseline -0.003 -20"><span class='ocrx_word' id='word_1_167' title='bbox 430 4106 813 4178; x_wconf 84' lang='lat' dir='ltr'>venerunt</span> <span class='ocrx_word' id='word_1_168' title='bbox 878 4110 962 4175; x_wconf 88' lang='lat' dir='ltr'>ut</span> <span class='ocrx_word' id='word_1_169' title='bbox 1026 4099 1543 4196; x_wconf 81' lang='lat' dir='ltr'>intelligerent</span> <span class='ocrx_word' id='word_1_170' title='bbox 1601 4121 1739 4195; x_wconf 92' lang='lat' dir='ltr'>per</span> <span class='ocrx_word' id='word_1_171' title='bbox 1799 4119 1975 4193; x_wconf 82' lang='lat' dir='ltr'>quae</span> 
     </span>
     <span class='ocr_line' id='line_1_34' title="bbox 433 4213 1970 4318; baseline -0.006 -24"><span class='ocrx_word' id='word_1_172' title='bbox 433 4220 680 4295; x_wconf 87' lang='lat' dir='ltr'>activa</span> <span class='ocrx_word' id='word_1_173' title='bbox 703 4226 1028 4318; x_wconf 89' lang='lat' dir='ltr'>possunt</span> <span class='ocrx_word' id='word_1_174' title='bbox 1048 4218 1240 4292; x_wconf 85' lang='lat' dir='ltr'>tales</span> <span class='ocrx_word' id='word_1_175' title='bbox 1272 4214 1589 4290; x_wconf 85' lang='lat' dir='ltr'>effectus</span> <span class='ocrx_word' id='word_1_176' title='bbox 1621 4213 1970 4313; x_wconf 87' lang='lat' dir='ltr'>produci,</span> 
     </span>
     <span class='ocr_line' id='line_1_35' title="bbox 434 4331 1975 4435; baseline -0.005 -23"><span class='ocrx_word' id='word_1_177' title='bbox 434 4347 506 4412; x_wconf 89' lang='lat' dir='ltr'>et</span> <span class='ocrx_word' id='word_1_178' title='bbox 564 4337 736 4412; x_wconf 91' lang='lat' dir='ltr'>ideo</span> <span class='ocrx_word' id='word_1_179' title='bbox 778 4334 1179 4435; x_wconf 88' lang='lat' dir='ltr'>jungendo</span> <span class='ocrx_word' id='word_1_180' title='bbox 1240 4333 1372 4407; x_wconf 91' lang='lat' dir='ltr'>illa</span> <span class='ocrx_word' id='word_1_181' title='bbox 1430 4332 1612 4425; x_wconf 90' lang='lat' dir='ltr'>illis,</span> <span class='ocrx_word' id='word_1_182' title='bbox 1657 4331 1975 4406; x_wconf 84' lang='lat' dir='ltr'>effectus</span> 
     </span>
     <span class='ocr_line' id='line_1_36' title="bbox 434 4448 1976 4545; baseline -0.004 -16"><span class='ocrx_word' id='word_1_183' title='bbox 434 4453 691 4529; x_wconf 85' lang='lat' dir='ltr'>evenit</span> <span class='ocrx_word' id='word_1_184' title='bbox 748 4451 1149 4545; x_wconf 80' lang='lat' dir='ltr'>naturaliS‚</span> <span class='ocrx_word' id='word_1_185' title='bbox 1225 4458 1299 4524; x_wconf 91' lang='lat' dir='ltr'>et</span> <span class='ocrx_word' id='word_1_186' title='bbox 1371 4448 1472 4523; x_wconf 93' lang='lat' dir='ltr'>ita</span> <span class='ocrx_word' id='word_1_187' title='bbox 1564 4450 1976 4524; x_wconf 83' lang='lat' dir='ltr'>Daemones</span> 
     </span>
     <span class='ocr_line' id='line_1_37' title="bbox 421 4566 1977 4669; baseline -0.006 -22"><span class='ocrx_word' id='word_1_188' title='bbox 421 4571 824 4669; x_wconf 86' lang='lat' dir='ltr'>jungendo</span> <span class='ocrx_word' id='word_1_189' title='bbox 900 4569 1121 4667; x_wconf 90' lang='lat' dir='ltr'>aquis</span> <span class='ocrx_word' id='word_1_190' title='bbox 1197 4566 1587 4665; x_wconf 88' lang='lat' dir='ltr'>aliquibus</span> <span class='ocrx_word' id='word_1_191' title='bbox 1668 4567 1977 4664; x_wconf 88' lang='lat' dir='ltr'>propria</span> 
     </span>
     <span class='ocr_line' id='line_1_38' title="bbox 432 4682 1970 4783; baseline -0.006 -20"><span class='ocrx_word' id='word_1_192' title='bbox 432 4688 682 4763; x_wconf 91' lang='lat' dir='ltr'>activa</span> <span class='ocrx_word' id='word_1_193' title='bbox 722 4695 1068 4783; x_wconf 90' lang='lat' dir='ltr'>respectu</span> <span class='ocrx_word' id='word_1_194' title='bbox 1116 4708 1475 4759; x_wconf 91' lang='lat' dir='ltr'>ranarum</span> <span class='ocrx_word' id='word_1_195' title='bbox 1512 4682 1970 4776; x_wconf 86' lang='lat' dir='ltr'>flendarum,</span> 
     </span>
     <span class='ocr_line' id='line_1_39' title="bbox 432 4800 1975 4897; baseline -0.006 -17"><span class='ocrx_word' id='word_1_196' title='bbox 432 4805 683 4881; x_wconf 85' lang='lat' dir='ltr'>statim</span> <span class='ocrx_word' id='word_1_197' title='bbox 724 4803 1102 4877; x_wconf 88' lang='lat' dir='ltr'>faciebant</span> <span class='ocrx_word' id='word_1_198' title='bbox 1153 4802 1284 4876; x_wconf 90' lang='lat' dir='ltr'>illa</span> <span class='ocrx_word' id='word_1_199' title='bbox 1324 4825 1551 4875; x_wconf 89' lang='lat' dir='ltr'>ranas</span> <span class='ocrx_word' id='word_1_200' title='bbox 1604 4824 1694 4874; x_wconf 92' lang='lat' dir='ltr'>ex</span> <span class='ocrx_word' id='word_1_201' title='bbox 1754 4800 1975 4897; x_wconf 90' lang='lat' dir='ltr'>aquis</span> 
     </span>
     <span class='ocr_line' id='line_1_40' title="bbox 430 4916 1978 5014; baseline -0.003 -18"><span class='ocrx_word' id='word_1_202' title='bbox 430 4921 911 5012; x_wconf 80' lang='lat' dir='ltr'>naturaliter,</span> <span class='ocrx_word' id='word_1_203' title='bbox 988 4931 1063 4993; x_wconf 88' lang='lat' dir='ltr'>et</span> <span class='ocrx_word' id='word_1_204' title='bbox 1119 4942 1275 4992; x_wconf 91' lang='lat' dir='ltr'>non</span> <span class='ocrx_word' id='word_1_205' title='bbox 1324 4919 1604 4992; x_wconf 87' lang='lat' dir='ltr'>virtute</span> <span class='ocrx_word' id='word_1_206' title='bbox 1664 4916 1978 5014; x_wconf 92' lang='lat' dir='ltr'>propria</span> 
     </span>
     <span class='ocr_line' id='line_1_41' title="bbox 206 5036 1064 5170; baseline -0.008 -56"><span class='ocrx_word' id='word_1_207' title='bbox 206 5103 247 5170; x_wconf 76' lang='lat'>5</span> <span class='ocrx_word' id='word_1_208' title='bbox 435 5037 585 5112; x_wconf 90' lang='lat' dir='ltr'>nisi</span> <span class='ocrx_word' id='word_1_209' title='bbox 625 5037 769 5112; x_wconf 91' lang='lat' dir='ltr'>isto</span> <span class='ocrx_word' id='word_1_210' title='bbox 814 5036 1064 5110; x_wconf 84' lang='lat' dir='ltr'>inodo.</span> 
     </span>
     <span class='ocr_line' id='line_1_42' title="bbox 60 5151 1978 5285; baseline -0.004 -56"><span class='ocrx_word' id='word_1_211' title='bbox 60 5154 383 5285; x_wconf 41' lang='lat' dir='ltr'>munaum}</span> <span class='ocrx_word' id='word_1_212' title='bbox 533 5155 721 5228; x_wconf 92' lang='lat' dir='ltr'>Dico</span> <span class='ocrx_word' id='word_1_213' title='bbox 799 5176 981 5249; x_wconf 92' lang='lat' dir='ltr'>ergo</span> <span class='ocrx_word' id='word_1_214' title='bbox 1049 5151 1253 5247; x_wconf 91' lang='lat' dir='ltr'>quod</span> <span class='ocrx_word' id='word_1_215' title='bbox 1322 5172 1523 5247; x_wconf 90' lang='lat' dir='ltr'>aqua</span> <span class='ocrx_word' id='word_1_216' title='bbox 1594 5171 1790 5246; x_wconf 90' lang='lat' dir='ltr'>pura</span> <span class='ocrx_word' id='word_1_217' title='bbox 1864 5158 1978 5222; x_wconf 91' lang='lat' dir='ltr'>est</span> 
     </span>
     <span class='ocr_line' id='line_1_43' title="bbox 62 5265 1977 5361; baseline -0.004 -15"><span class='ocrx_word' id='word_1_218' title='bbox 62 5292 160 5334; x_wconf 75' lang='lat' dir='ltr'>est</span> <span class='ocrx_word' id='word_1_219' title='bbox 193 5286 404 5355; x_wconf 68' lang='lat' dir='ltr'>tantum</span> <span class='ocrx_word' id='word_1_220' title='bbox 434 5281 732 5347; x_wconf 90' lang='lat' dir='ltr'>tantum</span> <span class='ocrx_word' id='word_1_221' title='bbox 782 5268 1252 5343; x_wconf 88' lang='lat' dir='ltr'>conveniens</span> <span class='ocrx_word' id='word_1_222' title='bbox 1314 5265 1631 5340; x_wconf 84' lang='lat' dir='ltr'>materia</span> <span class='ocrx_word' id='word_1_223' title='bbox 1673 5265 1977 5361; x_wconf 91' lang='lat' dir='ltr'>Baptis-</span> 
     </span>
    </p>
   </div>
   <div class='ocr_carea' id='block_1_5' title="bbox 118 5351 355 5396">
    <p class='ocr_par' dir='ltr' id='par_1_8' title="bbox 118 5351 355 5396">
     <span class='ocr_line' id='line_1_44' title="bbox 118 5351 355 5396; baseline -0.013 0"><span class='ocrx_word' id='word_1_224' title='bbox 118 5351 355 5396; x_wconf 78' lang='lat' dir='ltr'>materia</span> 
     </span>
    </p>
   </div>
   <div class='ocr_carea' id='block_1_6' title="bbox 62 5385 1975 5601">
    <p class='ocr_par' dir='ltr' id='par_1_9' title="bbox 62 5385 1975 5601">
     <span class='ocr_line' id='line_1_45' title="bbox 99 5385 1975 5486; baseline -0.002 -26"><span class='ocrx_word' id='word_1_225' title='bbox 99 5408 383 5481; x_wconf 24' lang='lat' dir='ltr'>napusumi.</span> <span class='ocrx_word' id='word_1_226' title='bbox 440 5391 570 5485; x_wconf 92' lang='lat' dir='ltr'>mi,</span> <span class='ocrx_word' id='word_1_227' title='bbox 607 5412 784 5486; x_wconf 68' lang='lat' dir='ltr'>quae</span> <span class='ocrx_word' id='word_1_228' title='bbox 818 5411 971 5462; x_wconf 91' lang='lat' dir='ltr'>non</span> <span class='ocrx_word' id='word_1_229' title='bbox 1016 5386 1244 5461; x_wconf 88' lang='lat' dir='ltr'>habet</span> <span class='ocrx_word' id='word_1_230' title='bbox 1298 5385 1737 5459; x_wconf 85' lang='lat' dir='ltr'>mixtionem</span> <span class='ocrx_word' id='word_1_231' title='bbox 1803 5407 1975 5457; x_wconf 87' lang='lat' dir='ltr'>cum</span> 
     </span>
     <span class='ocr_line' id='line_1_46' title="bbox 62 5472 614 5601; baseline -0.005 -18"><span class='ocrx_word' id='word_1_232' title='bbox 62 5472 374 5601; x_wconf 60' lang='lat' dir='ltr'>,qt&#39;gtffin</span> <span class='ocrx_word' id='word_1_233' title='bbox 436 5509 614 5583; x_wconf 79' lang='lat' dir='ltr'>aiio.</span> 
     </span>
    </p>
   </div>
   <div class='ocr_carea' id='block_1_7' title="bbox 120 5598 1976 5726">
    <p class='ocr_par' dir='ltr' id='par_1_10' title="bbox 120 5598 1976 5726">
     <span class='ocr_line' id='line_1_47' title="bbox 120 5598 1880 5648; baseline -0.016 0"><span class='ocrx_word' id='word_1_234' title='bbox 120 5598 345 5648; x_wconf 74' lang='lat' dir='ltr'>aliodu·</span> <span class='ocrx_word' id='word_1_235' title='bbox 831 5623 846 5639; x_wconf 90' lang='lat'><strong>.</strong></span> <span class='ocrx_word' id='word_1_236' title='bbox 940 5622 954 5636; x_wconf 90' lang='lat'>.</span> <span class='ocrx_word' id='word_1_237' title='bbox 1400 5622 1414 5636; x_wconf 79' lang='lat'>‚</span> <span class='ocrx_word' id='word_1_238' title='bbox 1866 5624 1880 5638; x_wconf 57' lang='lat'>‚</span> 
     </span>
     <span class='ocr_line' id='line_1_48' title="bbox 174 5621 1976 5726; baseline -0.008 -15"><span class='ocrx_word' id='word_1_239' title='bbox 174 5660 316 5726; x_wconf 76' lang='lat' dir='ltr'>piex.</span> <span class='ocrx_word' id='word_1_240' title='bbox 534 5627 685 5702; x_wconf 88' lang='lat' dir='ltr'>Sed</span> <span class='ocrx_word' id='word_1_241' title='bbox 749 5631 1190 5698; x_wconf 75' lang='lat' dir='ltr'>mixtionem</span> <span class='ocrx_word' id='word_1_242' title='bbox 1252 5621 1445 5720; x_wconf 80' lang='lat' dir='ltr'>fieri,</span> <span class='ocrx_word' id='word_1_243' title='bbox 1528 5633 1777 5723; x_wconf 91' lang='lat' dir='ltr'>potest</span> <span class='ocrx_word' id='word_1_244' title='bbox 1862 5648 1976 5698; x_wconf 85' lang='lat'>111-</span> 
     </span>
    </p>
   </div>
   <div class='ocr_carea' id='block_1_8' title="bbox 70 2483 382 3102">
    <p class='ocr_par' dir='ltr' id='par_1_11' title="bbox 70 2483 382 3102">
     <span class='ocr_line' id='line_1_49' title="bbox 70 2483 377 2548; baseline -0.007 -15"><span class='ocrx_word' id='word_1_245' title='bbox 70 2483 220 2548; x_wconf 80' lang='lat' dir='ltr'>Magi</span> <span class='ocrx_word' id='word_1_246' title='bbox 238 2483 377 2532; x_wconf 79' lang='lat' dir='ltr'>Pha-</span> 
     </span>
     <span class='ocr_line' id='line_1_50' title="bbox 72 2548 374 2598; baseline -0.01 0"><span class='ocrx_word' id='word_1_247' title='bbox 72 2548 265 2598; x_wconf 78' lang='lat' dir='ltr'>raonis</span> <span class='ocrx_word' id='word_1_248' title='bbox 294 2560 374 2595; x_wconf 82' lang='lat' dir='ltr'>ra·</span> 
     </span>
     <span class='ocr_line' id='line_1_51' title="bbox 114 2622 373 2659; baseline -0.004 0"><span class='ocrx_word' id='word_1_249' title='bbox 114 2623 210 2659; x_wconf 76' lang='lat' dir='ltr'>nas</span> <span class='ocrx_word' id='word_1_250' title='bbox 249 2622 373 2658; x_wconf 81' lang='lat' dir='ltr'>vere</span> 
     </span>
     <span class='ocr_line' id='line_1_52' title="bbox 111 2671 382 2737; baseline -0.004 -14"><span class='ocrx_word' id='word_1_251' title='bbox 111 2671 246 2737; x_wconf 85' lang='lat' dir='ltr'>prod</span> <span class='ocrx_word' id='word_1_252' title='bbox 257 2685 382 2722; x_wconf 81' lang='lat' dir='ltr'>uxe-</span> 
     </span>
     <span class='ocr_line' id='line_1_53' title="bbox 175 2742 323 2785; baseline -0.014 0"><span class='ocrx_word' id='word_1_253' title='bbox 175 2742 323 2785; x_wconf 83' lang='lat' dir='ltr'>runt.</span> 
     </span>
     <span class='ocr_line' id='line_1_54' title="bbox 94 2801 381 2849; baseline -0.014 0"><span class='ocrx_word' id='word_1_254' title='bbox 94 2801 381 2849; x_wconf 62' lang='lat' dir='ltr'>Daemones</span> 
     </span>
     <span class='ocr_line' id='line_1_55' title="bbox 116 2863 376 2913; baseline -0.008 0"><span class='ocrx_word' id='word_1_255' title='bbox 116 2863 376 2913; x_wconf 78' lang='lat' dir='ltr'>miracula</span> 
     </span>
     <span class='ocr_line' id='line_1_56' title="bbox 138 2925 348 2976; baseline -0.014 0"><span class='ocrx_word' id='word_1_256' title='bbox 138 2925 348 2976; x_wconf 81' lang='lat' dir='ltr'>efficere</span> 
     </span>
     <span class='ocr_line' id='line_1_57' title="bbox 110 3001 377 3050; baseline -0.007 -11"><span class='ocrx_word' id='word_1_257' title='bbox 110 3001 225 3039; x_wconf 86' lang='lat' dir='ltr'>nou</span> <span class='ocrx_word' id='word_1_258' title='bbox 249 3002 377 3050; x_wconf 74' lang='lat' dir='ltr'>pos-</span> 
     </span>
     <span class='ocr_line' id='line_1_58' title="bbox 170 3054 318 3102; baseline 0.007 -1"><span class='ocrx_word' id='word_1_259' title='bbox 170 3054 318 3102; x_wconf 73' lang='lat' dir='ltr'>sunt.</span> 
     </span>
    </p>
   </div>
   <div class='ocr_carea' id='block_1_9' title="bbox 3508 410 3639 479">
    <p class='ocr_par' dir='ltr' id='par_1_12' title="bbox 3508 410 3639 479">
     <span class='ocr_line' id='line_1_59' title="bbox 3508 410 3639 479; baseline 0.015 -2"><span class='ocrx_word' id='word_1_260' title='bbox 3508 410 3639 479; x_wconf 74' lang='lat'>585</span> 
     </span>
    </p>
   </div>
   <div class='ocr_carea' id='block_1_10' title="bbox 2084 588 3951 1621">
    <p class='ocr_par' dir='ltr' id='par_1_13' title="bbox 2084 588 3951 1621">
     <span class='ocr_line' id='line_1_60' title="bbox 2087 588 3635 688; baseline -0.004 -22"><span class='ocrx_word' id='word_1_261' title='bbox 2087 590 2329 688; x_wconf 86' lang='lat' dir='ltr'>telligi</span> <span class='ocrx_word' id='word_1_262' title='bbox 2362 589 2822 688; x_wconf 89' lang='lat' dir='ltr'>dupliciter:</span> <span class='ocrx_word' id='word_1_263' title='bbox 2885 588 3058 665; x_wconf 94' lang='lat' dir='ltr'>Uno</span> <span class='ocrx_word' id='word_1_264' title='bbox 3108 590 3365 675; x_wconf 89' lang='lat' dir='ltr'>modo,</span> <span class='ocrx_word' id='word_1_265' title='bbox 3430 588 3635 686; x_wconf 91' lang='lat' dir='ltr'>quod</span> 
     </span>
     <span class='ocr_line' id='line_1_61' title="bbox 2089 707 3636 804; baseline -0.002 -22"><span class='ocrx_word' id='word_1_266' title='bbox 2089 732 2180 782; x_wconf 89' lang='lat' dir='ltr'>ex</span> <span class='ocrx_word' id='word_1_267' title='bbox 2217 708 2714 782; x_wconf 82' lang='lat' dir='ltr'>mixtionibus</span> <span class='ocrx_word' id='word_1_268' title='bbox 2766 707 2899 781; x_wconf 85' lang='lat' dir='ltr'>fiat</span> <span class='ocrx_word' id='word_1_269' title='bbox 2954 707 3266 804; x_wconf 89' lang='lat' dir='ltr'>aliquod</span> <span class='ocrx_word' id='word_1_270' title='bbox 3326 708 3636 781; x_wconf 83' lang='lat' dir='ltr'>tertium</span> 
     </span>
     <span class='ocr_line' id='line_1_62' title="bbox 2087 822 3640 923; baseline -0.004 -24"><span class='ocrx_word' id='word_1_271' title='bbox 2087 847 2226 923; x_wconf 89' lang='lat' dir='ltr'>per</span> <span class='ocrx_word' id='word_1_272' title='bbox 2256 847 2336 899; x_wconf 93' lang='lat' dir='ltr'>se</span> <span class='ocrx_word' id='word_1_273' title='bbox 2388 848 2657 910; x_wconf 87' lang='lat' dir='ltr'>unum,</span> <span class='ocrx_word' id='word_1_274' title='bbox 2719 822 2880 897; x_wconf 86' lang='lat' dir='ltr'>sive</span> <span class='ocrx_word' id='word_1_275' title='bbox 2921 823 3017 896; x_wconf 87' lang='lat' dir='ltr'>sit</span> <span class='ocrx_word' id='word_1_276' title='bbox 3067 824 3395 920; x_wconf 85' lang='lat' dir='ltr'>perfecte</span> <span class='ocrx_word' id='word_1_277' title='bbox 3445 823 3640 895; x_wconf 91' lang='lat' dir='ltr'>mix-</span> 
     </span>
     <span class='ocr_line' id='line_1_63' title="bbox 2093 939 3639 1035; baseline -0.004 -20"><span class='ocrx_word' id='word_1_278' title='bbox 2093 952 2279 1035; x_wconf 91' lang='lat' dir='ltr'>tum,</span> <span class='ocrx_word' id='word_1_279' title='bbox 2342 950 2416 1014; x_wconf 94' lang='lat' dir='ltr'>et</span> <span class='ocrx_word' id='word_1_280' title='bbox 2490 941 2567 1012; x_wconf 92' lang='lat' dir='ltr'>in</span> <span class='ocrx_word' id='word_1_281' title='bbox 2644 940 2970 1013; x_wconf 86' lang='lat' dir='ltr'>termino</span> <span class='ocrx_word' id='word_1_282' title='bbox 3054 939 3467 1024; x_wconf 78' lang='lat' dir='ltr'>mixtioniS,</span> <span class='ocrx_word' id='word_1_283' title='bbox 3557 946 3639 1010; x_wconf 88' lang='lat' dir='ltr'>ut</span> 
     </span>
     <span class='ocr_line' id='line_1_64' title="bbox 2088 1055 3637 1152; baseline -0.003 -21"><span class='ocrx_word' id='word_1_284' title='bbox 2088 1067 2271 1131; x_wconf 87' lang='lat' dir='ltr'>sunt</span> <span class='ocrx_word' id='word_1_285' title='bbox 2310 1055 2732 1152; x_wconf 89' lang='lat' dir='ltr'>composita</span> <span class='ocrx_word' id='word_1_286' title='bbox 2791 1078 3114 1151; x_wconf 90' lang='lat' dir='ltr'>corpora</span> <span class='ocrx_word' id='word_1_287' title='bbox 3162 1078 3255 1128; x_wconf 86' lang='lat' dir='ltr'>ex</span> <span class='ocrx_word' id='word_1_288' title='bbox 3305 1062 3637 1152; x_wconf 91' lang='lat' dir='ltr'>quatuor</span> 
     </span>
     <span class='ocr_line' id='line_1_65' title="bbox 2088 1171 3630 1270; baseline -0.003 -22"><span class='ocrx_word' id='word_1_289' title='bbox 2088 1173 2517 1266; x_wconf 90' lang='lat' dir='ltr'>elementis,</span> <span class='ocrx_word' id='word_1_290' title='bbox 2597 1175 2717 1246; x_wconf 76' lang='lat' dir='ltr'>vel</span> <span class='ocrx_word' id='word_1_291' title='bbox 2779 1173 3217 1270; x_wconf 84' lang='lat' dir='ltr'>imperfecte</span> <span class='ocrx_word' id='word_1_292' title='bbox 3281 1171 3630 1264; x_wconf 89' lang='lat' dir='ltr'>mixtum,</span> 
     </span>
     <span class='ocr_line' id='line_1_66' title="bbox 2088 1290 3632 1388; baseline -0.003 -22"><span class='ocrx_word' id='word_1_293' title='bbox 2088 1301 2162 1367; x_wconf 87' lang='lat' dir='ltr'>et</span> <span class='ocrx_word' id='word_1_294' title='bbox 2203 1292 2275 1365; x_wconf 92' lang='lat' dir='ltr'>in</span> <span class='ocrx_word' id='word_1_295' title='bbox 2337 1292 2461 1365; x_wconf 87' lang='lat' dir='ltr'>via</span> <span class='ocrx_word' id='word_1_296' title='bbox 2519 1291 2611 1364; x_wconf 92' lang='lat' dir='ltr'>ad</span> <span class='ocrx_word' id='word_1_297' title='bbox 2682 1292 3092 1388; x_wconf 84' lang='lat' dir='ltr'>perfectam</span> <span class='ocrx_word' id='word_1_298' title='bbox 3160 1290 3632 1382; x_wconf 85' lang='lat' dir='ltr'>mixtionem,</span> 
     </span>
     <span class='ocr_line' id='line_1_67' title="bbox 2088 1406 3635 1505; baseline -0.003 -22"><span class='ocrx_word' id='word_1_299' title='bbox 2088 1407 2522 1504; x_wconf 88' lang='lat' dir='ltr'>cujusmodi</span> <span class='ocrx_word' id='word_1_300' title='bbox 2578 1416 2758 1481; x_wconf 90' lang='lat' dir='ltr'>sunt</span> <span class='ocrx_word' id='word_1_301' title='bbox 2816 1406 3365 1505; x_wconf 87' lang='lat' dir='ltr'>impressiones</span> <span class='ocrx_word' id='word_1_302' title='bbox 3414 1430 3635 1503; x_wconf 91' lang='lat' dir='ltr'>gran-</span> 
     </span>
     <span class='ocr_line' id='line_1_68' title="bbox 2084 1522 3951 1621; baseline -0.002 -22"><span class='ocrx_word' id='word_1_303' title='bbox 2084 1525 2287 1599; x_wconf 91' lang='lat' dir='ltr'>dinis</span> <span class='ocrx_word' id='word_1_304' title='bbox 2321 1536 2394 1599; x_wconf 84' lang='lat' dir='ltr'>et</span> <span class='ocrx_word' id='word_1_305' title='bbox 2434 1525 2632 1598; x_wconf 83' lang='lat' dir='ltr'>nivis</span> <span class='ocrx_word' id='word_1_306' title='bbox 2668 1551 2686 1618; x_wconf 90' lang='lat'>;</span> <span class='ocrx_word' id='word_1_307' title='bbox 2723 1533 2795 1599; x_wconf 91' lang='lat' dir='ltr'>et</span> <span class='ocrx_word' id='word_1_308' title='bbox 2827 1547 3054 1621; x_wconf 92' lang='lat' dir='ltr'>aqua,</span> <span class='ocrx_word' id='word_1_309' title='bbox 3091 1525 3251 1597; x_wconf 84' lang='lat' dir='ltr'>sive</span> <span class='ocrx_word' id='word_1_310' title='bbox 3297 1523 3431 1613; x_wconf 88' lang='lat' dir='ltr'>sic,</span> <span class='ocrx_word' id='word_1_311' title='bbox 3470 1522 3629 1597; x_wconf 83' lang='lat' dir='ltr'>sive</span> <span class='ocrx_word' id='word_1_312' title='bbox 3691 1534 3951 1606; x_wconf 56' lang='lat' dir='ltr'>Ningua-</span> 
     </span>
    </p>
   </div>
   <div class='ocr_carea' id='block_1_11' title="bbox 2084 1612 3979 1733">
    <p class='ocr_par' dir='ltr' id='par_1_14' title="bbox 2084 1612 3979 1733">
     <span class='ocr_line' id='line_1_69' title="bbox 2084 1612 3979 1733; baseline -0.003 -16"><span class='ocrx_word' id='word_1_313' title='bbox 2084 1641 2194 1717; x_wconf 92' lang='lat' dir='ltr'>sic</span> <span class='ocrx_word' id='word_1_314' title='bbox 2231 1642 2463 1715; x_wconf 89' lang='lat' dir='ltr'>mixta</span> <span class='ocrx_word' id='word_1_315' title='bbox 2495 1665 2669 1714; x_wconf 90' lang='lat' dir='ltr'>cum</span> <span class='ocrx_word' id='word_1_316' title='bbox 2705 1640 2904 1733; x_wconf 80' lang='lat' dir='ltr'>aliis,</span> <span class='ocrx_word' id='word_1_317' title='bbox 2944 1665 3093 1713; x_wconf 91' lang='lat' dir='ltr'>non</span> <span class='ocrx_word' id='word_1_318' title='bbox 3137 1650 3250 1714; x_wconf 87' lang='lat' dir='ltr'>est</span> <span class='ocrx_word' id='word_1_319' title='bbox 3316 1641 3630 1715; x_wconf 87' lang='lat' dir='ltr'>materia</span> <span class='ocrx_word' id='word_1_320' title='bbox 3661 1612 3979 1711; x_wconf 52' lang='grc' dir='ltr'>ωιῗῗῗιιὲῗιὼ</span> 
     </span>
    </p>
   </div>
   <div class='ocr_carea' id='block_1_12' title="bbox 2082 1724 3980 5602">
    <p class='ocr_par' dir='ltr' id='par_1_15' title="bbox 2083 1724 3961 2559">
     <span class='ocr_line' id='line_1_70' title="bbox 2084 1724 3961 1858; baseline 0.001 -24"><span class='ocrx_word' id='word_1_321' title='bbox 2084 1759 2486 1858; x_wconf 86' lang='lat' dir='ltr'>Baptismi,</span> <span class='ocrx_word' id='word_1_322' title='bbox 2524 1759 2705 1832; x_wconf 90' lang='lat' dir='ltr'>dum</span> <span class='ocrx_word' id='word_1_323' title='bbox 2742 1769 2857 1833; x_wconf 88' lang='lat' dir='ltr'>est</span> <span class='ocrx_word' id='word_1_324' title='bbox 2896 1759 2972 1830; x_wconf 89' lang='lat' dir='ltr'>in</span> <span class='ocrx_word' id='word_1_325' title='bbox 3006 1758 3138 1831; x_wconf 85' lang='lat' dir='ltr'>tali</span> <span class='ocrx_word' id='word_1_326' title='bbox 3172 1758 3623 1856; x_wconf 89' lang='lat' dir='ltr'>composito,</span> <span class='ocrx_word' id='word_1_327' title='bbox 3677 1724 3961 1849; x_wconf 52' lang='grc' dir='ltr'>ἷιῗᾞὲὲῗῖἔῗ</span> 
     </span>
     <span class='ocr_line' id='line_1_71' title="bbox 2083 1863 3908 1976; baseline -0.002 -25"><span class='ocrx_word' id='word_1_328' title='bbox 2083 1878 2270 1975; x_wconf 91' lang='lat' dir='ltr'>quia</span> <span class='ocrx_word' id='word_1_329' title='bbox 2299 1887 2554 1976; x_wconf 91' lang='lat' dir='ltr'>partes</span> <span class='ocrx_word' id='word_1_330' title='bbox 2590 1875 3081 1949; x_wconf 88' lang='lat' dir='ltr'>miscibilium</span> <span class='ocrx_word' id='word_1_331' title='bbox 3128 1900 3277 1948; x_wconf 91' lang='lat' dir='ltr'>non</span> <span class='ocrx_word' id='word_1_332' title='bbox 3336 1876 3625 1950; x_wconf 88' lang='lat' dir='ltr'>suntin</span> <span class='ocrx_word' id='word_1_333' title='bbox 3741 1863 3908 1900; x_wconf 86' lang='lat' dir='ltr'>mum.</span> 
     </span>
     <span class='ocr_line' id='line_1_72' title="bbox 2084 1993 3628 2091; baseline -0.001 -23"><span class='ocrx_word' id='word_1_334' title='bbox 2084 1996 2350 2088; x_wconf 83' lang='lat' dir='ltr'>mixtO,</span> <span class='ocrx_word' id='word_1_335' title='bbox 2396 1995 2546 2070; x_wconf 89' lang='lat' dir='ltr'>nisi</span> <span class='ocrx_word' id='word_1_336' title='bbox 2606 1995 2683 2067; x_wconf 92' lang='lat' dir='ltr'>in</span> <span class='ocrx_word' id='word_1_337' title='bbox 2740 1993 3082 2091; x_wconf 90' lang='lat' dir='ltr'>potentia</span> <span class='ocrx_word' id='word_1_338' title='bbox 3129 2021 3147 2086; x_wconf 87' lang='lat'>3</span> <span class='ocrx_word' id='word_1_339' title='bbox 3209 1993 3412 2068; x_wconf 88' lang='lat' dir='ltr'>unde</span> <span class='ocrx_word' id='word_1_340' title='bbox 3493 2018 3628 2091; x_wconf 91' lang='lat' dir='ltr'>per</span> 
     </span>
     <span class='ocr_line' id='line_1_73' title="bbox 2084 2111 3629 2210; baseline 0.001 -24"><span class='ocrx_word' id='word_1_341' title='bbox 2084 2112 2371 2201; x_wconf 82' lang='lat' dir='ltr'>nivem,</span> <span class='ocrx_word' id='word_1_342' title='bbox 2418 2113 2600 2185; x_wconf 91' lang='lat' dir='ltr'>dum</span> <span class='ocrx_word' id='word_1_343' title='bbox 2635 2122 2749 2186; x_wconf 89' lang='lat' dir='ltr'>est</span> <span class='ocrx_word' id='word_1_344' title='bbox 2789 2112 2896 2186; x_wconf 91' lang='lat' dir='ltr'>sic</span> <span class='ocrx_word' id='word_1_345' title='bbox 2943 2111 3450 2204; x_wconf 83' lang='lat' dir='ltr'>mixtum‚nec</span> <span class='ocrx_word' id='word_1_346' title='bbox 3493 2136 3629 2210; x_wconf 91' lang='lat' dir='ltr'>per</span> 
     </span>
     <span class='ocr_line' id='line_1_74' title="bbox 2083 2228 3623 2327; baseline -0.001 -24"><span class='ocrx_word' id='word_1_347' title='bbox 2083 2230 2563 2327; x_wconf 87' lang='lat' dir='ltr'>grandinem,</span> <span class='ocrx_word' id='word_1_348' title='bbox 2602 2239 3017 2324; x_wconf 88' lang='lat' dir='ltr'>antequam</span> <span class='ocrx_word' id='word_1_349' title='bbox 3070 2228 3498 2302; x_wconf 85' lang='lat' dir='ltr'>resolvatur</span> <span class='ocrx_word' id='word_1_350' title='bbox 3547 2229 3623 2302; x_wconf 93' lang='lat' dir='ltr'>in</span> 
     </span>
     <span class='ocr_line' id='line_1_75' title="bbox 2083 2343 3625 2442; baseline -0.003 -22"><span class='ocrx_word' id='word_1_351' title='bbox 2083 2347 2552 2421; x_wconf 81' lang='lat' dir='ltr'>elementum</span> <span class='ocrx_word' id='word_1_352' title='bbox 2630 2368 2883 2442; x_wconf 83' lang='lat' dir='ltr'>aquae,</span> <span class='ocrx_word' id='word_1_353' title='bbox 2949 2367 3098 2417; x_wconf 91' lang='lat' dir='ltr'>non</span> <span class='ocrx_word' id='word_1_354' title='bbox 3171 2353 3418 2441; x_wconf 87' lang='lat' dir='ltr'>potest</span> <span class='ocrx_word' id='word_1_355' title='bbox 3461 2343 3625 2419; x_wconf 86' lang='lat' dir='ltr'>fleri</span> 
     </span>
     <span class='ocr_line' id='line_1_76' title="bbox 2083 2462 2554 2559; baseline -0.008 -22"><span class='ocrx_word' id='word_1_356' title='bbox 2083 2462 2554 2559; x_wconf 80' lang='lat' dir='ltr'>Baptismus,</span> 
     </span>
    </p>

    <p class='ocr_par' dir='ltr' id='par_1_16' title="bbox 2082 2575 3980 5345">
     <span class='ocr_line' id='line_1_77' title="bbox 2183 2575 3848 2676; baseline 0 -25"><span class='ocrx_word' id='word_1_357' title='bbox 2183 2579 2350 2652; x_wconf 88' lang='lat' dir='ltr'>Alio</span> <span class='ocrx_word' id='word_1_358' title='bbox 2397 2577 2621 2651; x_wconf 91' lang='lat' dir='ltr'>modo</span> <span class='ocrx_word' id='word_1_359' title='bbox 2673 2585 2923 2674; x_wconf 87' lang='lat' dir='ltr'>potest</span> <span class='ocrx_word' id='word_1_360' title='bbox 2978 2575 3303 2671; x_wconf 90' lang='lat' dir='ltr'>intelligi</span> <span class='ocrx_word' id='word_1_361' title='bbox 3369 2576 3627 2651; x_wconf 90' lang='lat' dir='ltr'>mixtio</span> <span class='ocrx_word' id='word_1_362' title='bbox 3785 2610 3848 2676; x_wconf 48' lang='lat'>5,</span> 
     </span>
     <span class='ocr_line' id='line_1_78' title="bbox 2086 2692 3626 2792; baseline -0.001 -25"><span class='ocrx_word' id='word_1_363' title='bbox 2086 2718 2241 2768; x_wconf 92' lang='lat' dir='ltr'>non</span> <span class='ocrx_word' id='word_1_364' title='bbox 2303 2694 2638 2792; x_wconf 89' lang='lat' dir='ltr'>proprie,</span> <span class='ocrx_word' id='word_1_365' title='bbox 2701 2692 2833 2767; x_wconf 90' lang='lat' dir='ltr'>sed</span> <span class='ocrx_word' id='word_1_366' title='bbox 2887 2716 3025 2791; x_wconf 88' lang='lat' dir='ltr'>per</span> <span class='ocrx_word' id='word_1_367' title='bbox 3067 2692 3626 2791; x_wconf 87' lang='lat' dir='ltr'>appositionem</span> 
     </span>
     <span class='ocr_line' id='line_1_79' title="bbox 2082 2810 3631 2910; baseline 0.002 -26"><span class='ocrx_word' id='word_1_368' title='bbox 2082 2813 2205 2886; x_wconf 82' lang='lat' dir='ltr'>vel</span> <span class='ocrx_word' id='word_1_369' title='bbox 2266 2810 2946 2910; x_wconf 88' lang='lat' dir='ltr'>juxtapositionem</span> <span class='ocrx_word' id='word_1_370' title='bbox 3031 2810 3391 2909; x_wconf 85' lang='lat' dir='ltr'>partium,</span> <span class='ocrx_word' id='word_1_371' title='bbox 3455 2834 3631 2909; x_wconf 83' lang='lat' dir='ltr'>quae</span> 
     </span>
     <span class='ocr_line' id='line_1_80' title="bbox 2084 2927 3631 3026; baseline 0 -24"><span class='ocrx_word' id='word_1_372' title='bbox 2084 2952 2243 3002; x_wconf 92' lang='lat' dir='ltr'>non</span> <span class='ocrx_word' id='word_1_373' title='bbox 2336 2936 2653 3026; x_wconf 91' lang='lat' dir='ltr'>apparet</span> <span class='ocrx_word' id='word_1_374' title='bbox 2744 2936 3040 3002; x_wconf 92' lang='lat' dir='ltr'>tantum</span> <span class='ocrx_word' id='word_1_375' title='bbox 3132 2927 3631 3025; x_wconf 87' lang='lat' dir='ltr'>juxtapositio</span> 
     </span>
     <span class='ocr_line' id='line_1_81' title="bbox 2084 3043 3627 3143; baseline -0.001 -25"><span class='ocrx_word' id='word_1_376' title='bbox 2084 3043 2447 3143; x_wconf 89' lang='lat' dir='ltr'>partium,</span> <span class='ocrx_word' id='word_1_377' title='bbox 2494 3043 2624 3117; x_wconf 90' lang='lat' dir='ltr'>sed</span> <span class='ocrx_word' id='word_1_378' title='bbox 2668 3043 2896 3117; x_wconf 91' lang='lat' dir='ltr'>etiam</span> <span class='ocrx_word' id='word_1_379' title='bbox 2942 3043 3201 3116; x_wconf 87' lang='lat' dir='ltr'>mixtio</span> <span class='ocrx_word' id='word_1_380' title='bbox 3242 3045 3627 3141; x_wconf 74' lang='lat' dir='ltr'>quaedam,</span> 
     </span>
     <span class='ocr_line' id='line_1_82' title="bbox 2088 3160 3631 3261; baseline -0.001 -23"><span class='ocrx_word' id='word_1_381' title='bbox 2088 3162 2288 3238; x_wconf 90' lang='lat' dir='ltr'>sicut</span> <span class='ocrx_word' id='word_1_382' title='bbox 2323 3174 2439 3238; x_wconf 90' lang='lat' dir='ltr'>est</span> <span class='ocrx_word' id='word_1_383' title='bbox 2498 3162 2575 3236; x_wconf 93' lang='lat' dir='ltr'>in</span> <span class='ocrx_word' id='word_1_384' title='bbox 2631 3160 3234 3260; x_wconf 88' lang='lat' dir='ltr'>juxtapositione</span> <span class='ocrx_word' id='word_1_385' title='bbox 3299 3163 3631 3261; x_wconf 90' lang='lat' dir='ltr'>partium</span> 
     </span>
     <span class='ocr_line' id='line_1_83' title="bbox 2085 3281 3637 3379; baseline 0 -24"><span class='ocrx_word' id='word_1_386' title='bbox 2085 3281 2586 3379; x_wconf 89' lang='lat' dir='ltr'>liquidorum,</span> <span class='ocrx_word' id='word_1_387' title='bbox 2665 3290 2745 3354; x_wconf 92' lang='lat' dir='ltr'>ut</span> <span class='ocrx_word' id='word_1_388' title='bbox 2808 3302 3032 3377; x_wconf 84' lang='lat' dir='ltr'>aquae</span> <span class='ocrx_word' id='word_1_389' title='bbox 3096 3291 3171 3355; x_wconf 88' lang='lat' dir='ltr'>et</span> <span class='ocrx_word' id='word_1_390' title='bbox 3246 3281 3434 3374; x_wconf 91' lang='lat' dir='ltr'>vini,</span> <span class='ocrx_word' id='word_1_391' title='bbox 3511 3285 3637 3356; x_wconf 92' lang='lat' dir='ltr'>vel</span> 
     </span>
     <span class='ocr_line' id='line_1_84' title="bbox 2087 3395 3631 3495; baseline -0.002 -23"><span class='ocrx_word' id='word_1_392' title='bbox 2087 3421 2310 3495; x_wconf 85' lang='lat' dir='ltr'>aquae</span> <span class='ocrx_word' id='word_1_393' title='bbox 2380 3406 2455 3471; x_wconf 92' lang='lat' dir='ltr'>et</span> <span class='ocrx_word' id='word_1_394' title='bbox 2507 3396 2683 3481; x_wconf 86' lang='lat' dir='ltr'>olei,</span> <span class='ocrx_word' id='word_1_395' title='bbox 2760 3396 2878 3470; x_wconf 92' lang='lat' dir='ltr'>vel</span> <span class='ocrx_word' id='word_1_396' title='bbox 2946 3395 3367 3470; x_wconf 91' lang='lat' dir='ltr'>solidorum</span> <span class='ocrx_word' id='word_1_397' title='bbox 3455 3420 3631 3471; x_wconf 91' lang='lat' dir='ltr'>cum</span> 
     </span>
     <span class='ocr_line' id='line_1_85' title="bbox 2084 3510 3632 3611; baseline 0 -26"><span class='ocrx_word' id='word_1_398' title='bbox 2084 3511 2427 3611; x_wconf 84' lang='lat' dir='ltr'>liquidis,</span> <span class='ocrx_word' id='word_1_399' title='bbox 2505 3520 2586 3585; x_wconf 93' lang='lat' dir='ltr'>ut</span> <span class='ocrx_word' id='word_1_400' title='bbox 2665 3510 2847 3586; x_wconf 89' lang='lat' dir='ltr'>salis</span> <span class='ocrx_word' id='word_1_401' title='bbox 2929 3534 3102 3585; x_wconf 89' lang='lat' dir='ltr'>cum</span> <span class='ocrx_word' id='word_1_402' title='bbox 3205 3533 3433 3607; x_wconf 86' lang='lat' dir='ltr'>aqua,</span> <span class='ocrx_word' id='word_1_403' title='bbox 3511 3513 3632 3586; x_wconf 89' lang='lat' dir='ltr'>vel</span> 
     </span>
     <span class='ocr_line' id='line_1_86' title="bbox 2083 3629 3635 3727; baseline 0.002 -24"><span class='ocrx_word' id='word_1_404' title='bbox 2083 3630 2358 3727; x_wconf 91' lang='lat' dir='ltr'>glaciei</span> <span class='ocrx_word' id='word_1_405' title='bbox 2411 3653 2582 3703; x_wconf 89' lang='lat' dir='ltr'>cum</span> <span class='ocrx_word' id='word_1_406' title='bbox 2643 3652 2874 3727; x_wconf 91' lang='lat' dir='ltr'>aqua,</span> <span class='ocrx_word' id='word_1_407' title='bbox 2929 3629 3007 3702; x_wconf 93' lang='lat' dir='ltr'>in</span> <span class='ocrx_word' id='word_1_408' title='bbox 3062 3652 3388 3726; x_wconf 92' lang='lat' dir='ltr'>quarum</span> <span class='ocrx_word' id='word_1_409' title='bbox 3433 3642 3635 3706; x_wconf 86' lang='lat' dir='ltr'>utra-</span> 
     </span>
     <span class='ocr_line' id='line_1_87' title="bbox 2086 3746 3633 3847; baseline -0.001 -26"><span class='ocrx_word' id='word_1_410' title='bbox 2086 3771 2237 3845; x_wconf 92' lang='lat' dir='ltr'>que</span> <span class='ocrx_word' id='word_1_411' title='bbox 2266 3746 2873 3844; x_wconf 88' lang='lat' dir='ltr'>juxtapositione</span> <span class='ocrx_word' id='word_1_412' title='bbox 2934 3747 3266 3843; x_wconf 90' lang='lat' dir='ltr'>partium</span> <span class='ocrx_word' id='word_1_413' title='bbox 3328 3770 3633 3847; x_wconf 91' lang='lat' dir='ltr'>semper</span> 
     </span>
     <span class='ocr_line' id='line_1_88' title="bbox 2087 3863 3632 3963; baseline 0.001 -25"><span class='ocrx_word' id='word_1_414' title='bbox 2087 3874 2344 3939; x_wconf 89' lang='lat' dir='ltr'>manet</span> <span class='ocrx_word' id='word_1_415' title='bbox 2411 3886 2611 3961; x_wconf 92' lang='lat' dir='ltr'>aqua</span> <span class='ocrx_word' id='word_1_416' title='bbox 2685 3863 3086 3937; x_wconf 85' lang='lat' dir='ltr'>actualiter</span> <span class='ocrx_word' id='word_1_417' title='bbox 3164 3863 3240 3937; x_wconf 93' lang='lat' dir='ltr'>in</span> <span class='ocrx_word' id='word_1_418' title='bbox 3321 3866 3632 3963; x_wconf 90' lang='lat' dir='ltr'>propria</span> 
     </span>
     <span class='ocr_line' id='line_1_89' title="bbox 2086 3981 3921 4081; baseline -0.001 -23"><span class='ocrx_word' id='word_1_419' title='bbox 2086 3982 2366 4081; x_wconf 89' lang='lat' dir='ltr'>specie.</span> <span class='ocrx_word' id='word_1_420' title='bbox 2470 3984 2560 4055; x_wconf 89' lang='lat' dir='ltr'>Et</span> <span class='ocrx_word' id='word_1_421' title='bbox 2636 3981 2725 4055; x_wconf 93' lang='lat' dir='ltr'>de</span> <span class='ocrx_word' id='word_1_422' title='bbox 2810 3981 2952 4054; x_wconf 92' lang='lat' dir='ltr'>ista</span> <span class='ocrx_word' id='word_1_423' title='bbox 3026 3982 3627 4079; x_wconf 88' lang='lat' dir='ltr'>juxtapositione</span> <span class='ocrx_word' id='word_1_424' title='bbox 3713 4015 3921 4065; x_wconf 61' lang='lat' dir='ltr'>pmii„</span> 
     </span>
     <span class='ocr_line' id='line_1_90' title="bbox 2084 4091 3979 4196; baseline 0.001 -23"><span class='ocrx_word' id='word_1_425' title='bbox 2084 4098 2414 4196; x_wconf 86' lang='lat' dir='ltr'>partium</span> <span class='ocrx_word' id='word_1_426' title='bbox 2474 4098 2726 4171; x_wconf 91' lang='lat' dir='ltr'>adhuc</span> <span class='ocrx_word' id='word_1_427' title='bbox 2791 4096 3210 4194; x_wconf 88' lang='lat' dir='ltr'>distinguo,</span> <span class='ocrx_word' id='word_1_428' title='bbox 3270 4098 3452 4196; x_wconf 91' lang='lat' dir='ltr'>quia</span> <span class='ocrx_word' id='word_1_429' title='bbox 3504 4102 3624 4174; x_wconf 80' lang='lat' dir='ltr'>vel</span> <span class='ocrx_word' id='word_1_430' title='bbox 3657 4091 3979 4191; x_wconf 60' lang='grc' dir='ltr'>ἣξῗῗᾞξξξ.</span> 
     </span>
     <span class='ocr_line' id='line_1_91' title="bbox 2084 4205 3980 4318; baseline 0.003 -33"><span class='ocrx_word' id='word_1_431' title='bbox 2084 4214 2227 4287; x_wconf 92' lang='lat' dir='ltr'>ista</span> <span class='ocrx_word' id='word_1_432' title='bbox 2314 4211 2816 4310; x_wconf 83' lang='lat' dir='ltr'>juxtapositio</span> <span class='ocrx_word' id='word_1_433' title='bbox 2881 4213 3214 4310; x_wconf 88' lang='lat' dir='ltr'>partium</span> <span class='ocrx_word' id='word_1_434' title='bbox 3273 4205 3980 4318; x_wconf 44' lang='lat' dir='ltr'>prohibet‘ffffinussnff·</span> 
     </span>
     <span class='ocr_line' id='line_1_92' title="bbox 2083 4328 3630 4430; baseline 0.003 -27"><span class='ocrx_word' id='word_1_435' title='bbox 2083 4330 2241 4403; x_wconf 91' lang='lat' dir='ltr'>vim</span> <span class='ocrx_word' id='word_1_436' title='bbox 2286 4328 2678 4423; x_wconf 89' lang='lat' dir='ltr'>abluendi,</span> <span class='ocrx_word' id='word_1_437' title='bbox 2715 4328 2913 4403; x_wconf 88' lang='lat' dir='ltr'>sicut</span> <span class='ocrx_word' id='word_1_438' title='bbox 2969 4337 3084 4403; x_wconf 89' lang='lat' dir='ltr'>est</span> <span class='ocrx_word' id='word_1_439' title='bbox 3137 4330 3216 4403; x_wconf 92' lang='lat' dir='ltr'>in</span> <span class='ocrx_word' id='word_1_440' title='bbox 3276 4354 3476 4430; x_wconf 90' lang='lat' dir='ltr'>aqua</span> <span class='ocrx_word' id='word_1_441' title='bbox 3526 4332 3630 4407; x_wconf 88' lang='lat' dir='ltr'>ita</span> 
     </span>
     <span class='ocr_line' id='line_1_93' title="bbox 2084 4449 3629 4549; baseline 0.001 -24"><span class='ocrx_word' id='word_1_442' title='bbox 2084 4450 2411 4549; x_wconf 88' lang='lat' dir='ltr'>spissata</span> <span class='ocrx_word' id='word_1_443' title='bbox 2453 4473 2628 4523; x_wconf 90' lang='lat' dir='ltr'>cum</span> <span class='ocrx_word' id='word_1_444' title='bbox 2676 4457 2917 4546; x_wconf 91' lang='lat' dir='ltr'>pasta,</span> <span class='ocrx_word' id='word_1_445' title='bbox 2979 4450 3100 4523; x_wconf 84' lang='lat' dir='ltr'>vel</span> <span class='ocrx_word' id='word_1_446' title='bbox 3134 4449 3442 4547; x_wconf 91' lang='lat' dir='ltr'>siliqua,</span> <span class='ocrx_word' id='word_1_447' title='bbox 3510 4454 3629 4526; x_wconf 85' lang='lat' dir='ltr'>vel</span> 
     </span>
     <span class='ocr_line' id='line_1_94' title="bbox 2083 4567 3633 4668; baseline -0.001 -24"><span class='ocrx_word' id='word_1_448' title='bbox 2083 4580 2287 4645; x_wconf 88' lang='lat' dir='ltr'>terra</span> <span class='ocrx_word' id='word_1_449' title='bbox 2331 4567 2587 4642; x_wconf 76' lang='lat' dir='ltr'>foetida</span> <span class='ocrx_word' id='word_1_450' title='bbox 2624 4576 2703 4641; x_wconf 91' lang='lat' dir='ltr'>ut</span> <span class='ocrx_word' id='word_1_451' title='bbox 2735 4567 2924 4660; x_wconf 85' lang='lat' dir='ltr'>luto,</span> <span class='ocrx_word' id='word_1_452' title='bbox 2962 4568 3166 4665; x_wconf 90' lang='lat' dir='ltr'>quod</span> <span class='ocrx_word' id='word_1_453' title='bbox 3197 4593 3352 4642; x_wconf 89' lang='lat' dir='ltr'>non</span> <span class='ocrx_word' id='word_1_454' title='bbox 3388 4593 3633 4668; x_wconf 91' lang='lat' dir='ltr'>appa-</span> 
     </span>
     <span class='ocr_line' id='line_1_95' title="bbox 2085 4683 3632 4783; baseline 0.001 -24"><span class='ocrx_word' id='word_1_455' title='bbox 2085 4696 2200 4760; x_wconf 86' lang='lat' dir='ltr'>ret</span> <span class='ocrx_word' id='word_1_456' title='bbox 2240 4684 2560 4783; x_wconf 90' lang='lat' dir='ltr'>puritas.</span> <span class='ocrx_word' id='word_1_457' title='bbox 2609 4687 2699 4757; x_wconf 90' lang='lat' dir='ltr'>Et</span> <span class='ocrx_word' id='word_1_458' title='bbox 2731 4684 2839 4757; x_wconf 90' lang='lat' dir='ltr'>sic</span> <span class='ocrx_word' id='word_1_459' title='bbox 2880 4683 3049 4757; x_wconf 92' lang='lat' dir='ltr'>dico</span> <span class='ocrx_word' id='word_1_460' title='bbox 3078 4686 3285 4781; x_wconf 89' lang='lat' dir='ltr'>quod</span> <span class='ocrx_word' id='word_1_461' title='bbox 3320 4710 3471 4759; x_wconf 93' lang='lat' dir='ltr'>non</span> <span class='ocrx_word' id='word_1_462' title='bbox 3518 4698 3632 4761; x_wconf 90' lang='lat' dir='ltr'>est</span> 
     </span>
     <span class='ocr_line' id='line_1_96' title="bbox 2085 4802 3630 4902; baseline -0.001 -22"><span class='ocrx_word' id='word_1_463' title='bbox 2085 4804 2560 4880; x_wconf 87' lang='lat' dir='ltr'>conveniens</span> <span class='ocrx_word' id='word_1_464' title='bbox 2619 4802 2934 4876; x_wconf 90' lang='lat' dir='ltr'>materia</span> <span class='ocrx_word' id='word_1_465' title='bbox 2984 4803 3383 4899; x_wconf 80' lang='lat' dir='ltr'>Baptisini‚</span> <span class='ocrx_word' id='word_1_466' title='bbox 3449 4806 3630 4902; x_wconf 90' lang='lat' dir='ltr'>quia</span> 
     </span>
     <span class='ocr_line' id='line_1_97' title="bbox 2086 4920 3631 5019; baseline -0.001 -22"><span class='ocrx_word' id='word_1_467' title='bbox 2086 4921 2529 5019; x_wconf 88' lang='lat' dir='ltr'>Baptismus</span> <span class='ocrx_word' id='word_1_468' title='bbox 2631 4928 2746 4992; x_wconf 84' lang='lat' dir='ltr'>est</span> <span class='ocrx_word' id='word_1_469' title='bbox 2835 4920 3449 5010; x_wconf 84' lang='lat' dir='ltr'>Sacramentum,</span> <span class='ocrx_word' id='word_1_470' title='bbox 3558 4936 3631 4996; x_wconf 90' lang='lat' dir='ltr'>et</span> 
     </span>
     <span class='ocr_line' id='line_1_98' title="bbox 2089 5034 3626 5132; baseline 0.001 -21"><span class='ocrx_word' id='word_1_471' title='bbox 2089 5036 2382 5112; x_wconf 88' lang='lat' dir='ltr'>ablutio</span> <span class='ocrx_word' id='word_1_472' title='bbox 2460 5034 2814 5125; x_wconf 87' lang='lat' dir='ltr'>exterior,</span> <span class='ocrx_word' id='word_1_473' title='bbox 2889 5056 3065 5130; x_wconf 78' lang='lat' dir='ltr'>quae</span> <span class='ocrx_word' id='word_1_474' title='bbox 3143 5046 3257 5108; x_wconf 88' lang='lat' dir='ltr'>est</span> <span class='ocrx_word' id='word_1_475' title='bbox 3324 5037 3626 5132; x_wconf 88' lang='lat' dir='ltr'>signum</span> 
     </span>
     <span class='ocr_line' id='line_1_99' title="bbox 2086 5150 3634 5243; baseline -0.001 -17"><span class='ocrx_word' id='word_1_476' title='bbox 2086 5153 2261 5227; x_wconf 88' lang='lat' dir='ltr'>talis</span> <span class='ocrx_word' id='word_1_477' title='bbox 2293 5150 2607 5226; x_wconf 82' lang='lat' dir='ltr'>effectus</span> <span class='ocrx_word' id='word_1_478' title='bbox 2639 5150 3077 5243; x_wconf 77' lang='lat' dir='ltr'>invisibilis,</span> <span class='ocrx_word' id='word_1_479' title='bbox 3108 5161 3188 5223; x_wconf 89' lang='lat' dir='ltr'>ut</span> <span class='ocrx_word' id='word_1_480' title='bbox 3219 5153 3634 5225; x_wconf 80' lang='lat' dir='ltr'>ablutionis</span> 
     </span>
     <span class='ocr_line' id='line_1_100' title="bbox 2092 5267 2827 5345; baseline -0.011 0"><span class='ocrx_word' id='word_1_481' title='bbox 2092 5271 2374 5345; x_wconf 73' lang='lat' dir='ltr'>animae</span> <span class='ocrx_word' id='word_1_482' title='bbox 2417 5267 2827 5341; x_wconf 88' lang='lat' dir='ltr'>interioris.</span> 
     </span>
    </p>

    <p class='ocr_par' dir='ltr' id='par_1_17' title="bbox 2092 5384 3634 5602">
     <span class='ocr_line' id='line_1_101' title="bbox 2194 5384 3634 5483; baseline 0.001 -24"><span class='ocrx_word' id='word_1_483' title='bbox 2194 5386 2413 5459; x_wconf 92' lang='lat' dir='ltr'>Unde</span> <span class='ocrx_word' id='word_1_484' title='bbox 2456 5408 2594 5483; x_wconf 90' lang='lat' dir='ltr'>per</span> <span class='ocrx_word' id='word_1_485' title='bbox 2637 5407 2915 5481; x_wconf 88' lang='lat' dir='ltr'>aquam</span> <span class='ocrx_word' id='word_1_486' title='bbox 2965 5384 3414 5482; x_wconf 85' lang='lat' dir='ltr'>impressam</span> <span class='ocrx_word' id='word_1_487' title='bbox 3474 5388 3634 5461; x_wconf 87' lang='lat' dir='ltr'>luto</span> 
     </span>
     <span class='ocr_line' id='line_1_102' title="bbox 2092 5502 3632 5602; baseline 0 -22"><span class='ocrx_word' id='word_1_488' title='bbox 2092 5530 2245 5581; x_wconf 91' lang='lat' dir='ltr'>non</span> <span class='ocrx_word' id='word_1_489' title='bbox 2297 5504 2381 5577; x_wconf 81' lang='lat' dir='ltr'>fit</span> <span class='ocrx_word' id='word_1_490' title='bbox 2435 5503 2756 5579; x_wconf 89' lang='lat' dir='ltr'>materia</span> <span class='ocrx_word' id='word_1_491' title='bbox 2805 5502 3200 5601; x_wconf 87' lang='lat' dir='ltr'>Baptismi,</span> <span class='ocrx_word' id='word_1_492' title='bbox 3251 5504 3432 5602; x_wconf 91' lang='lat' dir='ltr'>quia</span> <span class='ocrx_word' id='word_1_493' title='bbox 3479 5530 3632 5580; x_wconf 92' lang='lat' dir='ltr'>non</span> 
     </span>
    </p>
   </div>
   <div class='ocr_carea' id='block_1_13' title="bbox 2090 5625 3632 5720">
    <p class='ocr_par' dir='ltr' id='par_1_18' title="bbox 2090 5625 3632 5720">
     <span class='ocr_line' id='line_1_103' title="bbox 2090 5625 3632 5720; baseline -0.001 -20"><span class='ocrx_word' id='word_1_494' title='bbox 2090 5625 2440 5700; x_wconf 87' lang='lat' dir='ltr'>ablueret</span> <span class='ocrx_word' id='word_1_495' title='bbox 2513 5645 2818 5720; x_wconf 81' lang='lat' dir='ltr'>corpuS,</span> <span class='ocrx_word' id='word_1_496' title='bbox 2893 5644 3033 5696; x_wconf 92' lang='lat' dir='ltr'>nec</span> <span class='ocrx_word' id='word_1_497' title='bbox 3094 5632 3297 5698; x_wconf 91' lang='lat' dir='ltr'>esset</span> <span class='ocrx_word' id='word_1_498' title='bbox 3362 5648 3632 5700; x_wconf 89' lang='lat' dir='ltr'>verum</span> 
     </span>
    </p>
   </div>
  </div>
 </body>
</html>
