4295 6326
657 396 739 464 56
2057 396 2312 466 LIBRI·
2347 396 2431 467 ΙΙ.

660 568 843 665 quin
900 570 1135 666 possit
1179 572 1649 668 deprehendi
1722 594 1856 668 per
1908 570 2203 645 instru-
2303 568 2534 642 tionis
2602 569 2779 657 diei,
2844 578 2916 642 et
2971 592 3013 641 a
3055 568 3252 665 polis
3317 566 3394 639 in
3443 562 3858 637 mobilibus

662 695 964 778 menta3
1039 711 1179 761 nec
1235 688 1459 761 etiam
1534 689 1749 761 locus
1827 687 2069 760 stellae
2126 686 2203 756 in

664 802 933 895 signis,
1047 814 1123 876 ut
1204 814 1405 901 patet
1481 828 1611 903 per
1698 805 2202 878 Ptolemaeum

664 918 999 993 dictione
1062 922 1131 993 13.
1216 922 1670 1019 Almaqesle,
1746 945 1910 1019 cap.
1992 922 2054 992 t.
2131 930 2205 994 et

323 1036 1054 1153 {Zsstelffiffi‘lffffissilfflo
1099 1062 1233 1135 per
1292 1040 1655 1113 armillas.
1717 1039 1866 1112 Sed
1936 1048 2201 1111 notum

409 1166 544 1216 noti·
668 1162 777 1226 est
856 1179 990 1251 per
1061 1155 1197 1228 ista
1269 1155 1806 1249 instrumenta,
1908 1165 2203 1229 tantum

667 1280 955 1366 septem
991 1295 1312 1368 corpora
1372 1272 1711 1346 eoelestia
1769 1272 1877 1345 sic
1946 1295 2025 1345 se
2070 1272 2203 1342 ha-

666 1387 877 1478 bere,
926 1388 1123 1484 quod
1192 1388 1605 1484 aliquando
1667 1389 1949 1461 distant
2012 1387 2208 1460 inter

664 1529 771 1595 se3
817 1514 889 1579 et
922 1516 1271 1603 respectu
1342 1508 1717 1600 ali‹›rum;
1759 1507 1990 1603 igitur
2035 1516 2207 1579 tan-

668 1632 822 1695 tum
858 1632 1037 1696 sunt
1069 1633 1356 1720 septem
1394 1625 1619 1699 orbes
1660 1623 1998 1721 deputati
2033 1646 2209 1718 sep-

671 1751 817 1813 tem
855 1742 1193 1815 Planetis
1265 1743 1638 1836 erraticiS,
1690 1743 1872 1839 quia
1912 1741 2209 1815 Aristo-

669 1857 852 1929 teles
898 1856 1010 1927 11.
1057 1857 1398 1954 Melaplz.
1439 1859 1619 1932 dicit
1651 1859 1854 1955 quod
1906 1882 2059 1931 non
2095 1865 2210 1929 est

667 1974 1071 2068 ponendus
1115 1975 1347 2061 orbis,
1400 1977 1549 2049 nisi
1591 1978 1834 2072 gratia
1901 1976 2208 2049 lationis

670 2089 997 2185 alicujus
1030 2091 1209 2164 astri
1260 2119 1276 2183 3
1323 2092 1557 2187 igitur
1604 2102 1706 2165 tot
1760 2102 1937 2167 sunt
2003 2091 2204 2183 coeli,

668 2216 854 2300 quot
893 2216 1074 2280 sunt
1106 2208 1470 2294 Planetfe.
1509 2209 1677 2282 Non
1724 2218 2019 2305 oportet
2067 2209 2212 2304 igi-

666 2331 791 2394 tur
823 2347 1106 2419 ponere
1141 2327 1448 2418 coelum,
1489 2326 1690 2422 quod
1747 2350 1895 2399 non
1935 2325 2210 2423 deprc-

668 2440 1037 2513 henditur.
1070 2464 1203 2537 per
1234 2442 1518 2515 stellas,

319 2571 610 2622 Stellarum
768 2553 1105 2629 Ulterius
1196 2567 1491 2654 oportet
1573 2582 1856 2655 ponere
1946 2558 2209 2631 orbem

360 2635 606 2770 ssssffiffssff
671 2674 997 2769 sphaeroe
1031 2676 1423 2749 stellarum
1458 2673 1812 2770 fixarum,
1851 2700 2025 2773 quae
2070 2701 2211 2773 po-

327 2771 622 2874 Jffluffbffi
671 2799 961 2863 nuutur
1039 2815 1307 2865 omnes
1391 2793 1465 2865 in
1532 2818 1684 2866 uno
1758 2794 1968 2887 orbe,
2034 2818 2209 2867 nam

675 2907 914 2979 stellae
975 2929 1278 3003 semper
1344 2918 1523 2982 sunt
1593 2910 1666 2981 in
1724 2911 1989 2984 eadem
2047 2935 2214 3008 pro-

675 3020 1099 3118 pinquitate
1159 3033 1230 3095 ct
1272 3024 1656 3098 distantia.
1715 3025 1930 3099 Patet
2006 3025 2213 3100 enim

672 3159 807 3231 per
840 3134 1208 3231 figuram:
1269 3136 1347 3210 Si
1411 3146 1559 3213 tres
1619 3139 1859 3214 stella}
1926 3138 2209 3214 faciunt

670 3253 1141 3349 triangulum
1222 3256 1293 3328 in
1357 3259 1576 3351 COEIO,
1641 3258 1743 3332 ita
1812 3258 2089 3332 sacient
2133 3259 2212 3334 in

674 3379 1079 3463 aeternum,
1129 3374 1296 3447 ideo
1343 3375 1830 3450 convincitur
1887 3376 2090 3472 quod
2135 3376 2212 3449 in

675 3514 831 3563 uno
875 3488 1058 3566 orbe
1101 3502 1304 3566 sunt.

461 3626 522 3700 3,
771 3607 1061 3681 Praeter
1111 3608 1295 3681 istos
1363 3619 1659 3708 oportet
1716 3635 2002 3709 ponere
2059 3635 2217 3685 coe-

679 3726 834 3798 lum
882 3749 1204 3817 nonum,
1247 3727 1419 3800 ticet
1463 3728 1908 3802 Aristoteles
1954 3729 2214 3825 primo

514 3941 522 3948 .
677 3842 767 3916 clc
816 3842 1055 3938 Coelo,
1122 3847 1264 3917 hoc
1323 3869 1476 3918 non
1559 3845 1994 3940 affirmavit,
2059 3870 2214 3920 non

596 4004 637 4022 «
676 3971 931 4033 tamen
970 3961 1322 4056 negavit3
1382 3971 1632 4036 tamen
1697 3962 2007 4037 ratione·
2046 3986 2222 4036 con-

678 4078 1014 4152 vincitur
1072 4081 1241 4170 hoc,
1289 4079 1469 4177 quia
1502 4080 1733 4154 unius
1792 4082 1999 4155 orbis
2054 4105 2216 4154 non

681 4205 793 4269 est
849 4195 996 4269 nisi
1070 4220 1269 4270 unus
1330 4207 1582 4271 motus
1651 4197 1972 4295 primus,
2046 4197 2221 4272 licet

680 4312 906 4387 orbes
939 4312 1341 4389 inferiores
1401 4315 1734 4389 habeant
1765 4315 2020 4389 varios
2070 4339 2222 4388 mo·

685 4440 846 4524 tus;
894 4432 1024 4504 sed
1050 4433 1327 4505 coelum
1356 4432 1748 4505 stellarum
1786 4457 1937 4505 non
1974 4440 2222 4529 potest

681 4548 971 4622 moveri
1033 4557 1327 4622 tantum
1374 4558 1580 4622 motu
1618 4548 1862 4646 primo
1906 4550 2217 4642 diurne,

678 4666 809 4762 qui
879 4675 991 4739 est
1054 4675 1303 4738 motus
1362 4665 1684 4762 primus,
1761 4667 1829 4737 8.
1898 4666 2217 4765 Pleysz'c.

681 4781 1083 4857 uniformis
1108 4783 1203 4856 ab
1232 4781 1540 4857 Oriente
1569 4785 1646 4856 in
1678 4785 2169 4858 Occidentem
2201 4813 2219 4877 3

677 4903 912 4998 igitur
973 4910 1275 4999 oportet
1335 4902 1537 4999 quod
1612 4903 1739 4976 ille
1813 4913 2062 4976 motus
2129 4902 2226 4976 sit

321 5023 625 5150 Hssi‘ffffrcssss‘.
676 5021 972 5119 primus
1020 5031 1269 5093 motus
1303 5019 1541 5113 orbis,
1592 5029 1671 5093 ut
1740 5022 1952 5094 noni.⁴
2004 5021 2222 5107 Quod

351 5165 477 5201 num
509 5163 618 5198 coe·
675 5145 929 5212 autem
972 5146 1222 5210 motus
1268 5136 1393 5210 ille
1439 5137 1844 5211 uniformis
1920 5162 2071 5210 non
2131 5137 2229 5211 sit

417 5218 527 5264 ¹⁰⁰²
674 5277 978 5352 semper
1012 5264 1261 5327 motus
1314 5254 1639 5350 sphferoe
1695 5265 2013 5349 octavfe,
2051 5281 2227 5353 pro-

677 5374 901 5447 batur
950 5372 1132 5468 quia
1182 5394 1319 5467 per
1379 5371 1889 5446 instrumenta
1955 5374 2227 5471 depre-

678 5491 1041 5567 henditur
1082 5489 1286 5586 quod
1320 5488 1578 5585 aliqua
1626 5491 1846 5564 stella
1888 5490 2038 5564 fixa
2087 5491 2228 5564 ali-

679 5611 986 5716 quando
1033 5608 1275 5711 magis
1307 5608 1535 5684 distat
1574 5632 1616 5683 a
1648 5609 1935 5686 circulo
1960 5633 2228 5711 aequa-

2307 684 2782 782 simpliciter,
2819 684 3233 783 aliquando
3279 682 3563 755 minus.

2406 803 2622 894 ltem,
2723 801 3014 875 eaedem
3110 802 3351 875 stellae
3438 794 3853 893 aliquando

2312 917 2553 1013 magis
2586 917 2869 990 distant
2901 918 2994 990 ab
3020 915 3560 991 intersectione
3595 908 3858 1006 AEqui-

2310 1034 2661 1108 noctialis
2694 1044 2766 1109 et
2822 1034 3149 1127 zodiaci,
3223 1030 3638 1129 aliquando
3711 1026 3855 1099 mi-

2315 1176 2483 1244 ους,
2532 1150 2733 1248 quod
2771 1174 2921 1224 non
2961 1151 3135 1223 facit
3201 1150 3460 1246 aliqua
3495 1169 3672 1244 pars
3727 1166 3853 1217 or-

2308 1270 2424 1342 bis
2460 1269 2639 1341 moti
2675 1269 2820 1342 isto
2857 1278 3069 1341 motu
3113 1264 3504 1341 uniformi.

2409 1386 2691 1459 Contra
2750 1386 3196 1459 Aristoteles
3259 1382 3440 1456 dicit
3489 1379 3853 1455 duodeci·
4019 1395 4086 1459 4,

2312 1526 2433 1576 mo
2468 1503 2807 1601 Metaph.
2878 1503 3083 1600 quod
3142 1526 3294 1575 non
3358 1507 3656 1599 oportet
3714 1522 3853 1595 po·
3902 1510 4177 1623 beispo·

2314 1644 2495 1695 nere
2538 1621 2830 1713 orbem,
2868 1620 3015 1692 nisi
3084 1618 3329 1715 gratia
3395 1615 3702 1689 lationis
3744 1637 3855 1687 as·
3884 1587 4202 1693 ἷῖἷιῖᾎῖῑὲἷιῗς,

2317 1747 2654 1828 trorum3
2713 1735 2943 1831 igitur
2999 1758 3152 1807 nou
3225 1740 3523 1831 oportet
3570 1751 3853 1829 ponere
3886 1704 4202 1764 ⁶¹p⁰⁰¹²⁰'‘

2316 1856 2576 1929 orbem
2622 1864 2940 1946 motum,
2989 1851 3136 1925 nisi
3199 1859 3510 1948 propter
3565 1858 3854 1921 motum

2315 1973 2496 2047 astri
2539 1973 2612 2045 in
2661 1996 2779 2046 eo.
3671 2039 3674 2042 ,

2414 2089 2600 2162 Dico
2633 2088 2837 2185 quod
2883 2111 2976 2160 ex
3027 2096 3233 2159 motu
3299 2096 3680 2160 astrorum
3723 2084 3860 2156 de-

2315 2205 2819 2304 prehenditur
2866 2203 3042 2276 talis
3083 2202 3317 2291 orbis,
3375 2225 3529 2274 non
3604 2210 3857 2273 tamen

2316 2332 2428 2397 est
2489 2346 2803 2396 necesse
2888 2343 3175 2417 ponere
3266 2320 3493 2391 istum
3588 2317 3850 2390 orbem

2316 2438 2559 2535 gratia
2600 2438 2905 2512 lationis
2938 2434 3267 2532 alicujus
3308 2434 3489 2509 astri
3533 2433 3860 2508 existen-

2316 2554 2412 2628 tis
2448 2554 2519 2626 in
2576 2553 2763 2650 ipso,
2808 2552 2938 2626 sed
3005 2550 3249 2647 gratia
3310 2548 3616 2651 lationis
3674 2547 3857 2622 astri

2317 2671 2644 2766 alicujus
2676 2670 2926 2758 orbis3
2991 2666 3322 2741 etetiam
3389 2673 3686 2762 oportet
3716 2689 3860 2761 po-

2323 2814 2500 2865 nere
2534 2791 2774 2886 gratia
2808 2787 3153 2863 omnium
3207 2796 3613 2877 motorum,
3652 2785 3857 2882 quod

2318 2910 2415 2983 sit
2480 2907 2768 3004 aliquid
2826 2906 3156 3003 primum
3227 2912 3558 2998 motum.
3633 2902 3860 2976 Nunc

2318 3035 2572 3099 autem
2642 3022 3246 3120 deprehenditur
3325 3020 3509 3094 istas
3601 3021 3864 3094 stellas

2319 3168 2491 3218 cum
2557 3152 2765 3217 motu
2818 3139 3182 3215 uniformi
3253 3138 3531 3213 diurno
3576 3139 3858 3213 habere

2319 3272 2611 3335 motum
2673 3259 3005 3352 tationis,
3114 3257 3541 3331 secundum
3626 3279 3860 3353 quam

2319 3379 2565 3472 magis
2593 3387 2664 3452 ot
2691 3377 2943 3450 minus
2977 3375 3260 3450 distant
3302 3398 3346 3448 a
3378 3374 3573 3471 polis
3601 3374 3866 3471 AEqui·

2319 3495 2807 3587 noctialibuS,
2843 3504 2917 3568 et
2959 3492 3310 3566 similiter
3368 3500 3655 3564 motum
3693 3492 3865 3563 lon·
3896 3489 4212 3604 nuffiessnssa·

2320 3613 2689 3709 gitudinis
2761 3612 3075 3702 habent,
3148 3609 3573 3684 secundum
3631 3633 3859 3706 quem
3892 3618 4221 3729 Πῇῐέυιέυάυἰξ·

2321 3733 2610 3807 eaedem
2686 3732 2927 3804 stella}
2987 3728 3225 3824 magis
3266 3737 3338 3801 et
3389 3727 3645 3801 minus
3704 3727 3863 3800 dis-
3895 3748 4066 3854 “3⁰²⁸
4103 3755 4205 3812 ρρ-

2320 3860 2482 3924 tant
2510 3873 2552 3923 a
2594 3848 2838 3944 capite
2869 3846 3146 3921 Arietis
3176 3854 3248 3919 et
3300 3844 3550 3918 Libra}
3584 3845 3863 3917 immo-
3894 3818 4208 3981 'ff‘ffiff

2320 3967 2482 4060 bili,
2555 3965 2758 4063 quod
2827 3989 2979 4039 non
3085 3962 3300 4037 fieret
3362 3985 3499 4060 per
3571 3972 3858 4036 motum
4019 3994 4093 4045 da,

2322 4085 2554 4159 unius
2621 4083 2880 4174 orbis3
2948 4081 3117 4154 ideo
3209 4089 3508 4177 oportet
3576 4103 3861 4177 ponere

2323 4202 2557 4276 alium
2616 4200 2904 4294 orbern,
2975 4197 3197 4292 cujus
3264 4196 3619 4271 accidens
3683 4221 3865 4293 pro-

2324 4319 2574 4416 prium
2636 4317 2744 4391 ‘sit
2829 4323 3081 4389 motus
3168 4314 3493 4388 diurnus
3576 4313 3868 4387 unifor-

2327 4435 2494 4509 mis.

2422 4560 2568 4634 Sed
2617 4558 3051 4656 discrepant
3130 4555 3253 4629 hic
3305 4554 3712 4631 Naturales
3772 4559 3865 4632 ab
4009 4572 4077 4638 5.

2323 4676 2748 4770 Astrologis
2801 4674 2891 4748 de
2954 4671 3289 4745 motibus
3341 4672 3862 4767 planetarum,

2328 4803 2400 4868 et
2442 4794 2531 4867 de
2565 4792 2908 4883 orbibus,
2944 4813 3120 4864 narn
3164 4799 3481 4886 apparet
3512 4790 3870 4866 Planetas

2329 4908 2795 4984 sensibiliter
2856 4905 3144 4980 moveri
3227 4917 3492 5004 contra
3566 4898 3869 5005 raptum

2329 5026 2554 5123 primi
2585 5025 2818 5117 orbiS,
2882 5023 3173 5098 scilicet
3212 5023 3306 5096 ab
3344 5024 3750 5100 Occidente
3793 5027 3869 5098 in

2329 5142 2747 5234 Orientem,
2805 5140 3026 5234 cujus
3082 5139 3429 5236 probatio
3489 5151 3871 5233 est3nam

2332 5269 2493 5332 esto
2537 5258 2739 5354 quod
2774 5256 3033 5352 aliqua
3067 5257 3286 5329 stella
3327 5255 3422 5329 sit
3463 5257 3874 5352 conjuncta

2331 5400 2502 5450 cum
2550 5375 2867 5448 Planeta
2910 5381 3283 5468 quantum
3337 5373 3425 5447 ad
3478 5385 3871 5471 aspectum

2330 5491 2408 5565 in
2446 5516 2599 5566 una
2644 5500 2888 5575 nocte,
2934 5492 3007 5561 in
3057 5489 3409 5586 sequenti
3455 5491 3575 5564 vel
3623 5492 3872 5589 pluri-

2330 5609 2475 5686 bus
2495 5605 3262 5707 noctibusapparebit
3285 5605 3645 5684 distantia
3666 5619 3874 5688 nota·
