4295 6326
236 2448 297 2516 1.

102 2567 326 2629 Argum.
364 2568 408 2614 1.

167 3832 364 3882 Set-nn·

193 3894 343 3945 dum.

148 5125 400 5179 Tertium.

1420 496 1641 565 DIST.
1692 496 1935 567 XLIV.
1987 495 2405 577 QUAESTlo
2461 498 2693 567 UNIC.

3533 493 3656 560 231

1153 1047 2294 1216 DISTINCTIO
2418 1049 2950 1215 XLIV.

845 1748 1255 1828 QUAESTlO
1321 1750 1625 1820 UNICA.

553 1921 797 1986 Uirum
820 1919 1141 2006 potentia
1157 1916 1505 2004 peccandi
1529 1919 1623 1985 sit
1652 1938 1694 1984 α
1718 1923 1851 1986 Deo
1879 1915 1920 1982 ?

461 2113 526 2169 D.
560 2113 833 2169 Thomas,
869 2128 907 2167 1.
943 2111 1032 2168 hic
1061 2120 1253 2182 quaese.
1289 2128 1328 2166 1.
1360 2116 1471 2168 art.
1507 2128 1546 2167 1.
1578 2111 1646 2167 D.
1692 2112 2003 2167 Bonavenl.

530 2189 638 2240 art.
669 2202 708 2241 1.
741 2192 936 2254 quaest.
972 2183 1297 2239 Richardus
1322 2193 1430 2240 art.
1467 2199 1505 2238 1.
1558 2188 1749 2255 quaest.
1790 2185 1844 2239 2.
1896 2183 2006 2239 Du-

532 2257 695 2312 rand.
730 2259 924 2329 quaest.
950 2272 989 2311 1.
1023 2255 1199 2312 Gabr.
1232 2271 1283 2328 q.
1310 2271 1349 2310 1.

556 2432 775 2506 Circa
853 2430 1422 2506 distinctionem
1512 2431 2002 2528 quadragesi-

460 2556 1016 2645 mamquartam
1057 2556 1132 2622 et
1166 2547 1525 2621 ultimam
1570 2547 1989 2645 quaeritur:

468 2666 739 2741 Utrum
763 2665 1110 2764 potentia
1129 2665 1512 2762 peccandi
1545 2666 1646 2738 sic
1682 2691 1727 2740 α
1755 2667 1924 2742 Deo
1952 2666 1997 2742 ‚9

454 2783 776 2857 Videtur
806 2782 1011 2881 quod
1044 2807 1229 2876 non,
1275 2782 1456 2880 quia
1498 2806 1648 2856 non
1685 2792 1800 2857 est
1849 2785 1994 2857 ali-

454 2924 608 2998 qua
664 2900 1029 2998 potentia,
1103 2923 1278 2997 quae
1322 2923 1475 2972 non
1518 2909 1634 2973 est
1686 2924 1730 2974 a
1784 2899 1984 2994 Deo;

454 3017 584 3092 sed
620 3016 959 3115 potentia
999 3014 1366 3114 peccandi
1400 3039 1550 3089 non
1579 3026 1693 3090 est
1733 3017 1991 3114 aliqua

454 3133 818 3232 potentia.
902 3131 1289 3226 ProbatiO,
1378 3132 1561 3230 quia
1644 3133 1705 3208 si
1792 3144 1993 3210 esset

455 3251 715 3349 aliqua
745 3250 1110 3348 potentia,
1175 3259 1377 3325 esset
1431 3251 1773 3349 potentia
1813 3252 1993 3327 libe-

454 3388 582 3458 ra3
619 3365 752 3440 sed
794 3364 1220 3440 secundum
1278 3367 1724 3440 Anselmum
1771 3366 1863 3440 de
1897 3368 1994 3440 li-

455 3485 592 3557 ber
623 3483 887 3557 arbitr.
905 3490 1242 3580 potestas
1270 3483 1656 3581 peccandi
1688 3507 1844 3558 non
1886 3492 1996 3559 est

458 3598 791 3689 libertem,
836 3623 975 3674 nec
1034 3624 1220 3698 pars
1262 3599 1675 3685 libertati3‚·
1729 3601 1987 3698 igitur,

454 3726 597 3792 etc.

552 3834 770 3926 Item,
815 3831 876 3907 si
911 3832 1251 3930 potentia
1291 3833 1656 3931 peccandi
1709 3844 1909 3908 esset
1948 3858 1993 3910 a

456 3951 645 4044 Deo,
696 3944 880 4046 ergo
947 3949 1288 4048 potentia
1326 3949 1694 4048 peccandi
1757 3959 1869 4027 est
1910 3951 1986 4023 in

456 4067 641 4142 Deo,
690 4066 1047 4140 Probatio
1119 4066 1692 4164 consequentiae
1737 4066 1991 4142 :Deus

454 4193 567 4258 est
633 4206 868 4258 causa
933 4181 1335 4280 aequivoca
1411 4193 1761 4281 respectu
1822 4208 1992 4257 om-

455 4298 697 4392 nium,
736 4322 911 4396 quae
946 4309 1362 4373 causantur
1392 4300 1489 4374 ab
1530 4323 1620 4374 eo
1655 4328 1673 4394 ;
1712 4301 1844 4375 sed
1879 4302 1992 4375 ef-

452 4417 691 4491 fectus
721 4416 1189 4492 eminentius
1221 4417 1659 4492 continetur
1698 4418 1776 4491 in
1819 4443 1992 4493 cau-

453 4557 537 4607 sa
586 4533 1013 4630 aequivoca,
1058 4542 1133 4608 et
1195 4532 1582 4633 praecipue
1634 4533 1711 4607 in
1757 4558 1992 4610 causa

455 4648 726 4745 prima,
772 4671 1005 4746 quam
1033 4648 1108 4721 in
1146 4649 1400 4747 seipsa
1426 4676 1442 4736 ;
1472 4673 1654 4747 ergo
1687 4651 1751 4724 si
1782 4652 1992 4726 Deus

457 4771 567 4836 est
598 4786 832 4838 causa
865 4764 1229 4861 potentiae
1257 4766 1652 4864 peccandi,
1691 4765 1833 4840 ista
1866 4791 1994 4864 po-

456 4880 691 4954 tentia
730 4891 931 4955 esset
975 4881 1217 4978 magis
1266 4882 1339 4954 in
1393 4884 1572 4975 DeO,
1635 4883 1841 4980 quod
1883 4895 1995 4958 est

460 5019 1043 5071 inconvemenS.

558 5113 774 5206 Item,
811 5113 1063 5187 omnis
1102 5115 1468 5213 potentia,
1541 5138 1716 5213 quae
1781 5128 1894 5192 est
1951 5142 1995 5193 a

456 5229 641 5319 Deo,
692 5229 918 5303 habet
950 5229 1023 5302 in
1077 5230 1435 5305 universo
1478 5232 1814 5330 aliquem
1865 5259 1995 5308 or-

455 5344 705 5420 dinem
753 5345 847 5419 ad
889 5343 1079 5419 alias
1148 5347 1550 5443 potentias,
1602 5349 1784 5447 quia
1813 5373 1990 5446 quae

452 5485 494 5535 a
525 5461 685 5536 Deo
727 5471 932 5555 sunt,
997 5462 1345 5539 ordinata
1405 5477 1583 5539 sunt
1620 5494 1637 5559 3
1683 5468 1814 5541 sed
1851 5494 1989 5566 po-

450 5578 685 5653 tentia
748 5579 1116 5677 peccandi
1171 5603 1325 5653 non
1391 5590 1636 5679 potest
1706 5584 1985 5661 habere

451 5693 785 5792 aliquem
827 5695 1172 5771 ordinem
1207 5697 1301 5772 ad
1342 5697 1532 5772 alias
1576 5700 1981 5796 potentiaS,

2120 1494 2304 1592 quia
2336 1516 2601 1592 quaero
2629 1514 2725 1566 an
2759 1490 2857 1565 sit
2904 1490 3256 1589 superior
3286 1487 3656 1586 potentia,

2118 1636 2218 1687 an
2246 1610 2520 1701 media,
2557 1607 2966 1684 aninfima.
3005 1607 3373 1707 Superior
3404 1614 3664 1703 poten-

2118 1729 2226 1803 tia
2291 1727 2491 1802 inter
2538 1725 2919 1824 potentias
2949 1749 3102 1800 non
3159 1732 3407 1822 potest
3460 1743 3656 1814 esse,

2120 1847 2304 1946 quia
2334 1869 2485 1920 non
2535 1843 2897 1919 convenit
2922 1843 3114 1935 De0,
3152 1840 3275 1916 cui
3300 1861 3663 1937 suprema

2119 1963 2460 2063 potentia
2525 1960 2912 2035 convenit.
2944 1958 3316 2034 Similiter
3348 1979 3522 2031 cum
3565 1954 3663 2028 sit

2117 2079 2460 2179 potentia
2513 2078 2606 2153 ad
2683 2076 3228 2169 deficiendum,
3307 2074 3469 2148 sive
3518 2096 3661 2171 po-

2114 2197 2356 2274 tentia
2408 2196 2806 2289 defectiva,
2865 2219 3020 2269 non
3062 2203 3263 2269 esset
3319 2190 3660 2290 potentia

2115 2338 2503 2413 suprema.
2531 2312 2690 2389 Nec
2723 2321 2970 2411 potest
3009 2335 3176 2388 esse
3234 2309 3485 2384 media
3515 2333 3658 2406 po-

2112 2434 2378 2527 tentia,
2416 2456 2555 2507 nec
2590 2430 2880 2525 infima,
2949 2429 3131 2527 quia
3175 2437 3356 2502 tunc
3397 2434 3652 2524 posset

2111 2551 2394 2625 hahere
2454 2548 2870 2648 potentiam
2945 2545 3421 2644 superiorem
3498 2543 3647 2615 im-

2109 2677 2533 2766 perantem,
2579 2673 2651 2740 et
2692 2674 2873 2737 tunc
2906 2687 3059 2737 non
3120 2671 3321 2736 esset
3372 2660 3635 2734 libera.

2202 2784 2314 2858 Ad
2363 2783 2797 2882 oppositum
2834 2781 2907 2854 in
2946 2781 3192 2855 littera
3227 2799 3407 2876 cap.
3453 2779 3523 2850 2.
3570 2786 3644 2852 et
3728 2797 3943 2848 contra.

2103 2902 2385 2997 allegat
2427 2898 2872 2998 Apostolum
2917 2896 3007 2971 ad
3078 2897 3400 2970 Roman.
3475 2917 3639 2991 cap.

2107 3016 2222 3090 13.
2265 3016 2390 3091 ubi
2458 3017 2618 3090 vult
2673 3013 2876 3114 quod
2935 3036 3090 3086 non
3150 3016 3642 3108 estpoteslaS,

2101 3134 2261 3210 nisi
2296 3159 2343 3210 α
2363 3135 2554 3209 Deo.

2674 3440 3054 3497 SCHOLIUM.

2178 3592 2434 3649 Potentia
2469 3589 2746 3662 peccandi
2778 3593 3008 3658 sumpta
3044 3602 3146 3657 pro
3182 3583 3449 3640 absoluto
3497 3586 3588 3638 est
3619 3596 3653 3634 a

2108 3685 2242 3745 Deo,
2276 3681 2414 3754 quia
2444 3682 2523 3736 sic
2544 3680 2787 3751 estjpsa
2809 3677 3082 3733 voluntas
3109 3695 3122 3741 ;
3152 3679 3238 3730 est
3268 3674 3442 3730 ctiam
3472 3689 3503 3726 a
3534 3670 3651 3726 Deo

2104 3779 2341 3845 sumpta
2373 3791 2474 3845 pro
2506 3776 2770 3844 respectu
2806 3771 2874 3825 ad
2909 3775 3103 3824 actum
3132 3765 3374 3839 peccati,
3399 3762 3497 3819 sed
3534 3777 3648 3816 non

2106 3869 2168 3918 ut
2198 3864 2332 3920 dicit
2369 3866 2694 3934 respectum
2729 3860 2801 3915 ad
2837 3857 3142 3915 formalem
3174 3855 3476 3910 malitiam.

2205 4065 2685 4165 Respondeo,
2723 4062 2928 4161 quod
2946 4060 3293 4158 potentia
3327 4080 3646 4154 peccem·
3807 4089 3876 4156 2·

2102 4184 2190 4259 di
2249 4191 2498 4280 potest
2555 4180 2824 4278 accipi,
2886 4179 3002 4253 vel
3074 4200 3212 4274 pro
3272 4173 3638 4273 potentia,
3719 4203 3965 4274 potentia

2103 4325 2279 4399 quae
2309 4307 2423 4375 est
2451 4296 2944 4396 principium,
2979 4295 3099 4368 vel
3136 4315 3269 4388 pro
3305 4290 3644 4390 potentia
3690 4266 3976 4401 Χξζῧῇῗιῖι,

2107 4430 2189 4494 ut
2228 4416 2408 4491 dicit
2437 4414 2786 4491 ordinem
2819 4412 2912 4487 ad
2955 4419 3207 4486 actum
3243 4407 3637 4507 peccandi,
3686 4395 3968 4455 ⁸⁰⁰¹P¹‘¹¹‘·

2104 4537 2304 4611 sicut
2344 4534 2418 4608 in
2469 4532 2640 4608 aliis
2716 4529 3103 4630 potentiis,
3171 4537 3253 4601 ut
3307 4524 3645 4625 potentia

2104 4651 2413 4727 videndi
2440 4657 2687 4748 potest
2725 4645 2963 4744 accipi
3009 4646 3128 4718 vel
3180 4666 3315 4741 pro
3357 4641 3648 4740 princi-

2114 4770 2240 4869 pio
2283 4768 2630 4858 visionis,
2685 4766 2805 4839 vel
2857 4786 2994 4861 pro
3062 4761 3330 4835 ordine
3385 4760 3479 4834 ad
3520 4782 3648 4834 ac-

2106 4898 2267 4962 tum
2313 4885 2650 4961 videndi.
2725 4883 2803 4957 Si
2865 4880 3205 4956 secundo
3268 4879 3524 4972 modO,
3570 4879 3647 4952 id

2106 5013 2356 5102 potest
2393 5024 2561 5077 esse
2604 4997 3039 5097 dupliciter,
3100 4997 3221 5070 vel
3266 5018 3402 5093 pro
3436 4994 3645 5069 ordi-

2106 5144 2201 5194 ne
2222 5119 2313 5192 ad
2335 5116 2915 5204 deformitatem,
2944 5114 3223 5211 velpro
3252 5111 3519 5185 ordine
3548 5111 3638 5184 ad

2105 5245 2358 5310 actum
2389 5234 2856 5308 substratum
2888 5228 3372 5305 deformitati.
3403 5228 3481 5301 Si
3507 5252 3646 5301 au-

2104 5362 2253 5425 tem
2290 5347 3068 5448 accipiaturpotenlia
3087 5344 3470 5443 peccandi
3507 5367 3642 5441 pro

2102 5466 2482 5566 principio
2516 5462 2940 5563 potentiali,
2989 5460 3192 5557 quod
3236 5468 3349 5533 est
3379 5457 3643 5530 sunda-

2104 5595 2445 5660 mentum
2476 5584 2707 5681 hujus
2749 5579 3068 5671 ordinis,
3113 5585 3186 5652 et
3222 5584 3635 5672 respectus,

2102 5703 2272 5777 dico
2306 5700 2510 5800 quod
2544 5700 2619 5773 in
2690 5700 2883 5798 ipsa,
2932 5706 3014 5771 ut
3079 5693 3214 5787 sic,
3280 5699 3460 5765 sunt
3513 5714 3638 5765 ra-
