4295 6326
576 446 661 513 70
2000 423 2238 493 LlBRl
2286 421 2375 490 11.

227 661 288 711 in
353 658 554 713 olentia
582 642 752 716 quae
790 623 970 692 sunt
1007 620 1181 689 ante
1222 609 1698 706 intelli96r63
1762 611 1835 678 et
1890 602 2119 674 Com-

233 723 551 837 ᾶξωᾛῗξῃ
588 745 989 828 mentator,
1040 732 1244 830 quod
1277 726 1708 804 intellectus
1759 744 1838 794 se
1899 716 2124 792 habet

234 849 525 978 Μιξῗίοξξὲξζ
582 857 663 930 in
692 876 969 953 qenere
988 844 1529 945 inlellc'qibilis,
1563 843 1760 916 sicut
1797 835 2123 911 materia

579 977 924 1068 respecta
952 968 1385 1066 formarum
1413 956 1919 1035 sensibilium.

676 1089 864 1162 Dico
934 1082 1138 1182 quod
1206 1079 1545 1179 potentia
1620 1074 1715 1149 ad
1766 1071 2122 1147 accidens

576 1214 691 1281 est
759 1205 835 1276 in
908 1199 1249 1299 potentia
1324 1193 1749 1269 secundum
1812 1186 2123 1286 quid,et

573 1327 652 1400 in
715 1332 918 1415 actu,
971 1320 1141 1393 ideo
1202 1339 1370 1391 esse
1432 1315 1508 1388 in
1602 1309 1944 1409 potentia
2028 1307 2120 1381 ad

574 1447 893 1520 formam
919 1438 1467 1517 accidentalem
1492 1430 1928 1506 immediate
1954 1451 2128 1502 con-

576 1560 816 1637 cludit
877 1559 1128 1655 ipsum
1177 1552 1421 1649 magis
1470 1572 1637 1625 esse
1680 1545 2129 1644 simpliciter

577 1700 808 1776 quam
842 1676 916 1749 in
946 1672 1314 1774 potentia.
1354 1662 1574 1744 Unde
1607 1667 1670 1741 si
1699 1663 2129 1762 inlelllqere

578 1796 900 1870 haberet
959 1789 1379 1890 potentiam
1473 1785 1617 1861 sihi
1685 1806 2132 1880 correspon-

578 1911 919 2002 dentem,
957 1914 1413 2004 sequeretur
1454 1901 1659 2000 quod
1711 1908 1817 1972 tot
1875 1905 2132 1973 essent

578 2025 945 2123 potentiae
1018 2019 1532 2096 intellectiva}
1638 2016 1713 2088 in
1785 2012 2128 2104 homine,

583 2153 772 2241 quot
864 2150 1046 2215 sunt
1120 2136 1553 2233 intelliqere
1626 2133 1701 2206 in
1787 2129 2126 2222 homine,

587 2259 793 2358 quod
890 2266 1005 2332 est
1109 2251 1613 2351 impossibile,
1704 2247 2130 2323 secundum

582 2377 773 2451 illud
854 2374 1052 2450 tertii
1115 2370 1515 2469 Physicor.
1578 2376 1756 2442 text.
1855 2365 1973 2437 10.
2041 2364 2138 2438 Sc·

573 2516 800 2592 posse
824 2491 1093 2566 sanari
1121 2495 1193 2563 el
1212 2494 1588 2584 aeqrotare
1620 2490 1869 2559 essent
1896 2483 2127 2573 idem,

581 2608 853 2685 sanari
880 2616 954 2683 et
969 2613 1344 2705 aeqrotare
1377 2609 1622 2678 essent
1672 2603 1905 2677 idem.
1942 2602 2132 2674 Cum

586 2724 823 2822 igitur
855 2722 1283 2820 intellz‘qere
1359 2719 1456 2793 sit
1517 2728 1732 2793 actus
1781 2716 2137 2792 acciden-

589 2843 791 2936 talis,
877 2849 1330 2939 sequeretur
1381 2838 1582 2935 quod
1663 2837 1849 2910 illud
1931 2833 2133 2933 quod

588 2969 705 3035 est
751 2960 828 3032 in
890 2957 1234 3057 potentia
1295 2955 1641 3054 proxima
1695 2952 1789 3027 ad
1859 2950 2138 3025 intelli-

582 3100 788 3175 μεν-ε,
862 3084 977 3150 est
1026 3075 1103 3147 in
1163 3082 1334 3149 actu
1437 3069 1909 3171 simpliciter.
1957 3068 2135 3142 Ideo

588 3193 716 3267 ille
751 3201 865 3267 est
896 3191 1330 3266 intellectus
1363 3185 1909 3286 propositionis
1938 3184 2139 3259 Aris-

588 3309 868 3395 totelis,
916 3307 1121 3405 quod
1178 3330 1331 3380 non
1396 3312 1642 3402 potest
1701 3303 2137 3376 intellectus

590 3422 916 3519 intelligi
953 3431 1128 3496 ante
1198 3419 1533 3515 intelliyi
1582 3418 1937 3509 aliorum,
1992 3418 2137 3489 hoc

590 3549 731 3632 est,
778 3562 931 3612 non
968 3546 1216 3635 potest
1281 3559 1326 3610 a
1364 3558 1445 3609 se
1507 3535 1719 3631 prius
1779 3531 2131 3628 intelligi,

591 3657 967 3755 quianon
1042 3666 1219 3728 ante
1297 3652 1694 3750 quodlibet
1768 3652 2137 3748 phantas-

592 3781 914 3864 matum,
976 3771 1107 3844 sed
1167 3770 1363 3843 bene
1460 3778 1573 3842 est
1655 3766 2135 3861 intelligibile

590 3899 765 3964 ante
810 3887 1265 3984 inlelliqere.

212 4025 275 4042 “⁹2
342 4055 347 4056 ν
691 4006 839 4080 Per
905 4005 1107 4078 idem
1206 4004 1299 4076 ad
1384 4003 1667 4077 dictum
1752 4000 2133 4099 quoddam

592 4120 1261 4213 Commentatoris,
1340 4120 1539 4194 sicut
1613 4118 1929 4193 materia
2027 4127 2140 4191 est

591 4242 668 4315 in
704 4239 1046 4338 potentia
1078 4239 1173 4313 ad
1220 4261 1489 4313 omnes
1541 4237 1821 4311 formas
1880 4236 1972 4309 (le
2024 4259 2134 4328 se,

593 4359 702 4433 sic
755 4357 1188 4431 intellectus
1239 4355 1316 4429 in
1377 4378 1658 4451 genere
1702 4354 2141 4450 intelligibi-

596 4474 784 4548 liu'm
828 4497 871 4546 a
902 4495 1011 4565 se,
1058 4471 1249 4546 nihil
1293 4482 1407 4545 est
1447 4481 1621 4545 ante
1681 4470 2133 4566 inlellifsere.

598 4588 762 4662 Hoc
819 4610 968 4660 non
1044 4585 1459 4678 concludit,
1509 4585 1659 4658 nisi
1717 4586 1921 4682 quod
1987 4610 2140 4659 non

600 4705 848 4802 primo
890 4713 1003 4778 est
1043 4701 1523 4797 intelligibile
1566 4725 1608 4776 a
1640 4726 1747 4777 se.

1137 4957 1501 5014 SCHOLIUM
1544 4958 1611 5015 11.

677 5113 1022 5168 Refutantur
1051 5111 1304 5167 rationes
1338 5111 1551 5168 Hervaei
1581 5116 1636 5167 et
1666 5111 1899 5183 AEgidii,
1933 5114 2146 5167 adduc-

603 5209 676 5258 tae
710 5217 864 5257 num.
898 5202 952 5256 2.
987 5206 1041 5255 et
1070 5201 1122 5255 3.

389 5436 452 5502 7·
705 5382 812 5455 Ad
878 5380 1086 5455 aliud
1146 5403 1319 5454 cum
1374 5380 1675 5471 dicitur,
1726 5382 1924 5456 idem
1977 5383 2152 5457 sirn-

288 5554 544 5601 „ervoeus
607 5501 783 5599 plex
824 5506 1162 5572 creatum
1199 5520 1352 5570 non
1413 5506 1657 5594 potest
1708 5523 1874 5574 esse
1935 5502 2151 5597 prin-

273 5616 549 5728 imffigna-
609 5615 894 5713 cipium
998 5613 1306 5696 causale
1409 5615 1867 5708 multorum,
1982 5617 2150 5691 dico

2227 594 2432 693 quod
2475 593 2662 667 illud
2723 600 2836 667 est
2882 590 3185 680 salsum,
3245 580 3631 681 loquendo
3677 578 3770 652 de
3821 603 4096 716 ffiffissg‘g

2227 706 2604 808 principio
2656 705 3077 804 operativo,
3124 711 3195 776 et
3245 700 3474 774 etiam
3521 694 3767 770 activo
3800 733 4132 795 „ecepuvum

2230 836 2377 902 tam
2425 826 2501 900 in
2535 821 3177 921 incorporalibus,
3235 818 3431 892 sicut
3472 815 3547 887 in
3599 834 3769 885 cor-
3803 797 4134 909 ,32ffissffl

2130 988 2136 995 “
2229 943 2649 1043 POralibuS,
2683 941 2866 1038 quia
2896 937 3230 1013 essentia
3260 934 3540 1008 animae
3569 929 3646 1002 in
3690 949 3770 1000 se
3881 921 4043 970 dme-

2230 1060 2555 1156 simplex
2623 1066 2736 1131 est
2793 1054 3180 1151 receptiva
3235 1049 3580 1125 omnium
3636 1068 3774 1141 po-

2231 1176 2643 1251 tentiarum
2693 1196 3039 1264 suarum,
3077 1192 3254 1267 quae
3304 1175 3486 1240 sunt
3534 1163 3778 1236 diver-

2233 1317 2340 1367 sae
2391 1291 2644 1389 specie
2693 1319 2709 1382 3
2757 1290 2990 1386 igitur
3069 1287 3268 1361 sicut
3324 1284 3489 1382 ipse
3566 1277 3781 1378 ponit

2234 1410 2559 1507 simplex
2595 1407 3093 1505 receptivum,
3127 1404 3288 1502 ipse
3359 1400 3588 1474 habet
3641 1419 3781 1493 po-

2236 1551 2422 1601 nere
2458 1527 2706 1624 ipsum
2737 1546 2904 1598 esse
2958 1518 3421 1620 principium
3475 1514 3782 1589 causale

2238 1644 2746 1718 diversorum.
2805 1637 3173 1714 Similiter
3223 1636 3299 1708 in
3362 1628 3784 1729 corporali-

2242 1761 2388 1835 bus
2420 1760 2621 1855 ignis
2673 1756 3139 1857 estjcaliduS,
3185 1753 3567 1844 siccuS,et
3605 1771 3785 1822 neu-

2244 1889 2437 1952 trum
2499 1875 2880 1951 mediante
2946 1874 3211 1948 altero.
3278 1868 3403 1943 Sic
3472 1864 3788 1939 materia

2243 2003 2358 2069 est
2384 1991 2848 2091 principium
2882 1988 3353 2086 receptivum
3383 1982 3788 2058 immedia-

2241 2120 2403 2186 tum
2449 2111 2863 2184 formarum
2908 2106 3440 2180 distinctarum
3501 2098 3782 2200 specie,

2241 2228 2425 2325 quia
2467 2227 2655 2300 illud
2691 2224 2893 2323 quod
2928 2232 3042 2298 est
3083 2220 3610 2295 immediatum
3671 2239 3791 2290 re-

2242 2343 2626 2441 ceptivum
2691 2342 2954 2415 formae
3045 2335 3598 2424 substantialis,
3661 2340 3794 2407 aut

2243 2470 2358 2534 est
2415 2458 2734 2534 materia
2792 2459 2978 2542 sola,
3063 2456 3184 2529 vel
3244 2452 3535 2550 aliquid
3613 2473 3784 2525 cum

2246 2574 2564 2649 materia
2602 2574 2641 2646 ‘2
2690 2572 2771 2646 Si
2838 2570 3088 2669 primo
3151 2569 3403 2655 mod0‚
3466 2565 3793 2639 habetur

2243 2692 2747 2790 propositum.
2796 2689 2876 2763 Si
2917 2687 3257 2764 secundo
3313 2684 3568 2775 mode,
3614 2704 3787 2756 cum

2243 2817 2486 2883 totum
2524 2808 2711 2882 illud
2754 2806 2958 2904 quod
3000 2814 3116 2879 est
3155 2805 3247 2878 de
3299 2799 3634 2877 essentia
3673 2820 3794 2872 re-

2242 2926 2568 3024 ceptiva,
2615 2926 3075 3022 inquantum
3124 2919 3594 3019 receptivum
3657 2937 3794 3013 per

2242 3068 2352 3137 se,
2428 3042 2865 3116 includatur
2925 3040 3000 3113 in
3085 3038 3486 3138 producte,
3560 3031 3795 3131 igitur

2244 3162 2417 3238 duae
2454 3162 2716 3235 formae
2772 3157 3064 3233 similes
3122 3165 3349 3231 erunt
3415 3151 3645 3229 simul
3709 3147 3785 3220 in

2243 3281 2542 3374 eodem,
2572 3278 2776 3377 quod
2809 3288 3062 3352 tamen
3098 3276 3258 3375 ipse
3297 3282 3553 3371 negat,
3585 3270 3790 3345 acci-

2243 3398 2434 3473 dens
2492 3396 2636 3472 erit
2681 3395 2882 3470 intra
2943 3392 3354 3470 essentiam
3425 3391 3790 3465 substan-

2247 3515 2397 3590 tiae.
2463 3514 2541 3588 Si
2601 3513 2789 3587 illud
2849 3512 3086 3605 aliud,
3141 3509 3345 3609 quod
3432 3518 3546 3583 est
3612 3531 3786 3580 cum

2247 3632 2562 3706 materia
2657 3629 3183 3705 immediatum
3280 3626 3782 3724 receptivum,

2247 3775 2400 3824 non
2445 3750 2542 3824 sit
2574 3750 2818 3824 forma
2875 3744 3426 3837 substantialis,
3485 3743 3618 3817 sed
3673 3765 3788 3816 ac-

2244 3870 2536 3962 cidens,
2592 3867 2826 3963 igitur
2941 3865 3130 3939 illud
3244 3860 3778 3961 approprianS,

2245 3986 2446 4084 quod
2483 3985 2645 4081 ipse
2688 3983 2926 4080 ponit,
2991 4005 3144 4056 non
3209 3978 3350 4056 erit
3426 4001 3602 4077 pars
3643 3976 3786 4049 im-

2248 4102 2570 4178 mediate
2602 4100 2990 4198 receptivi.

2342 4220 2453 4293 Ad
2509 4218 2716 4292 aliud
2794 4240 2966 4290 cum
3045 4216 3351 4309 dicitur,
3431 4214 3785 4290 accidens
3972 4229 4047 4296 8,

2246 4335 2613 4410 variabile
2686 4334 3044 4432 recipitur
3120 4333 3503 4409 mediante
3572 4332 3790 4404 inva-
3862 4344 4150 4415 Atta-:gi-

2248 4452 2527 4546 riabili,
2563 4475 2713 4527 non
2757 4451 3062 4527 videtur
3119 4475 3287 4527 esse
3356 4450 3508 4525 alia
3565 4449 3786 4543 rati0,
3904 4408 4096 4459 ‘hum'

2249 4571 2397 4645 nisi
2475 4571 2658 4670 quia
2701 4570 3154 4646 invariabile
3223 4572 3648 4645 secundum
3711 4594 3790 4644 se

2249 4712 2407 4762 non
2441 4697 2884 4786 potestesse
2944 4688 3476 4765 immediatum
3544 4713 3796 4788 recep·

2252 4804 2494 4876 tivum
2529 4804 3086 4894 variabilitatis,
3143 4807 3328 4904 quia
3357 4807 3420 4882 si
3471 4807 3800 4884 invaria-

2252 4920 2402 4994 bile
2437 4922 2864 4994 secundum
2911 4946 2992 4996 se
3046 4933 3300 5018 posset
3358 4924 3796 5001 immediate

2255 5037 2594 5134 recipere
2680 5038 3037 5112 accidens
3127 5040 3523 5134 variabile,
3582 5043 3796 5116 nulla

2254 5154 2673 5227 necessitas
2727 5164 2840 5228 est
2892 5178 3178 5252 ponere
3224 5157 3475 5254 ipsum
3562 5159 3797 5257 recipi

2259 5268 2641 5344 mediante
2674 5271 2850 5345 alio.
2898 5271 2978 5345 Si
3019 5282 3273 5348 autem
3328 5298 3483 5348 non
3527 5278 3796 5372 possit,

2257 5388 2692 5461 necessario
2776 5389 3125 5486 sequitur
3210 5413 3617 5488 processus
3719 5393 3797 5466 in

2257 5503 2676 5597 infinitum,
2707 5505 2876 5580 ideo
2911 5506 3099 5580 ratio
3140 5507 3328 5580 nihil
3369 5509 3594 5583 valet.

2353 5622 2466 5706 Ad
2518 5622 2723 5696 aliud
2809 5623 3125 5698 alterius
3195 5624 3546 5701 Doctoris
3618 5626 3800 5702 dicit
