4295 6326
242 3275 350 3342 14.

122 3388 199 3440 Ad
233 3403 426 3439 secun·

146 3453 290 3501 darn.
324 3454 415 3501 Vi-

140 3515 277 3564 deus
308 3516 426 3564 infl-

120 3577 294 3627 nitum
333 3593 443 3630 non

122 3641 244 3690 ideo
278 3656 419 3691 com·

124 3705 442 3766 prehendit.

154 3766 291 3823 Quid
327 3773 410 3817 est

166 3844 405 3943 {22³3ss

1513 410 1738 479 DIST.
1787 410 1977 483 XIV.
2029 412 2448 493 QUAESTIO
2489 415 2575 484 11.

498 598 651 650 non
689 574 971 652 sufficit
1019 579 1113 653 ad
1174 581 1572 656 unitatem.
1640 582 2033 678 Similiter,

497 691 560 766 si
632 694 1012 792 objectum
1090 708 1205 771 est
1293 698 1788 794 illimitatum,
1874 711 2034 775 esto

496 811 695 906 quod
745 821 894 885 tota
925 811 1116 886 visio
1151 814 1397 889 activa
1438 816 1530 889 sit
1567 816 1662 890 ab
1704 816 2029 913 objecto,

493 928 743 1003 adhuc
786 941 1035 1028 potest
1066 955 1384 1007 causare
1417 934 1760 1009 diversas
1793 934 2032 1009 visio-

493 1068 630 1120 nes
670 1048 926 1144 specie
960 1048 1034 1120 in
1079 1048 1404 1125 diversis
1435 1052 1707 1148 passis.
1746 1053 1837 1125 Et
1868 1062 2029 1126 esto

492 1163 697 1259 quod
731 1174 989 1239 essent
1020 1166 1325 1262 passiva
1349 1168 1691 1263 ejusdem
1721 1168 2028 1266 speciei,

490 1291 808 1377 possent
845 1282 1185 1358 visiones
1218 1285 1587 1382 distingui
1645 1286 1899 1383 specie
1932 1286 2026 1360 ab

487 1397 783 1494 objecto
878 1401 1147 1476 eodem
1243 1403 1574 1478 habente
1682 1403 2026 1478 diversas

487 1514 826 1589 visiones
877 1516 957 1589 in
1011 1517 1325 1592 unitate.
1379 1518 1649 1616 Neque
1701 1519 2026 1594 habetur

486 1655 531 1705 a
590 1633 1091 1733 Philosopbo,
1142 1637 1212 1709 2.
1286 1638 1378 1711 de
1441 1639 1760 1728 Anima,
1834 1644 2018 1712 ἰαί.

484 1749 603 1823 33.
652 1752 855 1846 quod
885 1752 1244 1828 identitas
1275 1755 1553 1851 objecti
1595 1754 1879 1829 sufficit
1928 1756 2022 1831 ad

481 1867 953 1942 identitatem
988 1879 1228 1943 actus,
1276 1872 1366 1943 Et
1406 1871 1515 1944 sic
1573 1872 1642 1944 7.
1703 1871 2015 1972 physic.

482 1989 666 2058 teoet.
705 1985 824 2057 21.
864 2009 952 2060 ex
988 1986 1425 2062 diversitate
1459 1987 1819 2086 specifica
1867 1999 2024 2064 ter-

485 2100 671 2175 mini
748 2104 945 2179 bene
1006 2112 1254 2202 potest
1355 2130 1522 2181 esse
1618 2107 2021 2183 diversitas

482 2227 733 2293 motus
766 2219 1047 2316 specie,
1086 2245 1237 2294 non
1275 2230 1525 2296 tamen
1587 2246 1680 2297 ex
1739 2222 2020 2297 identi-

479 2343 629 2409 tate
692 2336 999 2410 termini
1083 2337 1440 2413 identitas
1501 2349 1778 2434 motuS,
1838 2341 2021 2439 quia

479 2450 573 2524 ad
642 2450 999 2526 eumdem
1084 2453 1501 2528 terminum
1587 2455 1842 2553 specie
1946 2467 2020 2531 et

477 2591 801 2643 numero
845 2579 1093 2666 potest
1124 2595 1292 2646 esse
1348 2581 1600 2646 motus
1650 2583 1902 2648 rectus
1946 2585 2020 2648 et

480 2684 906 2779 circularis,
960 2686 1092 2784 qui
1147 2695 1400 2762 tamen
1469 2700 1650 2763 sunt
1725 2690 2019 2765 incom-

481 2802 913 2899 possibiles.
954 2802 1033 2876 Si
1093 2813 1351 2879 autem
1403 2806 1686 2880 alicubi
1730 2807 1834 2881 ita
1873 2818 2013 2902 est,

478 2921 681 3018 quod
742 2944 835 2994 ex
924 2920 1316 2997 identitate
1412 2923 1687 3020 objecti
1779 2926 2019 3023 possit

479 3037 699 3133 argui
740 3037 1099 3113 identitas
1132 3049 1372 3133 actuS,
1414 3042 1556 3114 hoc
1619 3051 1734 3116 est
1766 3044 2017 3117 solum

479 3155 569 3229 de
604 3153 900 3251 objecto
934 3155 1338 3254 adaequato
1372 3158 1599 3232 actui.

573 3273 686 3346 Ad
732 3274 1149 3348 secundam
1213 3274 1771 3372 probationem,
1839 3301 2015 3351 cum

478 3390 757 3465 dicitur
831 3391 1037 3489 quod
1095 3391 1158 3465 si
1225 3392 1659 3468 intellectus
1734 3396 2014 3470 animae

476 3509 770 3583 videret
838 3509 1218 3605 obJectum
1281 3533 1418 3607 per
1476 3511 1847 3586 rationem
1893 3513 2015 3586 in-

477 3625 701 3719 finiti,
765 3635 948 3699 tunc
1007 3628 1694 3723 comprehenderet
1746 3652 2015 3703 essen-

475 3742 686 3815 tiam.
726 3740 909 3815 Dico
953 3742 1157 3838 quod
1200 3766 1354 3816 non
1395 3744 1770 3842 sequitur,
1831 3746 2014 3843 quia

473 3881 876 3956 nunquam
935 3869 1048 3933 est
1097 3863 1686 3957 comprehensio
1733 3864 2009 3960 objecti

474 3999 517 4049 a
547 3975 908 4072 potentia,
951 3976 1096 4049 nisi
1129 3977 1437 4073 quando
1470 3987 1677 4053 tanta
1724 3990 1838 4054 est
1888 3980 2012 4053 in-

478 4091 955 4167 tellectivitas
1034 4094 1397 4190 potentiae
1478 4094 2004 4192 intelligentis,

474 4218 761 4304 quanta
792 4217 906 4281 est
938 4206 1523 4304 intelligibilitas
1582 4210 1857 4307 objecti
1903 4212 2013 4285 in-

473 4324 1302 4418 tellecti3alitereni1n
1366 4336 1581 4402 actus
1644 4352 1798 4401 non
1869 4353 2011 4426 po-

467 4454 614 4518 test
707 4467 874 4518 esse
968 4445 1419 4542 adaequatus
1505 4446 1828 4542 objectO,
1935 4457 2009 4522 et

470 4571 779 4658 propter
809 4562 955 4634 hoc
995 4561 1336 4659 potentia
1383 4562 1554 4637 talis
1588 4587 1741 4638 non
1794 4589 2010 4639 com-

470 4677 875 4776 prehendit
905 4677 1314 4774 objectum.

566 4794 861 4868 Dicitur
894 4803 1142 4868 tamen
1179 4794 1273 4867 ab
1316 4795 1486 4870 aliis
1527 4798 1730 4894 quod
1782 4799 2006 4895 quie-

471 4919 672 4985 tatur
729 4910 1163 4984 intellectus
1222 4911 1504 4987 animae
1576 4913 1854 4988 Christi
1923 4915 2001 4989 in

471 5029 611 5101 hoc
645 5027 848 5123 quod
879 5026 1085 5099 videt
1126 5028 1568 5122 essentiam,
1617 5041 1686 5103 et
1739 5029 2004 5104 intini-

469 5154 580 5218 tas
670 5144 1228 5219 concomitatur
1310 5148 1748 5221 essentiam.
1851 5149 2000 5224 Sed

465 5261 649 5335 illud
720 5286 868 5334 non
927 5261 1155 5351 valet,
1224 5262 1406 5359 quia
1478 5266 2002 5341 concomitans

468 5406 620 5454 non
713 5380 1031 5478 quietat,
1122 5380 1268 5453 nisi
1364 5380 1617 5480 ipsum
1715 5384 1998 5461 directe

465 5495 841 5588 videatur,
901 5495 1080 5593 quia
1135 5495 1307 5569 licet
1366 5497 1635 5573 videns
1701 5502 2001 5576 colora-

465 5621 622 5684 tum
680 5611 1018 5709 aliquod,
1083 5611 1420 5686 viderem
1477 5627 1997 5714 quotcumque

3576 419 3703 486 349

2147 588 2446 663 colores
2494 591 3223 683 concomitarentur,
3262 596 3412 672 nisi
3453 599 3525 671 in
3563 600 3696 672 illo

2145 706 2353 801 quod
2386 708 2793 802 ego'video
2835 711 3118 788 directe
3169 717 3696 792 contineretur

2144 822 2544 916 quodlibet
2633 826 2964 921 visibile,
3054 855 3523 932 quamquam
3611 834 3689 908 in

2142 938 2706 1015 concomitante
2838 944 3388 1042 includeretur,
3532 960 3687 1023 non

2144 1051 2624 1147 quietaretur
2692 1057 2909 1133 visus
2964 1086 3207 1157 meus,
3272 1065 3421 1139 nisi
3469 1067 3687 1141 vide-

2137 1190 2301 1242 rem
2336 1170 2526 1246 illud
2556 1178 3121 1274 concomitans3
3152 1181 3260 1255 sic
3291 1182 3368 1255 in
3398 1207 3684 1284 propo-

2135 1285 2306 1361 sito.

2232 1405 2346 1477 Ad
2405 1406 2639 1499 aliud,
2724 1410 2891 1485 dico
2960 1415 3165 1511 quod
3242 1417 3318 1490 in
3383 1418 3676 1495 visione
3828 1423 3929 1489 15.

2132 1523 2468 1595 naturali
2501 1548 2653 1598 non
2706 1528 3125 1625 requiritur
3187 1532 3444 1609 lumen
3495 1561 3679 1634 pro-
3735 1535 4007 1660 Agdusseffi‘

2133 1636 2671 1734 portionabile,
2772 1643 2922 1717 nisi
3013 1647 3198 1743 quia
3289 1651 3674 1748 objectum
3799 1666 3931 1712 tum.

2133 1775 2287 1825 non
2366 1765 2482 1829 est
2544 1758 3016 1837 sufficienter
3072 1764 3231 1857 lux,
3294 1768 3414 1841 vel
3493 1770 3677 1866 quia

2131 1890 2287 1940 non
2358 1880 2607 1966 potest
2665 1874 2908 1949 videri
2996 1877 3162 1953 sine
3247 1882 3443 1957 luce.
3524 1884 3673 1960 Sed

2129 1987 2439 2083 quando
2474 1989 2859 2086 obJectum
2911 2017 3005 2067 ex
3056 2019 3137 2070 se
3192 2005 3433 2072 totum
3487 2025 3677 2099 sup-

2127 2103 2286 2199 plet
2316 2105 2519 2200 quod
2554 2118 2756 2181 esset
2796 2110 3281 2207 requisitum,
3320 2115 3422 2189 ibi
3446 2122 3675 2214 'quae-

2125 2240 2294 2293 rere
2326 2218 2537 2294 aliud
2600 2224 2861 2299 lumen
2919 2238 3118 2301 esset
3169 2229 3417 2306 simile
3471 2255 3675 2330 quae-

2127 2334 2323 2409 renti
2369 2337 2768 2414 candelam
2802 2342 2896 2415 ad
2931 2343 3344 2420 videndum
3380 2349 3663 2426 Solem.

2228 2463 2639 2562 Praeterea,
2683 2478 2758 2542 et
2798 2471 2861 2544 si
2907 2472 3128 2569 plura
3178 2476 3672 2573 requirantur

2127 2578 2203 2651 in
2241 2578 2736 2657 inferioribus
2769 2585 2859 2658 ad
2896 2597 3178 2683 actum,
3223 2615 3376 2665 non
3422 2605 3671 2690 potest

2125 2696 2345 2792 argui
2380 2699 2584 2793 quod
2622 2708 2726 2773 tot
2766 2703 3259 2800 requirantur
3313 2708 3386 2781 in
3441 2735 3671 2811 supe-

2125 2812 2459 2887 rioribus
2497 2841 2514 2907 3
2551 2838 2644 2889 ex
2678 2818 3114 2913 pluralitate
3148 2824 3351 2898 enim
3400 2828 3673 2929 imper-

2124 2926 2496 3003 sectorum
2531 2955 2683 3005 non
2717 2944 2962 3031 potest
3005 2940 3221 3035 argui
3268 2944 3670 3039 pluralitas

2124 3047 2663 3142 perfectorum,
2752 3052 2935 3148 quia
3054 3077 3232 3152 quae
3334 3066 3660 3159 sparsim

2124 3162 2622 3239 continentur
2663 3166 2741 3239 in
2798 3168 3315 3265 inferioribus,
3373 3180 3666 3257 unitive

2123 3281 2619 3356 continentur
2649 3284 2725 3357 in
2761 3287 3317 3383 superioribus.

2219 3406 2330 3479 Ad
2365 3406 2573 3481 aliud
2615 3432 2790 3483 cum
2838 3410 3142 3509 dicitur,
3203 3440 3356 3492 non
3418 3432 3665 3519 potest
3797 3443 3902 3514 16,

2121 3545 2290 3598 esse
2323 3533 2538 3599 actus
2589 3525 2691 3600 ita
2746 3531 3128 3625 perfectus
3196 3546 3369 3612 ante
3440 3541 3663 3616 habi-
3721 3559 3800 3610 Ad
3830 3573 3985 3624 quar-

2119 3646 2279 3712 tum
2334 3638 2531 3715 sicut
2575 3651 2772 3739 post,
2836 3644 3005 3719 dico
3060 3651 3264 3746 quod
3336 3655 3479 3730 hoc
3547 3669 3661 3734 est
3691 3624 4008 3735 ‘uiss'ussiig‘

2119 3778 2386 3828 verum
2435 3755 2510 3827 in
2556 3758 2817 3831 habitu
2854 3764 3154 3858 morali,
3223 3767 3508 3866 duplici
3565 3774 3657 3849 de
3689 3750 4007 3873 ῗαοῖἔῖἶεζῗ

2119 3894 2377 3956 causa,
2415 3874 2536 3952 vel
2604 3874 2787 3970 quia
2840 3880 3181 3972 potentia
3241 3884 3333 3959 de
3385 3911 3465 3961 se
3498 3914 3652 3966 non
3712 3876 3974 3985 Ἥξχξῖῗᾷᾓ,

2118 3997 2229 4061 est
2270 4010 2568 4064 summe
2621 3989 2987 4068 inclinata
3045 3996 3136 4070 ad
3190 4011 3471 4098 actum,
3535 4012 3653 4085 vel
3721 4001 3973 4060 ”²⁹⁰⁸‘5'

2119 4102 2302 4198 quia
2332 4103 2715 4198 objectum
2744 4130 2898 4180 non
2964 4114 3365 4208 aequaliter
3412 4132 3660 4217 potest

2116 4242 2343 4314 agere
2377 4218 2452 4291 in
2498 4222 2916 4316 potentiam
2968 4249 3122 4301 non
3176 4229 3651 4333 inclinatam,

2115 4333 2417 4409 sicutin
2462 4337 2878 4432 potentiam
2923 4340 3365 4422 inclinatam
3406 4378 3423 4439 ;
3461 4378 3655 4431 neu-

2113 4458 2316 4524 trum
2350 4461 2463 4525 est
2498 4475 2761 4526 verum
2799 4454 2877 4528 in
2913 4462 3327 4556 propositO.

2210 4565 2348 4640 Vel
2390 4567 2611 4642 aliter
2660 4569 2857 4665 dico,
2930 4575 3135 4671 quod
3186 4583 3653 4675 perfectissi-
3684 4571 4000 4682 Αξζῖῗιῖἶξθ

2115 4706 2286 4757 mus
2318 4694 2535 4759 actus
2567 4683 3044 4785 intelligendi
3086 4703 3460 4775 naturalis
3509 4730 3652 4804 po-
3682 4700 3998 4809 Ρζξῗξξῑξὲξῑῗ

2111 4810 2256 4874 test
2290 4801 2550 4875 haberi
2594 4812 2768 4877 ante
2801 4805 3176 4903 habitum,
3223 4816 3406 4911 quia
3435 4813 3653 4917 prin·
3682 4773 3714 4822 p
3905 4784 3928 4808 θ

2111 4918 2310 5014 cipia
2369 4920 2933 5015 cognoscimuS,
2989 4923 3446 5024 inquantum
3496 4947 3652 5014 ter—

2112 5033 2364 5107 minos
2454 5037 3018 5133 cognoscimuS,
3114 5043 3282 5119 ideo
3383 5055 3651 5133 notitia

2109 5151 2612 5224 terminorum
2666 5163 2913 5250 potest
2958 5180 3124 5234 esse
3185 5168 3653 5260 perse-crissi·-

2113 5291 2236 5343 ma
2304 5269 2654 5365 negative
2709 5282 2883 5346 ante
2947 5275 3288 5354 habitum
3358 5289 3648 5382 princi-

2109 5382 2441 5480 piorum,
2523 5386 2705 5483 quia
2789 5411 3152 5467 assensus
3212 5397 3647 5485 intellectus

2109 5499 2452 5597 ipsorum
2557 5502 3052 5603 simplicium,
3155 5525 3235 5587 ut
3342 5525 3642 5600 termini

2106 5628 2286 5692 sunt
2346 5642 2479 5716 per
2538 5642 2617 5694 se
2665 5621 2848 5715 noti,
2896 5634 3144 5728 potest
3200 5654 3367 5709 esse
3439 5642 3646 5737 prior

3776 4835 3912 4871 mus.
