4295 6326
1982 403 2267 479 INDEX
3604 411 3730 484 663

1202 905 1739 987 DISTINCTIO
1796 912 2570 1002 QUADRAGESIMA
2625 915 3037 1004 QUARTA.

513 1265 874 1336 QUAESTtO
920 1267 1186 1329 UNICA.
1236 1269 1454 1330 Utrum
1492 1270 1769 1350 potentia
1803 1272 2100 1350 peccandi
2134 1275 2216 1334 sit
2245 1294 2280 1336 a
2325 1278 2452 1336 Deo
2465 1323 3444 1346 ..........
3610 1289 3724 1350 231

1237 2039 1856 2165 LIBER
2025 2050 2981 2181 TERTIUS.

2024 2405 2222 2416 ——n

1634 2757 2174 2835 DISTINCTIO
2231 2759 2566 2835 PRIMA.

498 3095 858 3170 QUAESTIO
942 3094 989 3157 1.
1036 3099 1262 3160 Utrum
1311 3098 1607 3179 possibile
1656 3098 1735 3159 sit
1791 3103 2081 3159 naturam
2127 3095 2472 3159 humanam
2533 3098 2953 3179 personaliter
2998 3097 3335 3159 subsistere
3365 3097 3429 3157 in

1096 3216 1365 3279 persona
1382 3197 1639 3260 alterius
1659 3203 1927 3276 naturae,
1954 3199 2050 3260 vel
2081 3199 2142 3259 in
2176 3198 2299 3260 alia
2332 3204 2576 3262 natura.
2670 3247 2685 3261 .
2775 3245 2790 3261 .
2819 3224 2822 3227 ·
2881 3240 3426 3260 ......
3592 3197 3710 3257 234

908 3299 987 3358 11.
1036 3300 1257 3360 Utrum
1289 3298 1584 3379 possibile
1614 3299 1697 3361 sit
1740 3306 2032 3360 naturam
2083 3297 2430 3361 humanam
2476 3299 2888 3381 personaliter
2945 3296 3106 3360 uniri
3166 3296 3276 3359 uni
3305 3294 3423 3358 soli

1096 3416 1378 3477 personoe
1454 3398 1681 3461 divinae
1690 3441 3410 3462 .................
3579 3395 3700 3457 238

898 3497 1004 3558 111.
1051 3500 1275 3560 Utrum
1307 3505 1536 3560 natura
1565 3497 1843 3561 humana
1885 3500 2084 3579 possit
2111 3500 2437 3579 personari
2459 3499 2644 3560 simul
2677 3499 2735 3559 in
2769 3498 2967 3561 tribus
3000 3496 3303 3578 personis.
3395 3543 3409 3557 .
3577 3495 3695 3555 244

893 3598 998 3660 IV.
1046 3598 1268 3660 Utrum
1301 3598 1598 3679 possibile
1627 3598 1708 3660 sit
1734 3598 1948 3679 plures
1979 3605 2238 3661 naturas
2260 3617 2391 3661 esse
2407 3605 2763 3678 assumptas
2791 3598 2977 3660 simul
3008 3597 3087 3659 ab
3119 3616 3244 3659 una
3275 3615 3416 3678 per-

1091 3716 1246 3758 sona
1269 3740 3414 3762 .....................
3581 3698 3697 3756 245

928 3798 1001 3860 V.
1049 3799 1272 3860 Utrum
1304 3800 1698 3882 suppositum
1731 3805 2011 3862 creatum
2047 3804 2256 3879 posset
2284 3803 2632 3860 sustentare
2665 3797 2855 3861 aliam
2889 3804 3204 3860 naturam.
3296 3841 3311 3857 .
3404 3842 3418 3857 .
3542 3792 3699 3856 ibid.

1573 4202 2116 4281 DISTINCTIO
2175 4205 2657 4282 SECUNDA.

495 4546 717 4619 QUAES
737 4548 852 4609 ΠΟ
937 4548 984 4608 1.
1032 4547 1253 4611 Utrum
1287 4553 1416 4610 tota
1447 4553 1672 4609 natura
1701 4545 1979 4610 humana
2009 4549 2129 4610 fuit
2156 4548 2359 4629 primo
2391 4554 2452 4610 et
2483 4548 2845 4611 immediate
2877 4550 3052 4612 unita
3079 4552 3307 4614 Verbo.
3401 4597 3415 4613 .
3582 4555 3696 4616 251

906 4649 982 4710 ΙΙ.
1031 4651 1253 4712 Utrum
1286 4647 1584 4727 possibile
1615 4648 1696 4710 sit
1744 4647 2025 4729 aliquam
2067 4653 2361 4711 naturam
2395 4649 2723 4729 personari
2770 4649 2998 4725 Verb0,
3034 4656 3100 4712 et
3145 4671 3270 4713 non
3304 4652 3426 4714 frui

1106 4753 1257 4815 Deo.
1367 4797 1381 4813 .
1482 4793 1497 4810 .
1586 4795 1603 4810 .
1695 4795 1711 4811 .
1799 4787 1826 4812 .·
1906 4791 3422 4819 ...............
3588 4754 3706 4817 256

1612 5137 2153 5217 DISTINCTIO
2205 5142 2576 5218 TERTIA.

1655 5354 1742 5419 De
1783 5362 2065 5439 conceptu
2101 5353 2182 5417 B.
2241 5351 2534 5438 Virqim's.

489 5659 845 5738 QUAESTIO
932 5665 981 5724 Ι.
1027 5665 1249 5725 Utrum
1281 5665 1351 5725 B.
1385 5662 1578 5746 Virgo
1600 5669 1905 5747 concepta
1929 5662 2044 5727 ruit
2071 5662 2135 5728 in
2157 5670 2418 5747 peccato
2449 5665 2738 5748 originali
2746 5711 3403 5731 .......
3568 5662 3682 5734 261
