4295 6326
1587 439 1814 509 DIST.
1865 440 1955 510 11.
2007 439 2424 522 QUAESTIO
2473 445 2526 514 1.

3551 454 3674 522 251

1346 905 2474 1183 DISTINOTIO
2611 989 2821 1185 Π.
2953 1109 2960 1118 ,

994 1673 1388 1752 QUAESTIO
1433 1682 1480 1745 1.

474 1838 720 1906 [strum
751 1849 893 1908 lota
935 1855 1193 1913 natura
1236 1850 1553 1918 humana
1588 1853 1733 1940 fuit
1775 1859 2009 1944 primo

718 1957 781 2017 et
801 1949 1199 2022 immediate
1232 1958 1436 2024 unita
1483 1958 1695 2029 Verbo
1722 1961 1762 2028 P

465 2137 669 2195 Aleos.
704 2140 756 2196 3.
786 2158 841 2213 p.
875 2159 926 2214 q.
985 2145 1039 2198 4.
1091 2162 1164 2200 m.
1213 2147 1267 2204 5.
1319 2148 1386 2204 D.
1437 2151 1638 2209 Thom.
1684 2155 1739 2212 3.
1783 2173 1840 2228 p.
1873 2174 1925 2229 q.
1948 2159 2002 2212 6.

538 2215 652 2266 art.
698 2214 752 2266 2.
803 2217 854 2268 et
900 2218 954 2270 5.
1013 2221 1076 2273 D.
1132 2221 1341 2276 Bonav.
1392 2223 1482 2277 hic
1536 2228 1642 2280 art.
1678 2228 1728 2282 3.
1759 2245 1810 2297 q.
1840 2246 1878 2284 1.
1915 2230 2007 2285 Ri-

536 2281 740 2337 chard.
778 2293 891 2341 arc.
925 2287 978 2340 2.
1013 2295 1208 2358 quaest.
1231 2308 1268 2347 1.
1303 2301 1354 2348 et
1381 2295 1433 2348 2.
1467 2294 1688 2352 Max-sil.
1718 2300 1843 2355 dist.
1875 2301 1927 2355 3.
1951 2319 2000 2369 q.

535 2353 588 2408 3.
626 2355 831 2414 Palud.
864 2374 915 2428 q.
948 2359 1001 2414 2.
1037 2360 1248 2416 Suarez
1279 2369 1406 2422 tom.
1442 2383 1477 2422 ι.
1511 2367 1652 2436 disp.
1689 2371 1773 2426 16.
1807 2376 1861 2427 et
1919 2375 1999 2428 17.

520 2421 880 2572 ’ἔέἔέι.ᾳ3.2ρ.
912 2429 1054 2503 disp.
1086 2433 1176 2487 38.
1208 2439 1262 2490 et
1285 2436 1373 2492 39.
1409 2438 1583 2495 Gabr.
1617 2440 1705 2497 hic
1750 2458 1804 2515 q.
1850 2445 2000 2502 unic.

236 2735 266 2799 ¹
558 2674 774 2762 Quod
844 2703 1026 2754 non.
1118 2681 1648 2765 Damascenus
1716 2691 1846 2790 lib.
1921 2694 1991 2769 3.

199 2786 322 2913 An}-
458 2817 624 2892 cap.
655 2793 854 2908 6.th
883 2798 1197 2895 ponitur
1227 2802 1303 2876 in
1341 2804 1626 2883 littera:
1673 2810 1995 2887 Verbum

135 2910 371 2965 Primum
454 2912 864 3009 assumpsit
905 2939 1212 2993 carnem
1268 2923 1651 2999 mediante
1701 2929 1989 3024 anima,

452 3033 525 3100 et
567 3026 769 3102 idem
808 3033 974 3106 vult
1010 3036 1517 3136 Augustinus,
1555 3052 1628 3116 et
1681 3045 1994 3142 ponitur

454 3143 532 3218 in
568 3144 841 3224 littera.

548 3263 759 3352 Item,
818 3291 997 3365 pars
1064 3282 1177 3346 est
1234 3275 1444 3373 prior
1508 3287 1709 3375 toto;
1756 3281 1990 3379 igitur

410 3402 849 3475 ,assumens
930 3394 1168 3463 totum
1258 3393 1473 3490 prius
1572 3403 1986 3501 assumpsit

443 3507 767 3593 partem.

540 3615 758 3713 Item,
822 3621 1039 3717 prius
1104 3634 1217 3700 est
1274 3651 1319 3702 a
1368 3652 1519 3728 quo
1579 3657 1735 3708 non
1796 3660 1980 3712 con-

438 3734 765 3809 vertitur
791 3744 1342 3838 consequentia
1370 3775 1389 3841 3
1437 3749 1567 3824 sed
1598 3754 1974 3851 sequitur,

443 3860 680 3926 totum
753 3858 1201 3956 assumitur,
1251 3862 1486 3960 igitur
1542 3893 1721 3967 pars
1770 3896 1980 3948 assu-

441 3968 701 4066 mitur,
773 3983 846 4049 et
932 4000 1084 4052 non
1154 3984 1661 4082 convertitur3
1744 3989 1977 4087 igitur

433 4086 648 4182 prius
684 4114 860 4187 pars
907 4116 1138 4191 quam
1172 4107 1442 4175 totum.

532 4211 746 4297 Item,
857 4214 1278 4290 secundum
1404 4218 1971 4301 Damascenum

432 4343 597 4418 cap.
637 4323 754 4397 73.
799 4325 1021 4416 Quod
1041 4334 1269 4429 prius
1300 4342 1736 4438 assumpsit,
1778 4368 1967 4420 mm·

427 4461 656 4535 quam
691 4441 1032 4532 dimz'sc‘t;
1079 4451 1214 4524 sed
1274 4463 1564 4530 certum
1611 4468 1726 4534 est
1764 4463 1970 4559 quod

424 4553 503 4627 in
538 4568 780 4634 morte
813 4560 1162 4641 Christus
1216 4568 1503 4647 dimisit
1543 4582 1774 4653 totam
1825 4603 1970 4654 na-

420 4679 671 4748 turam
715 4690 1093 4775 quantum
1127 4686 1221 4759 ad
1269 4691 1745 4788 totalitatem,
1793 4697 1968 4775 licet

422 4811 577 4863 non
644 4805 929 4892 partes,
1011 4801 1230 4877 aliter
1285 4829 1442 4881 non
1500 4808 1769 4888 fuisset
1836 4814 1963 4892 ille

419 4904 649 4982 homo
680 4934 860 5011 vere
896 4926 1269 4994 mortuus.

516 5023 748 5114 Item,
826 5034 1032 5129 quod
1112 5041 1529 5139 assumpsit
1604 5056 1959 5124 naturam

417 5143 801 5222 mediante
862 5153 1134 5249 gratia,
1182 5156 1488 5235 videtur
1527 5168 1958 5243 secundum

414 5258 934 5357 Augustinum
1014 5270 1129 5344 13.
1215 5275 1306 5350 de
1374 5277 1736 5358 Trinitate
1837 5285 1951 5360 19.

411 5399 708 5457 summa
734 5386 988 5481 qratia
1017 5391 1429 5491 mediante,
1467 5404 1603 5475 etc.

507 5496 984 5600 Oppositum,
1048 5506 1113 5582 si
1155 5534 1307 5586 non
1352 5527 1553 5591 esset
1616 5526 1774 5595 tota
1809 5545 1953 5597 na·-

409 5616 573 5688 1ura
660 5619 911 5716 primo
1009 5640 1433 5729 assumpta,
1502 5658 1660 5743 non
1748 5650 1949 5716 esset

159 3299 353 3352 Secun-

182 3362 328 3416 dum.

127 3667 373 3726 Tertium.

110 4243 371 4303 Quartum.

119 5057 366 5121 Quintum.

137 5528 333 5588 Contra.

2130 1475 2426 1541 tantum
2480 1492 2632 1544 una
2676 1473 3130 1570 assumptio,
3177 1474 3357 1573 quia
3410 1478 3678 1551 multi-

2127 1582 2599 1679 plicarentur
2639 1588 3205 1686 assumptiones
3246 1594 3672 1668 secundum

2124 1699 2523 1794 terminos.

2223 1817 2437 1908 ltem,
2494 1821 2699 1915 quod
2760 1845 2915 1895 non
2988 1824 3370 1908 mediante
3421 1827 3669 1921 gratia

2120 1932 2217 2006 sit
2243 1943 2520 2009 natura
2561 1937 2780 2012 unita
2817 1939 3101 2034 Verbo,
3135 1941 3318 2046 quia
3344 1943 3666 2042 illapsus

2117 2052 2501 2145 generalis
2542 2062 2656 2128 est
2713 2055 3159 2132 immediate
3192 2084 3237 2131 a
3265 2059 3657 2156 Trinitate‚

2117 2177 2191 2242 et
2251 2193 2406 2242 non
2465 2170 2845 2247 mediante
2915 2174 3173 2272 aliquo
3216 2178 3654 2274 accidente3

2118 2284 2350 2381 igitur
2389 2285 2711 2385 illapsus
2760 2291 3116 2387 specialis
3175 2293 3253 2365 in
3300 2304 3655 2370 naturam

2117 2403 2407 2478 unitam
2479 2428 2632 2479 non
2711 2406 2852 2481 erit
2919 2409 3301 2486 mediante
3398 2413 3655 2511 aliquo

2110 2520 2528 2596 accidente.

2656 2792 3019 2852 SCHOLIUM
3064 2799 3107 2853 Ι.

2179 2941 2385 3015 Rejicit
2415 2959 2514 2999 sex
2540 2944 2866 3003 rationibus
2888 2946 3235 3005 sententiam
3287 2954 3649 3008 asserentem

2103 3048 2316 3105 corpus
2348 3035 2572 3091 assumi
2603 3036 2894 3094 mediante
2925 3040 3148 3106 anima,
3171 3043 3227 3096 et
3279 3040 3522 3111 explicat
3556 3058 3652 3097 or-

2101 3122 2319 3192 dinem,
2354 3123 2456 3196 qui
2486 3124 2581 3183 hic
2607 3126 2854 3201 intelligi
2883 3133 3074 3201 potest
3102 3129 3473 3189 intervenire.
3506 3131 3648 3190 Vide

2103 3214 2265 3271 Doct.
2299 3214 2358 3272 in
2389 3219 2569 3274 Oxon.
2602 3217 2697 3275 hic
2724 3223 2930 3291 quaest.
2971 3221 3026 3278 2.
3060 3237 3212 3280 num.
3252 3222 3308 3277 2.

2195 3395 2414 3471 Circa
2505 3397 3010 3496 quaestionem
3108 3412 3366 3499 posset
3464 3426 3632 3479 esse
3791 3456 3856 3522 2·

2096 3515 2380 3613 duplex
2446 3518 2835 3612 mediatio,
2911 3516 3014 3596 ita
3083 3523 3287 3619 quod
3356 3533 3635 3598 natura

2092 3641 2293 3707 esset
2323 3646 2718 3734 assumpta
2748 3637 3130 3713 mediante
3189 3638 3448 3737 aliquo
3509 3639 3656 3713 in-'

2089 3749 2444 3838 trinsecO,
2520 3753 2642 3827 vel
2721 3753 3102 3830 mediante
3168 3756 3623 3831 extrinseco.

2089 3866 2477 3953 Quantum
2520 3871 2614 3943 ad
2671 3871 3212 3948 mediationem
3275 3873 3627 3949 intrinse-
3657 3870 3977 3997 {⁸322t‚¹2³‚¹'4‚

2087 4008 2284 4081 cam,
2321 3987 2601 4064 dicitur
2640 3989 2846 4088 quod
2879 3990 2958 4064 in
2999 3992 3245 4090 primo
3306 3991 3622 4068 instanti
3691 3981 3702 3993 ⁰
3804 4003 3852 4052 ³·

2085 4115 2199 4180 est
2230 4106 2487 4182 anima
2528 4108 2744 4183 unita
2772 4109 3071 4204 Verbo;
3134 4110 3213 4183 in
3282 4113 3622 4187 secundo

2084 4218 2401 4300 instanti
2445 4249 2753 4325 corpus,
2809 4236 2882 4302 et
2922 4227 3030 4303 sic
3078 4229 3401 4303 assumit
3444 4229 3626 4305 Ver·
3664 4337 3668 4339 λ

2082 4341 2269 4417 bum
2308 4351 2544 4418 totam
2579 4354 2880 4421 natura.

2181 4460 2488 4558 Contra,
2571 4486 2664 4538 ex
2758 4465 2902 4539 hoc
2970 4464 3319 4565 sequitur
3414 4466 3620 4564 quod

2081 4576 2431 4655 Christus
2485 4580 2563 4654 in
2617 4581 2866 4680 primo
2910 4578 3222 4658 instanti
3293 4606 3447 4657 non
3509 4592 3625 4658 est

2078 4720 2258 4773 vere
2343 4700 2601 4796 hom0‚
2694 4700 2892 4776 sicut
2976 4700 3357 4796 SocrateS,
3438 4724 3618 4775 nam

2077 4813 2419 4892 Verbum
2463 4843 2618 4893 non
2665 4828 2780 4894 est
2810 4821 2987 4914 tale,
3024 4819 3175 4894 nisi
3226 4819 3431 4918 quod
3472 4818 3617 4893 sibi

2080 4934 2344 5009 unitur
2374 4945 2579 5012 totus
2629 4939 2890 5033 homo,
2929 4939 3073 5013 hoc
3107 4946 3248 5031 est,
3291 4945 3447 5013 tota
3491 4960 3623 5011 na-

2072 5060 2247 5127 tura
2290 5055 2631 5129 humana
2666 5055 3009 5153 integra3
3047 5054 3280 5151 igitur
3320 5078 3496 5130 cum
3538 5054 3638 5128 in'

2070 5169 2323 5267 primo
2357 5171 2674 5249 instanti
2726 5198 2882 5248 non
2927 5172 3243 5248 uniatur
3266 5171 3416 5247 nisi
3445 5173 3573 5248 ani

2071 5309 2223 5379 ma,
2270 5288 2620 5366 Christus
2681 5316 2840 5367 non
2920 5291 3063 5366 erit
3127 5290 3375 5390 primo
3439 5290 3615 5366 talis

2069 5402 2267 5480 sicut
2335 5405 2714 5503 Socrates,
2790 5417 2865 5485 et
2928 5434 3066 5508 per
3129 5430 3614 5507 consequens

2068 5548 2223 5600 non
2269 5525 2619 5602 univoce.

2170 5644 2389 5741 Item,
2425 5645 2778 5745 sequitur
2829 5645 3033 5745 quod
3066 5644 3414 5722 Christus
3453 5670 3609 5721 non
