4295 6326
621 420 751 488 452

623 592 688 664 si
716 590 892 688 quis
933 588 1180 687 primo
1212 587 1488 661 habeat
1519 584 1948 677 scientiam,
2005 606 2160 656 non

625 716 874 805 potest
918 705 1198 779 habere
1242 703 1500 795 fidem,
1540 702 1714 775 licet
1755 724 1794 775 e
1854 722 2168 773 conver-

624 846 708 897 so
751 820 1015 919 possit3
1061 819 1410 915 arguitur
1455 842 1470 891 :
1519 816 1599 891 Si
1641 823 1821 889 sunt
1872 815 2171 888 incom-

625 938 1032 1038 possibiles
1092 934 1280 1009 fides
1349 945 1421 1009 et
1485 933 1832 1025 scientia,
1926 932 2170 1029 primo

627 1054 940 1130 habenti
983 1052 1410 1145 scientiam,
1441 1061 1573 1125 aut
1613 1052 1757 1124 hoc
1789 1057 1903 1123 est
1952 1071 2174 1146 prop·

633 1182 743 1247 ter
780 1171 1177 1245 formalem
1223 1167 1811 1266 repugnantiam
1849 1166 2171 1239 istorum

630 1291 1033 1365 habituum
1067 1290 1266 1365 inter
1307 1314 1416 1380 se,
1455 1299 1588 1364 aut
1629 1287 2103 1383 objectorum
2133 1285 2174 1357 ⁴?

626 1409 800 1482 Non
846 1408 1092 1506 primo
1144 1407 1399 1504 mode,
1438 1407 1620 1503 quia
1669 1405 1777 1479 sic
1815 1429 1965 1479 non
2010 1428 2177 1502 pos-

629 1536 744 1602 set
785 1527 1107 1601 scientia
1138 1526 1388 1601 inesse
1423 1535 1596 1624 post
1634 1522 1892 1617 fidem,
1954 1524 2175 1619 cujus

629 1644 1069 1742 oppositum
1112 1643 1402 1716 dicunt.
1442 1642 1518 1716 Si
1549 1641 1888 1716 secundo
1918 1639 2170 1732 mode,

627 1785 803 1836 cum
848 1761 1146 1857 obJecta
1178 1783 1399 1857 aeque
1446 1759 2021 1854 distinguantur
2066 1781 2179 1831 se-

627 1878 970 1953 cundum
1014 1900 1196 1952 suas
1230 1876 1569 1951 rationes
1615 1876 1974 1950 formales
2006 1882 2179 1971 post

625 1997 885 2091 fidem,
960 1997 1159 2072 sicut
1216 2006 1420 2089 ante,
1471 2018 1694 2093 aeque
1777 2005 2003 2068 erunt
2072 1994 2180 2065 in-

624 2114 1205 2212 compossibiles
1239 2111 1427 2186 tides
1452 2122 1523 2186 et
1555 2110 1901 2199 scientia,
1928 2109 2176 2207 primo

624 2232 884 2306 habita
913 2229 1089 2323 fide,
1136 2230 1335 2304 sicut
1370 2230 1613 2327 primo
1648 2228 1995 2302 scientia.

720 2347 1135 2436 Praeterea,
1184 2370 1338 2419 non
1397 2348 1600 2419 valet
1642 2344 1897 2418 dicere
1931 2345 2024 2417 ad
2067 2368 2180 2418 ar-

621 2474 993 2563 gumenta
1061 2464 1452 2562 praedicta,
1554 2463 1758 2560 quod
1846 2461 2037 2537 fides
2104 2471 2179 2537 et

622 2584 947 2659 scientia
1011 2582 1241 2657 simul
1308 2581 1459 2655 sint
1527 2581 1727 2655 sicut
1792 2582 2177 2655 contraria

624 2701 705 2775 in
743 2700 1005 2792 mixte,
1053 2699 1237 2795 quia
1268 2698 1376 2773 sic
1410 2708 1610 2772 esset
1655 2696 1991 2793 cognitio
2028 2721 2178 2771 me-

627 2818 753 2892 dia
785 2840 877 2891 ex
903 2815 1225 2890 scientia
1274 2824 1348 2889 et
1408 2813 1585 2907 fide,
1645 2824 1719 2889 et
1775 2823 1958 2886 tunc
2036 2837 2177 2887 nec

625 2943 828 3011 esset
898 2932 1240 3029 cognitio
1304 2930 1509 3024 fidei,
1591 2955 1731 3005 nec
1797 2930 2168 3018 scientiae,

626 3047 1118 3140 sicutruhor,
1163 3069 1306 3121 nec
1348 3054 1460 3120 est
1511 3044 1810 3138 albedO,
1865 3068 2003 3118 nec
2070 3043 2180 3115 ni-

632 3165 895 3264 gredo·

407 3317 511 3385 12·
734 3284 1148 3373 Praeterea,
1195 3279 1400 3377 quod
1457 3278 1642 3352 illud
1715 3280 1973 3351 lumen
2037 3279 2183 3351 cla-

289 3433 610 3494 caeierapo-
642 3402 801 3475 rius
860 3423 1014 3474 non
1082 3399 1456 3472 innitatur
1519 3395 1813 3469 habitui
1883 3393 2058 3469 fidei
2101 3396 2177 3466 in

286 3495 588 3614 ωῗοῆῗξῖο
641 3517 1028 3592 causando
1098 3514 1525 3606 scientiam,
1609 3513 1807 3585 sicut
1858 3511 2000 3608 ipsi
2066 3511 2183 3583 ‹li-

322 3622 577 3734 ῃῗξάξξξί
639 3644 848 3727 cunt,
912 3631 1096 3731 quia
1167 3630 1588 3705 secundum
1661 3626 2177 3724 Augustinum

348 3747 555 3797 *⁰¹⁸⁰*
639 3773 873 3848 super
939 3748 1218 3821 Joann.
1309 3745 1574 3818 homil.
1667 3744 1786 3817 26.
1885 3744 2183 3818 Caetera

635 3871 859 3944 homo
882 3872 1136 3965 polest
1192 3862 1480 3948 nolenS,
1562 3861 1870 3935 credere
1928 3870 2181 3936 autem

633 4009 789 4059 non
830 3985 990 4058 nisi
1015 3979 1329 4073 volens3
1378 3980 1734 4053 voluntas
1794 4002 1975 4074 crgo
2037 4002 2177 4052 res·

634 4110 862 4200 pectu'
908 4109 1124 4173 actus
1157 4096 1521 4171 credendi
1573 4096 1801 4169 habet
1842 4095 2180 4191 aliquam

635 4221 1197 4312 causalitatem,
1263 4241 1416 4292 non
1496 4226 1754 4290 autem
1822 4217 2183 4288 voluntas

637 4339 869 4412 habet
969 4335 1306 4431 aliquam
1414 4332 1942 4406 causalitatem
2034 4355 2188 4405 res-

636 4463 859 4551 pectu
902 4451 1100 4524 scire
1154 4449 1231 4521 in
1295 4471 1787 4545 quocumque
1857 4446 2178 4541 lumine,

635 4570 746 4644 sic
787 4568 994 4642 enim
1049 4566 1247 4640 scire
1309 4565 1674 4663 praecedit
1738 4573 1992 4637 actum
2046 4587 2184 4636 vo-

635 4684 979 4776 luntatis,
1027 4681 1678 4778 sicutintelliyere
1711 4681 1907 4753 velle
1942 4708 1958 4771 ;
1999 4703 2182 4774 ergo

561 4790 574 4800 “
636 4803 985 4895 scientia,
1058 4823 1233 4897 qum
1305 4801 1629 4875 habetur
1688 4799 1763 4872 in
1854 4799 2176 4893 lumine,

636 4945 792 4995 non
835 4918 1216 5017 dependet
1265 4941 1308 4990 a
1348 4917 1640 4991 lumine
1676 4915 1878 4990 fidei.

736 5039 1148 5128 Praeterea,
1197 5035 1399 5132 quod
1484 5035 1664 5108 illud
1730 5036 1988 5108 lumen
2024 5058 2177 5108 non

636 5153 1084 5232 sufficiatad
1130 5153 1605 5226 causandum
1653 5151 2052 5226 scientiam
2099 5153 2176 5224 in

297 5322 581 5384 principio.
636 5274 977 5366 homine,
1113 5269 1358 5368 primo
1462 5268 1936 5366 impossibile
2064 5279 2179 5342 est

281 5386 598 5435 ¹·¹’⁰⁸²·‘··'··
632 5392 825 5466 scire
877 5387 1452 5463 conclusionem
1520 5386 1953 5479 mediatam,
2027 5387 2175 5460 nisi

629 5510 842 5608 prius
955 5506 1223 5578 saltem
1334 5512 1605 5575 natura
1702 5503 2177 5598 intelligatur

622 5622 1085 5725 principium
1121 5617 1680 5710 immediatum,
1719 5628 1788 5692 et
1824 5618 2172 5717 impossi-

300 5070 581 5133 Repugnat

282 5134 416 5182 scire
448 5145 575 5181 con-

283 5196 575 5244 elusionem

315 5271 422 5307 non
437 5258 571 5308 scito

2036 410 2278 478 LIBRI
2327 410 2446 479 111.

2285 586 2435 659 bile
2478 595 2590 660 est
2647 584 2841 660 scire
2901 582 3365 682 principium
3440 578 3829 654 immedia-

2284 714 2473 797 tum,
2529 703 2678 777 nisi
2732 701 3268 799 cognoscendo
3323 699 3692 774 terminos
3730 698 3829 771 il-

2283 820 2479 911 lius3
2522 842 2703 915 ergo
2737 819 2941 915 quod
2983 819 3245 892 lumen
3282 840 3432 889 non
3470 814 3642 889 facit
3700 838 3829 888 co-

2283 938 2704 1034 gnitionem
2738 936 3240 1011 terminorum
3277 933 3659 1032 principii,
3692 955 3829 1030 per

2286 1078 2774 1151 consequens
2834 1077 2975 1129 nec
3051 1051 3451 1126 scientiam
3512 1051 3831 1126 conclu-

2288 1172 2594 1245 sionum
2646 1170 3164 1269 sequentium.
3250 1169 3400 1244 Sed
3450 1168 3642 1243 illud
3706 1170 3832 1241 lu-

2289 1313 2463 1363 men
2509 1289 2846 1363 medium
2894 1313 3042 1361 non
3098 1288 3276 1362 facit
3307 1287 3826 1383 cognitionem

2286 1406 2796 1479 terminorum
2832 1406 3065 1501 hujus
3103 1429 3117 1478 :
3162 1405 3377 1478 Deus
3437 1409 3547 1477 est
3583 1403 3831 1476 trinus

2288 1529 2359 1594 et
2398 1546 2620 1608 wicta,
2658 1546 2812 1595 non
2863 1530 2943 1594 ut
2983 1531 3163 1595 sunt
3206 1518 3514 1594 termini
3549 1540 3833 1615 propo-

2288 1638 2586 1711 sitionis
2622 1638 3086 1730 immediate,
3123 1637 3255 1711 sed
3292 1638 3539 1710 solum
3578 1633 3834 1729 cogni·
3916 1664 3927 1673 ·

2288 1754 2572 1828 tionem
2609 1753 3157 1847 indistinctam,
3194 1752 3374 1849 quia
3408 1751 3621 1824 illum
3658 1772 3836 1823 con-

2289 1884 2592 1973 ceptum
2655 1898 2884 1972 quem
2941 1875 3170 1949 habet
3238 1873 3675 1968 Theologus
3737 1870 3830 1943 de

2290 1992 2446 2065 Deo
2483 1992 2679 2066 trino
2739 1999 2811 2065 et
2870 2015 3053 2084 unc,
3105 1991 3331 2064 habet
3388 1987 3828 2079 haereticuS,

2288 2109 2469 2205 quia
2505 2108 2698 2182 idem
2746 2119 2917 2206 post
2962 2118 3191 2203 negat
3244 2106 3447 2204 quod
3483 2105 3697 2204 prius
3739 2105 3838 2177 al'-

2290 2225 2624 2300 ssrmavit
2667 2253 2684 2318 3
2731 2249 2913 2321 ergo
2973 2248 3145 2299 cum
3190 2223 3604 2297 hacreticus
3679 2244 3833 2294 non

2290 2341 2515 2415 habet
2594 2350 3051 2438 conceptum
3150 2339 3589 2414 distinctum
3682 2346 3836 2410 ter-

2292 2461 2707 2548 minorum,
2861 2483 3043 2553 ergo
3134 2480 3275 2532 nec
3367 2457 3828 2551 TheologuS,

2289 2579 2493 2676 quod
2576 2587 2823 2651 tamen
2915 2584 3029 2650 est
3110 2574 3632 2650 necessarium
3737 2572 3830 2646 ad

2290 2696 2717 2770 scientiam.

2388 2819 2796 2910 Praeterea,
2870 2815 2930 2889 si
3001 2815 3188 2889 illud
3246 2816 3507 2889 lumen
3549 2814 3831 2887 faceret
3970 2830 4075 2896 13,

2292 2938 2385 3010 ad
2488 2934 3182 3033 apprehensionem
3291 2933 3824 3015 terminorum,
3892 2944 4156 3009 Are-effl-

2287 3051 2700 3147 Theologia
2741 3060 2942 3125 esset
2974 3049 3425 3141 certissima,
3487 3071 3636 3121 non
3674 3056 3833 3121 tan·
3860 3012 4185 3121 affige-tra

2286 3178 2449 3240 tum
2493 3166 2936 3241 adhaesione
3018 3190 3151 3264 per
3205 3163 3462 3255 fidem,
3508 3166 3637 3240 sed
3708 3189 3834 3238 se-

2290 3267 2631 3355 cundum
2714 3281 3209 3370 evidentiam,
3274 3281 3482 3378 quod
3576 3290 3834 3354 tamen

2292 3407 2604 3492 negant.
2655 3398 3227 3494 Consequentia
3268 3406 3472 3495 patet
3518 3420 3653 3494 per
3695 3399 3839 3469 hoc

2290 3514 2493 3611 quod
2560 3514 2634 3585 iu
2708 3537 2861 3610 quo
2939 3514 3227 3587 lumine
3309 3513 3847 3609 intelliguntur

2287 3630 2627 3723 termini,
2666 3631 2799 3728 qui
2833 3641 3014 3704 sunt
3064 3631 3379 3706 materia
3411 3633 3849 3706 necessaria

2292 3748 2876 3844 complexionis,
2981 3748 3057 3821 in
3149 3749 3278 3822 illo
3390 3748 3847 3843 intelligitur

2297 3864 2427 3937 illa
2493 3866 2954 3961 complexio.
3044 3865 3347 3952 Quanto
3417 3867 3620 3940 enim
3692 3876 3848 3940 ter-

2300 3982 2487 4055 mini
2547 3984 2621 4054 in
2709 3981 2996 4056 lumine
3056 3984 3489 4080 perfectiori
3550 3995 3622 4058 et
3689 3985 3849 4058 cla-

2293 4098 2481 4170 riori
2551 4098 3121 4192 intclliguntur,
3195 4109 3400 4173 tanto
3470 4100 3849 4196 principia

2296 4216 2540 4310 magis
2609 4226 2682 4290 et
2760 4216 3046 4289 clarius
3116 4217 3686 4312 intelliguntur,
3776 4226 3849 4291 et

2292 4340 2579 4428 quanto
2627 4332 3010 4430 principia
3054 4333 3358 4406 clariori
3401 4333 3692 4408 lumine
3726 4334 3850 4406 in-

2297 4449 2777 4544 telliguntur,
2857 4460 3062 4524 tanto
3140 4450 3468 4525 scientia
3532 4462 3647 4525 est
3703 4454 3849 4526 cla-

2290 4566 2448 4637 rior
2479 4565 2907 4639 sccundum
2961 4565 3427 4640 evidentiam
3466 4568 3772 4641 termini
3819 4599 3835 4660 ;

2290 4706 2473 4777 ergo
2506 4683 2566 4756 si
2617 4683 2917 4757 termini
2958 4683 3457 4758 articulorum
3504 4682 3703 4769 fidei,
3745 4686 3837 4760 de

2291 4801 2574 4897 quibus
2616 4813 2730 4874 est
2786 4801 3228 4896 Theologia,
3285 4801 3638 4876 distincte
3694 4804 3837 4877 sub

2292 4918 2622 5016 propriis
2656 4919 3084 4993 rationibus
3123 4919 3728 5017 apprehenditur
3759 4921 3835 4994 in

2290 5035 2433 5108 isto
2478 5036 2799 5121 lumine,
2832 5038 2997 5109 haec
3029 5036 3349 5110 scientia
3376 5036 3516 5111 erit
3557 5040 3838 5136 perfec·

2285 5152 2433 5225 tior
2473 5164 2544 5226 et
2611 5153 3118 5226 certioromni
3165 5154 3336 5226 alia.

2385 5269 2769 5345 Praeterea
2810 5272 3159 5364 arguitur
3201 5272 3296 5345 ab
3338 5272 3508 5346 aiiis
3548 5272 3657 5347 sic
3694 5298 3708 5348 :
3748 5274 3827 5348 Si
3890 5284 4158 5336 VidePet·

2285 5389 2459 5461 talis
2506 5389 2815 5462 habitus
2882 5397 3130 5486 potest
3171 5389 3434 5462 haberi
3505 5393 3825 5487 pertale
3886 5349 3961 5461 deet
3982 5351 4169 5463 535⁸·ss

2286 5497 2574 5598 lumen,
2610 5514 2856 5603 potest
2898 5528 3078 5600 ergo
3120 5505 3307 5579 illud
3353 5508 3612 5582 lumen
3681 5509 3826 5582 ali-

2284 5643 2436 5716 quo
2515 5622 2740 5694 modo
2808 5620 3108 5695 ostendi
3184 5630 3258 5694 et
3322 5622 3818 5720 manifestari,
