4295 6326
1501 406 1728 477 DIST.
1777 402 2101 477 XXXIX.
2157 403 2575 487 QUAESTlo
2623 404 2709 475 Π.
3515 400 3644 472 205

230 596 295 665 5.
545 582 798 679 DiceS,
862 584 1003 659 etsi
1088 585 1449 658 voluntas
1526 581 1988 679 inquantum

449 699 720 794 libera,
768 724 920 774 non
963 701 1148 776 velit
1194 701 1483 774 bonum
1521 698 1985 791 necessario,

452 823 704 887 tamen
765 824 847 887 ut
904 824 1209 907 natura,
1273 812 1707 887 necessario
1747 811 1991 886 tendit

451 932 525 1005 in
572 933 891 1007 bonum.

547 1048 735 1122 Dico
770 1049 974 1148 quod
1019 1072 1417 1146 nunquam
1466 1047 1827 1121 voluntas
1895 1046 1992 1119 sit

450 1164 789 1261 potentia
831 1164 1252 1262 operativa,
1289 1164 1542 1238 adhuc
1575 1172 1691 1237 est
1722 1185 1991 1257 recep-

450 1281 607 1354 tiva
666 1281 1079 1369 volitionis,
1149 1292 1222 1356 et
1264 1291 1558 1354 tantum
1603 1288 1684 1352 ut
1751 1278 1991 1353 libera

451 1410 839 1497 operatur,
910 1400 1093 1496 quia
1168 1409 1249 1473 ut
1326 1397 1623 1496 recipit,
1691 1397 1984 1470 nullum

447 1525 702 1590 actum
736 1516 1162 1591 secundum
1199 1516 1452 1601 hahet,
1477 1537 1618 1588 nec
1649 1513 1985 1611 aliquem

447 1641 699 1706 actum
780 1632 1120 1706 elicitum
1189 1640 1438 1729 potest
1513 1629 1825 1722 habere,
1907 1639 1989 1703 ut

446 1759 747 1837 natura,
786 1749 928 1822 hoc
962 1757 1099 1838 est,
1138 1758 1218 1821 ut
1247 1757 1543 1821 tantum
1570 1746 1982 1844 appetitus,

444 1866 576 1940 sed
627 1875 926 1940 tantum
971 1867 1202 1940 habet
1244 1865 1825 1940 inclinationem
1861 1888 1989 1938 na·

442 1984 798 2077 turalem,
844 1994 917 2058 et
976 2007 1129 2057 non
1174 1983 1384 2056 ducit
1425 1987 1539 2074 (ut
1590 1982 1727 2075 sic,
1790 1981 1988 2055 sicut

443 2100 722 2196 aliquis
799 2099 1183 2198 appetitus
1262 2098 1689 2173 secundum
1779 2096 1983 2194 quod

446 2215 929 2311 hujusmodi,
1035 2214 1462 2289 secundum
1568 2214 1986 2287 Damasce-

446 2334 696 2428 num),
768 2332 900 2406 sed
960 2332 1288 2405 ducitur.
1374 2337 1538 2405 Hoc
1614 2338 1818 2428 patet
1895 2353 1984 2404 ex

450 2448 876 2524 intentione
915 2447 1328 2545 Augustini
1369 2448 1445 2520 in
1509 2446 1981 2542 EnchiridiO,

188 2593 298 2661 μ,
451 2566 656 2663 quod
694 2565 1045 2640 voluntas
1075 2589 1319 2664 neque
1347 2564 1673 2639 dicenda
1704 2570 1986 2638 estnon

451 2679 718 2776 libera,
755 2705 998 2780 neque
1017 2705 1172 2756 non
1203 2680 1580 2774 volantem,
1608 2704 1757 2778 qua
1789 2678 1993 2754 beati

448 2820 605 2871 esse
634 2798 744 2872 sic
783 2797 1161 2891 volumuS,
1190 2803 1277 2871 ut
1316 2796 1783 2894 esseyniserz'
1830 2818 1985 2869 non

443 2911 692 2987 solum
723 2937 878 2987 non
908 2912 1286 3006 volumus,
1320 2911 1459 2986 sed
1502 2933 1985 3009 nequaquam

443 3028 640 3103 velle
660 3052 1069 3127 possumus
1127 3037 1381 3102 tamen
1416 3051 1573 3101 non
1606 3024 1804 3100 velle
1846 3049 1987 3100 ne-

445 3147 697 3245 gative
739 3156 987 3246 potest
1017 3147 1373 3221 voluntas
1408 3145 1691 3221 hahere
1726 3168 1989 3243 respe-

446 3274 568 3338 ctu
626 3264 1183 3362 cujuscumque
1236 3262 1559 3359 objecti3
1598 3261 1831 3358 igitur
1880 3261 1990 3333 in·

446 3384 797 3457 tellectus
868 3382 1253 3479 practicus
1320 3389 1459 3473 est,
1520 3381 1650 3477 qui
1720 3402 1990 3454 neces-

448 3501 652 3575 sario
725 3499 1045 3575 assentit
1127 3497 1568 3593 agibilibus,
1628 3497 1988 3570 voluntas

452 3626 707 3691 autem
776 3616 1042 3690 libere.
1131 3613 1517 3711 Quidquid
1585 3613 1819 3708 igitur
1878 3620 1992 3687 est

450 3756 649 3806 onus
681 3731 1125 3829 impositum
1158 3728 1563 3822 voluntati,
1593 3728 1760 3802 dico
1786 3728 1990 3824 quod

454 3872 608 3922 non
695 3858 810 3923 est
865 3847 1153 3945 aliquid
1243 3855 1633 3943 receptum
1704 3845 1779 3918 in
1870 3869 1996 3918 vo-

101 3966 424 4040 Dlfficsseetl
458 3970 747 4042 luntate
790 3969 884 4041 ab
915 3966 1305 4040 intellectu
1337 3964 1815 4039 ostendente.
1849 3963 1994 4037 Sed

101 4044 209 4081 non
244 4044 335 4094 neq
345 4044 399 4079 ui

100 4093 247 4207 ἓξὲξ
274 4106 428 4215 ssrssffs-
458 4094 705 4183 potest
745 4083 891 4158 dici
940 4081 1313 4157 naturalis
1366 4082 1580 4171 ordO,
1631 4081 1816 4179 quia
1854 4080 1995 4154 dif-

99 4218 429 4292 agaunum·
458 4202 657 4278 sicile
708 4212 822 4278 est
881 4204 1354 4277 voluntatem
1417 4224 1571 4274 non
1644 4199 1997 4274 inclinari

121 4281 409 4396 i¹2¹1nmd¹3i⁴t²f
458 4321 551 4392 ad
604 4319 708 4412 id,
763 4319 968 4416 quod
1013 4329 1126 4393 est
1167 4316 1555 4415 dictatumj
1605 4342 1650 4390 a
1701 4316 1995 4390 ratione

459 4434 793 4534 practica
864 4435 1297 4521 ultimatim,
1344 4458 1499 4509 non
1569 4442 1824 4509 tamen
1886 4441 2000 4507 est

459 4551 955 4650 impossibile.
1003 4551 1218 4625 Sicut
1266 4552 1627 4625 voluntas
1683 4559 2000 4624 natura-

458 4671 627 4745 liter
672 4671 1087 4745 inclinatur
1127 4669 1272 4744 sibi
1316 4669 1632 4744 dimissa
1682 4669 1775 4743 ad
1826 4692 2001 4743 con-

456 4787 990 4861 delectandum
1020 4784 1391 4884 appetitui
1416 4784 1812 4878 sensitiva,
1841 4809 1997 4859 non

455 4911 710 4977 tamen
755 4901 1256 5001 impossibile,
1292 4909 1373 4974 ut
1417 4900 1859 4998 frequenter
1892 4924 2001 4976 re-

456 5019 696 5113 sistat,
726 5028 804 5093 ut
834 5028 1039 5117 patet
1079 5016 1155 5090 in
1192 5017 1553 5091 virtuosis
1579 5025 1651 5091 et
1682 5018 1993 5093 sanctis.

459 5135 699 5232 Igitur
746 5136 808 5210 si
842 5134 1280 5233 synderesis
1330 5134 1512 5208 dicit
1558 5134 1849 5231 aliquid
1895 5158 2000 5209 re-

461 5255 737 5330 sistens
792 5257 1022 5349 ma10,
1086 5263 1381 5330 tantum
1455 5252 1598 5328 erit
1655 5254 1731 5327 in
1786 5254 2001 5329 intel-

462 5372 689 5466 lectu,
737 5381 817 5448 ut
868 5371 1176 5447 habitus
1226 5370 1652 5469 primorum
1711 5371 2001 5469 princi-

461 5488 764 5585 piorum
809 5488 1238 5586 agibilium,
1290 5496 1363 5563 et
1408 5487 1482 5561 in
1533 5490 1678 5562 hoc
1720 5486 2001 5561 dicitur

460 5625 1059 5698 remurmurare,
1106 5604 1289 5702 quia
1335 5602 1477 5678 iste
1535 5602 1842 5678 habitus
1890 5603 1999 5676 in-

2099 581 2457 656 clinando
2538 580 2712 655 facit
2788 583 3267 655 voluntatem
3356 604 3645 655 remur·

2104 723 2435 793 murare,
2476 699 2822 774 iaciendo
2858 699 3061 796 quod
3106 698 3183 772 in
3230 722 3310 772 se
3371 707 3509 791 est,
3548 698 3643 772 ad

2099 817 2243 889 hoc
2339 815 2545 913 quod
2639 817 2997 890 voluntas
3097 826 3636 889 remurmuret.
3732 856 3736 860 .

2100 932 2299 1006 Huic
2368 931 2783 1006 concordat
2845 955 3128 1006 nomen
3171 930 3638 1030 synderesz'S,

2098 1050 2280 1146 quia
2311 1049 2597 1124 dicitur
2620 1073 2786 1124 esse
2821 1073 2994 1124 cum
3030 1049 3430 1123 electione.
3491 1047 3642 1120 Sed

2097 1166 2367 1241 electio
2429 1191 2582 1241 non
2666 1166 2945 1241 (licitur
3003 1190 3170 1241 esse
3237 1190 3412 1240 cum
3483 1166 3643 1240 ele-

2095 1283 2347 1358 ctione
2383 1312 2401 1377 ;
2448 1283 2684 1379 igitur
2724 1308 2879 1357 non
2923 1283 3227 1358 videtur
3267 1282 3566 1358 electio.

2629 1586 2992 1645 SCHOLIUM
3035 1588 3102 1644 11.

2164 1742 2587 1798 Conscientiam
2618 1759 2745 1799 esse
2778 1744 2836 1798 in
2867 1743 3183 1811 intellectu,
3217 1743 3351 1814 quia
3380 1748 3470 1798 est
3498 1758 3642 1799 con-

2091 1835 2300 1904 clusio,
2332 1834 2418 1891 vel
2461 1833 2697 1891 habitus
2748 1835 2818 1890 ad
2868 1834 3498 1904 sicjconcludendum,
3545 1834 3640 1889 cui

2090 1925 2512 1981 conformanda
2541 1931 2624 1981 est
2655 1924 2855 1981 electio
2904 1930 3077 1980 recta.
3125 1924 3325 1981 Differt
3353 1941 3386 1980 a
3435 1925 3639 1996 synde-

2092 2013 2223 2083 resi,
2259 2017 2397 2087 quia
2428 2016 2547 2071 haec
2577 2019 2665 2072 est
2694 2015 2933 2071 habitus
2974 2014 3392 2087 principiorum
3425 2013 3637 2084 practi-

2091 2119 2313 2159 corum.
2347 2104 2648 2168 Probatur,
2679 2102 2978 2174 quietalis
3020 2101 3318 2158 conclusio
3365 2100 3640 2173 praecedit.
3681 2117 3684 2120 *

2090 2191 2434 2248 electionem
2468 2191 2806 2258 voluntatis),
2842 2196 2897 2248 et
2925 2192 3115 2264 gignit
3144 2207 3257 2246 uno
3305 2195 3435 2246 actu
3482 2189 3641 2245 babi-

2089 2285 2240 2336 tum.
2300 2280 2560 2351 Explicat
2617 2282 2908 2353 quomodo
2988 2283 3264 2352 maiorem
3352 2281 3640 2337 habentes

2089 2372 2393 2427 scientiam
2426 2371 2805 2437 habitualem,
2828 2372 3181 2443 quandoque
3208 2372 3401 2428 minus
3419 2371 3638 2427 habent

2088 2460 2527 2517 conscientiam.

2092 2751 2099 2762 ,
2189 2676 2300 2750 De
2333 2675 2675 2749 secunda
2714 2675 3169 2774 quaestione,
3206 2676 3282 2749 in
3326 2700 3478 2775 quo
3534 2677 3631 2752 sit

2090 2793 2582 2886 conscientia,
2667 2793 2836 2866 dico
2896 2817 3033 2891 per
3111 2793 3341 2887 idem,
3423 2795 3627 2891 quod
3658 2804 3953 2917 Otenecien·

2092 2911 2291 2985 sicut
2357 2910 2791 2984 intellectus
2860 2909 3241 3008 practicus
3309 2913 3629 2986 assentit
3708 2880 3946 2980 ¹313&ssss

2091 3030 2491 3129 principiis
2577 3029 3018 3127 agibilibus,
3099 3031 3209 3106 sic
3310 3033 3632 3107 assentit

2093 3146 2574 3224 conclusioni
2657 3148 3040 3246 practicae,
3118 3172 3348 3247 quam
3428 3150 3637 3225 videt

2094 3264 2532 3340 necessario
2588 3265 2857 3362 sequi3
2917 3266 3150 3361 igitur
3209 3265 3336 3340 ille
3379 3291 3637 3344 assen-

2095 3407 2256 3476 suS,
2347 3381 2657 3480 quando
2753 3391 2868 3457 est
2952 3384 3631 3482 demonstrativuS,

2094 3503 2217 3575 vel
2268 3524 2405 3599 per
2467 3498 2840 3580 rationem
2900 3502 3446 3596 necessariam,
3510 3526 3640 3577 ne-

2097 3617 2431 3691 cessario
2496 3625 2608 3690 est
2659 3625 2886 3691 natus
2944 3620 3297 3713 regulare
3341 3621 3639 3694 electio-

2099 3757 2304 3807 nem.
2397 3734 2586 3805 Cum
2674 3731 2908 3828 igitur
2990 3732 3636 3815 illudfdictamen

2100 3851 2198 3924 sit
2238 3858 2412 3923 ante
2481 3849 2963 3942 electionem,
3037 3851 3226 3924 illud
3287 3876 3442 3926 non
3499 3853 3643 3927 erit

2102 3966 2180 4038 in
2252 3968 2673 4060 voluntate,
2745 3989 2889 4040 nec
2965 3976 3214 4063 potest
3287 3969 3640 4065 generari

2102 4082 2252 4157 nisi
2288 4106 2423 4180 per
2463 4084 2748 4156 multos
2785 4092 3025 4158 actus.
3064 4084 3234 4158 Alia
3264 4096 3379 4159 est
3422 4085 3644 4160 diffe-

2104 4199 2353 4275 rentia
2419 4200 2618 4277 inter
2687 4201 2996 4275 habitus
3068 4201 3500 4276 intellectus
3567 4212 3640 4277 et

2105 4316 2548 4406 voluntatis,
2596 4317 2777 4414 quia
2808 4317 2936 4416 {ita
2999 4319 3380 4415 perfectus
3423 4319 3645 4393 habi-

2104 4443 2229 4507 tus
2304 4433 2895 4508 Mathematicus
2971 4444 3218 4532 potest
3288 4437 3643 4531 generari

2106 4569 2244 4645 per
2283 4556 2852 4633 unumactum,
2891 4547 3088 4621 sicut
3145 4572 3282 4647 per
3332 4552 3640 4639 multOS,

2106 4686 2508 4761 nunquam
2568 4663 2676 4737 sic
2744 4673 2857 4738 est
2933 4664 3006 4736 in
3089 4668 3482 4742 voluntate
3553 4667 3645 4742 de

2108 4779 2372 4854 habitu
2421 4779 2711 4854 morali.
2761 4780 2990 4855 Nunc
3022 4793 3281 4858 autem
3336 4809 3485 4859 non
3532 4800 3646 4863 est

2108 4919 2422 4972 necesse
2500 4896 2703 4992 quod
2783 4900 2954 4974 talis
3023 4904 3333 4978 habitus
3403 4905 3500 4978 sit
3567 4906 3644 4979 in

2106 5016 2500 5090 voluntate
2548 5018 2909 5111 regulans
2951 5020 3414 5111 necessariO,
3452 5023 3650 5098 sicut

2108 5131 2184 5203 in
2257 5132 2675 5228 intellectu,
2722 5136 2906 5231 quia
2945 5139 3064 5212 vel
3120 5140 3197 5212 in
3271 5144 3413 5217 hoc
3482 5146 3645 5217 solo

2107 5258 2223 5322 est
2280 5248 2679 5343 dissimile,
2752 5252 2935 5348 quia
2988 5257 3348 5332 voluntas
3409 5259 3646 5336 libere

2107 5375 2513 5462 operatur3
2549 5377 2623 5441 et
2653 5366 2852 5463 ideo,
2894 5380 2972 5445 ut
2995 5374 3162 5446 vult
3200 5376 3645 5452 Aristoteles

2104 5602 2389 5678 stantia
2434 5601 2650 5699 alibi,
2702 5606 2829 5680 vel
2861 5615 2973 5683 est
3011 5609 3421 5690 dicendum
3468 5616 3635 5714 hoe,

3679 5346 3997 5396 Habitusin·

3676 5409 3921 5461 tellectus
3943 5422 4001 5482 u-

2107 5486 2178 5558 8.
2223 5485 2479 5583 Topic.
2514 5510 2818 5585 semper
2853 5491 2982 5566 vel
3015 5499 3127 5567 est
3179 5497 3506 5572 serenda
3536 5499 3648 5573 in·
3676 5476 4001 5599 331t3t?.⁸.::

3737 5596 3935 5713 igr*
