4295 6326
74 4156 364 4211 paternitas

74 4221 147 4271 dis
161 4225 361 4286 tingui·

100 4290 181 4334 tur
230 4290 353 4350 plus

92 4361 245 4410 quam
283 4365 362 4400 ra-

105 4415 244 4464 uone
288 4418 352 4464 ab

110 4479 351 4527 essentia.

77 4536 98 4557 ⁶
122 4536 297 4589 Dima.
328 4556 383 4604 q.

66 5434 259 5489 Filiauo
291 5448 370 5494 est

95 5504 339 5554 terminus

70 5570 260 5616 naturae
292 5582 368 5618 aa·

74 5636 335 5741 dmgmptae.

1576 468 1802 539 DIST.
1856 472 1911 541 Ι.
1962 474 2381 557 QUAESTIO
2428 482 2516 554 11.

3531 500 3660 570 243

459 653 689 706 mana
729 647 1151 736 assumpta,
1212 664 1383 715 cum
1438 647 1862 745 assumptio
1911 651 2009 726 sit
2117 665 2234 730 est
2272 657 2570 754 primus
2602 663 3000 763 terminus,
3075 681 3148 746 et
3215 674 3476 773 aliqua
3532 701 3658 754 re-

335 740 345 750 “
455 770 547 822 ex
593 737 968 850 tempore,
1023 758 1376 856 sequitur
1415 764 1618 859 quod
1666 789 1820 839 non
1864 793 2005 867 po-

452 874 600 940 test
641 870 826 964 poni
856 875 1191 949 essentia
1225 878 1453 952 realis
1499 882 1894 971 terminus,
1930 896 2004 961 et

453 983 723 1058 relatio
751 986 918 1061 sine
949 1013 1094 1087 quo
1134 1015 1318 1086 non,
1356 993 1433 1067 in
1477 1019 1632 1070 una
1673 1022 2003 1096 persona

451 1100 709 1197 potius
743 1125 975 1200 quam
1011 1106 1087 1179 in
1123 1109 1297 1183 alia.

546 1217 906 1298 Secunda
929 1224 1057 1299 via
1097 1249 1251 1301 non
1287 1230 1518 1325 valet,
1556 1234 1740 1330 quia
1771 1259 1999 1333 agere

453 1360 499 1409 a
564 1359 646 1411 se
709 1348 783 1412 et
838 1363 994 1415 non
1049 1368 1094 1417 a
1143 1368 1252 1439 se,
1298 1370 1452 1421 non
1509 1349 1998 1449 distinguunt

448 1476 867 1551 personam
934 1473 1455 1540 assumentem
1522 1477 1595 1542 et
1651 1493 1809 1544 non
1869 1495 1997 1547 as-

451 1583 917 1671 sumentem,
966 1578 1150 1675 quia
1189 1581 1325 1656 etsi
1389 1584 1614 1660 Pater
1655 1610 1996 1666 assume-

441 1703 564 1767 'ret
594 1703 980 1791 naturam,
1026 1699 1277 1775 adhuc
1310 1713 1568 1798 ageret
1609 1729 1653 1779 a
1685 1731 1792 1782 se.

547 1811 731 1887 Dico
765 1813 1002 1910 igitur
1059 1819 1263 1914 quod
1341 1821 1805 1922 cuicumque
1853 1851 1994 1902 en-

446 1927 642 2003 titati
720 1933 1082 2030 competit
1147 1934 1772 2036 independentia,
1861 1943 1996 2019 illa

450 2046 727 2121 entitas
795 2058 1043 2146 potest
1107 2055 1521 2131 terminare
1589 2058 1799 2134 illam
1869 2062 1994 2137 de-

444 2162 936 2259 pendentiam
969 2195 987 2260 3
1025 2167 1157 2242 sed
1192 2168 1571 2266 filiationi,
1604 2183 1685 2248 ut
1724 2175 1989 2253 filiatio

448 2289 590 2373 est,
627 2282 1613 2383 competitindependentia
1653 2293 1742 2365 ad
1780 2294 1987 2371 aliud

447 2397 961 2493 suppositum,
998 2408 1073 2473 et
1093 2401 1225 2476 illa
1263 2402 1542 2478 dicitur
1574 2431 1727 2483 uno
1760 2411 1986 2486 modo

442 2514 822 2589 terminus
857 2515 1064 2591 illius
1097 2517 1663 2619 dependentife,
1709 2527 1892 2624 quia
1920 2529 1983 2602 si

443 2629 733 2728 aliquid
784 2634 1142 2709 terminat
1198 2637 1788 2737 dependentiam
1857 2670 1986 2720 na-

439 2755 635 2824 turae
669 2750 1033 2848 humanae
1069 2753 1162 2828 ad
1198 2779 1635 2854 personam,
1681 2760 1811 2836 illa
1842 2764 1984 2839 erit

439 2866 751 2965 propria
782 2868 976 2943 ratio
1019 2869 1227 2945 illius
1267 2897 1664 2971 personae3
1714 2876 1979 2956 filiatio

438 2992 552 3058 est
590 2985 898 3083 propria
932 2986 1124 3061 ratio
1147 2988 1407 3077 Verbi,
1455 2992 1652 3068 sicut
1690 2996 1976 3071 dictum

439 3111 551 3176 est
591 3102 832 3200 prius,
873 3103 952 3178 Si
988 3104 1449 3206 principium
1504 3112 1825 3189 actionis
1857 3138 1978 3191 es-

434 3227 549 3292 set
587 3219 1003 3315 paternitas
1055 3224 1292 3318 (quod
1337 3234 1591 3301 tamen
1650 3253 1803 3303 non
1875 3242 1976 3308 te·

434 3338 643 3429 neo),
699 3346 883 3411 tunc
926 3338 1152 3414 Pater
1203 3345 1655 3439 paternitate
1733 3372 1974 3445 gene-

430 3463 631 3526 raret
666 3453 1109 3544 formaliter,
1156 3457 1337 3554 quia
1392 3470 1576 3536 tunc
1643 3487 1972 3560 genera-

428 3569 533 3644 tio
576 3580 778 3646 esset
831 3573 1174 3649 formalis
1234 3577 1424 3651 ratio
1493 3583 1967 3678 producendi

424 3685 701 3760 Filium
758 3714 777 3781 3
840 3688 948 3761 sic
1013 3689 1210 3785 dioc,
1282 3716 1455 3767 cum
1547 3695 1812 3774 filiatio
1872 3702 1970 3776 sit

423 3802 731 3899 propria
811 3804 1003 3878 ratio
1077 3830 1461 3904 personae,
1561 3814 1655 3887 ad
1732 3838 1965 3913 quam

423 3919 804 4018 dependet
859 3930 1136 3998 natura
1185 3925 1553 4023 humana,
1590 3930 1757 4030 ipsa
1823 3935 1967 4009 erit

424 4037 763 4112 formalis
803 4040 1179 4116 terminus
1223 4044 1782 4144 dependentiae.

519 4158 809 4230 Etcum
845 4157 1123 4232 dicitur
1153 4164 1537 4261 superiuS,
1575 4168 1780 4264 quod
1805 4194 1959 4245 non

420 4269 783 4345 differunt
867 4275 1202 4350 essentia
1281 4288 1355 4352 et
1421 4281 1715 4378 relatio,
1811 4286 1959 4360 nisi

421 4389 585 4462 sola
625 4389 947 4479 ratione,
1003 4391 1274 4466 falsum
1310 4405 1450 4491 est,
1489 4408 1572 4472 ut
1618 4400 1961 4476 declara·

418 4512 577 4578 tum
620 4514 733 4579 est
753 4506 1014 4603 primo
1058 4507 1251 4584 libro
1285 4513 1331 4605 ⁸,
1369 4515 1551 4609 quia
1580 4524 1764 4593 tunc
1807 4519 1957 4594 Pa-

416 4629 531 4694 ter
561 4621 776 4695 daret
828 4645 1137 4699 omnem
1179 4650 1369 4716 rem,
1418 4653 1648 4729 quam
1694 4635 1949 4731 habet,

413 4736 632 4831 Filio,
669 4746 743 4812 et
783 4748 965 4814 tunc
997 4755 1403 4837 generaret
1445 4747 1778 4847 Patrem,
1845 4753 1952 4827 si-

408 4863 538 4930 cut
576 4866 982 4951 generaret
1021 4857 1268 4934 Deum
1315 4891 1333 4957 3
1388 4859 1622 4961 igitur
1698 4879 1952 4967 pater-

405 4968 750 5045 nitasest
790 4971 939 5046 alia
972 4996 1122 5061 τρε,
1160 4985 1231 5051 et
1271 5002 1409 5075 per
1464 5004 1948 5081 consequens

401 5104 559 5159 non
620 5090 872 5163 solum
942 5092 1234 5168 ratione
1305 5096 1802 5197 distinguitur
1851 5106 1946 5179 ab

403 5205 765 5300 essentia,
814 5230 989 5281 cum
1040 5218 1273 5283 totam
1332 5215 1746 5293 realitatem
1819 5246 1944 5298 es-
2018 5239 2028 5249 '

402 5320 671 5396 sentiae
713 5322 840 5397 det
866 5323 1094 5399 Pater
1124 5327 1340 5403 Filio.

498 5441 590 5513 Et
656 5463 830 5514 cum
910 5441 1189 5519 dicitur
1226 5459 1492 5545 postea
1550 5458 1753 5552 quod
1815 5486 1942 5537 na·

400 5567 574 5631 tura
604 5558 986 5657 dependet
1016 5561 1108 5635 ad
1141 5589 1551 5662 personam
1617 5574 1939 5674 inquan-

397 5673 564 5747 tum
605 5675 1038 5768 relativum,
1085 5684 1451 5780 concedO,
1498 5689 1680 5786 quia
1746 5694 1935 5772 illud

2116 772 2296 847 latio
2367 785 2618 874 potest
2683 803 2849 858 esse
2926 785 3375 886 simpliciter
3433 793 3655 870 inde-

2113 890 2487 987 pendens,
2534 895 2710 972 licet
2741 923 2892 974 non
2938 904 3034 977 sit
3065 906 3484 985 formaliter
3543 911 3650 988 in·

2111 1003 2353 1083 finita.

2209 1133 2435 1212 Dices
2476 1142 2677 1236 quod
2715 1143 2929 1236 illud,
2968 1152 3173 1246 quod
3214 1163 3327 1228 est
3366 1155 3651 1256 simpliss

2110 1249 2299 1325 citer
2357 1253 2914 1358 independens,
2961 1291 3113 1341 non
3158 1280 3272 1344 est
3348 1275 3640 1350 relat-io.

2109 1366 2499 1464 Probatio,
2581 1374 2763 1470 quia
2840 1379 3027 1454 illud
3093 1387 3452 1464 terminat
3527 1393 3650 1466 de·

2106 1485 2601 1581 pendentiam
2706 1504 3007 1573 naturae
3087 1503 3452 1582 humanae
3552 1510 3646 1583 ad

2104 1625 2515 1699 personam
2559 1633 2696 1707 per
2735 1621 2834 1702 te,
2873 1618 3076 1714 quod
3102 1632 3216 1695 est
3274 1623 3648 1724 simplici-

2105 1726 2219 1792 ter
2287 1719 2879 1823 independens3
2963 1734 3095 1807 sed
3160 1739 3426 1813 relatio
3491 1752 3649 1816 ter-

2107 1835 2346 1912 minat
2412 1842 2863 1920 relationem
2936 1851 3256 1948 originis
3323 1856 3401 1930 in
3462 1860 3649 1936 divi-

2102 1951 2225 2026 nis
2258 1981 2277 2047 3
2317 1954 2549 2052 igitur
2582 1958 2779 2035 idem
2814 1967 3172 2044 terminat
3227 1971 3420 2049 duas
3462 1979 3648 2052 rela-

2102 2065 2380 2143 tiones.

2196 2193 2414 2290 Dico,
2466 2200 2671 2294 quod
2733 2226 3064 2301 persona
3113 2234 3268 2285 non
3311 2238 3447 2313 per
3505 2221 3646 2293 ali-

2099 2310 2334 2405 quod,
2399 2316 2602 2411 quod
2656 2317 2753 2393 sit
2829 2322 3019 2419 ejus,
3096 2338 3178 2402 ut
3236 2335 3637 2432 terminus,

2098 2427 2459 2503 terminat
2517 2431 3114 2532 dependentiam
3161 2457 3461 2527 naturae
3505 2456 3639 2528 bu·

2096 2565 2349 2619 manaa
2407 2547 2500 2620 ad
2544 2548 2821 2649 ipsam,
2869 2559 3023 2632 ,sed
3090 2571 3388 2639 tantum
3449 2573 3639 2646 rela-

2094 2659 2300 2735 tione
2336 2661 2427 2736 ad
2482 2663 2706 2756 intra,
2746 2669 2849 2745 ita
2890 2676 3095 2771 quod
3127 2678 3423 2779 filiatio,
3461 2709 3635 2785 quae

2093 2786 2206 2851 est
2239 2788 2558 2875 aeterna,
2593 2793 2667 2858 et
2721 2787 2959 2864 Filius
3003 2792 3410 2876 includens
3450 2807 3636 2880 rela-

2090 2893 2377 2970 tionem
2439 2909 2552 2974 est
2622 2905 2996 2984 terminus
3076 2915 3470 2995 relationis
3536 2925 3629 2997 ad

2090 3009 2314 3102 intra,
2354 3023 2428 3088 et
2470 3019 2828 3096 terminat
2864 3023 3454 3123 dependentiam
3507 3063 3634 3116 na·
3660 3077 3982 3131 Anterrela-

2091 3138 2282 3205 turae
2338 3133 2701 3213 humanae
2743 3140 2837 3214 ad
2906 3142 3187 3243 ipsum,
3259 3176 3415 3227 non
3484 3160 3626 3234 sub
3659 3143 3974 3256 ffssttfifflig.

2084 3247 2342 3345 aliqua
2374 3255 2909 3354 correlatione,
2960 3264 3092 3337 sed
3135 3266 3279 3342 sub
3330 3273 3624 3353 ratione
3673 3272 3941 3383 “⁰32²’‘

2082 3364 2569 3470 absoluta‚!et
2609 3373 2717 3448 sic
2757 3386 3005 3474 potest
3045 3384 3312 3459 eadem
3358 3392 3622 3469 relatio
3850 3372 3862 3384 ⁰
3941 3374 3949 3383 ¹

2080 3504 2250 3557 esse
2293 3485 2605 3562 alterius
2638 3492 3031 3570 relationis
3065 3503 3437 3581 terminus
3478 3512 3622 3585 sub

2078 3599 2376 3677 ratione
2429 3608 2890 3703 correlativi,
2962 3623 3034 3688 et
3110 3620 3424 3698 alterius
3478 3629 3621 3703 sub

2077 3715 2372 3792 ratione
2406 3720 2763 3797 absoluti.

2173 3832 2285 3905 Ad
2320 3834 2557 3926 aliud,
2618 3841 2824 3936 quod
2867 3846 3061 3922 solet
3117 3850 3370 3949 objici,
3417 3863 3623 3955 quod

2073 3957 2351 4024 natura
2446 3955 2787 4033 humana
2855 3963 3084 4039 habet
3136 3993 3319 4060 esse,
3415 3979 3620 4055 unde

2074 4068 2695 4146 communicatur
2726 4076 2870 4150 sibi
2903 4082 3054 4158 tale
3114 4109 3298 4183 esse,
3343 4116 3616 4171 verum

2072 4192 2214 4277 est,
2271 4207 2427 4259 non
2499 4187 2699 4264 sicut
2757 4194 3028 4270 albedo
3098 4204 3398 4302 parieti,
3481 4215 3612 4287 sed

2070 4297 2271 4373 sicut
2360 4303 2799 4401 hypostasis
2879 4314 3357 4411 substantiae,
3442 4326 3612 4405 ideo

2067 4414 2439 4515 Verbum,
2490 4431 2568 4495 ut
2605 4424 3187 4509 fundamentum
3240 4444 3610 4537 proxima}

2067 4533 2388 4609 rationis
2451 4542 2914 4620 terminandi
2981 4550 3604 4662 dependentiam,

2065 4653 2590 4730 estterminus
2635 4661 3029 4739 relationis
3070 4670 3163 4743 ad
3226 4672 3468 4773 intra,
3535 4695 3608 4759 et

2065 4766 2209 4840 hoc
2251 4792 2405 4844 non
2442 4776 2830 4852 concludit
2882 4780 3135 4879 ipsum
3204 4813 3369 4869 esse
3425 4822 3609 4896 pro-

2056 4883 2354 4959 ximum
2419 4889 2998 4973 fundamentum
3067 4903 3602 5005 dependentia}

2058 5010 2358 5081 naturae
2402 5009 2763 5088 humanae
2805 5017 2899 5090 ad
2961 5019 3235 5121 ipsam,
3280 5030 3600 5131 inquan-

2053 5126 2217 5193 tum
2261 5124 2730 5220 hujusmodi.

2149 5240 2264 5312 Ad
2290 5242 2625 5338 primum
2657 5249 3109 5352 principale,
3164 5262 3334 5339 dico
3386 5276 3589 5366 quod
3743 5306 3848 5374 11·

2049 5357 2392 5453 1³0OEntia
2465 5360 2749 5459 LOgiCfl
2815 5393 2968 5443 non
3037 5375 3266 5454 habet
3331 5396 3590 5482 poten·
3622 5419 3909 5481 Adarg.1.

2050 5472 2233 5546 tiam
2278 5478 2556 5551 realem
2603 5480 2679 5553 in
2727 5494 3050 5585 utroque
3084 5505 3449 5598 extremo,
3507 5518 3587 5582 ut
3618 5481 3939 5547 principale,

2048 5588 2513 5689 frequenter,
2545 5598 2679 5671 sed
2713 5602 2994 5678 suflicit
3035 5607 3110 5681 in
3154 5614 3391 5703 altero
3429 5631 3583 5698 tan-

3798 1184 3901 1251 10.

2046 5714 2238 5804 tum,
2277 5719 2359 5784 ut
2416 5735 2591 5787 cum
2647 5715 2925 5793 dicitur
2977 5747 2990 5796 :
3066 5724 3274 5805 Deus
3338 5745 3584 5834 potuit
