4295 6326
658 388 744 454 46
1410 370 1423 381 “
2080 381 2323 451 LIBRI
2368 380 2456 448 11.

660 572 813 655 tur,
859 561 921 636 si
991 561 1251 637 radius
1310 569 1563 636 rectus
1644 569 1844 636 esset
1920 561 2044 634 hic
2122 558 2201 632 in

665 679 942 773 medic,
990 690 1061 755 et
1103 703 1255 754 non
1299 703 1343 754 a
1380 678 1587 773 Sole,
1620 679 1750 753 sed
1795 700 2208 753 conserva-

664 806 873 873 retur
904 823 949 874 a
1004 798 1192 892 Dec,
1239 807 1499 895 ageret
1548 795 1953 895 sphaerica,
2036 819 2211 870 cau-

664 913 904 987 sando
983 915 1243 989 lumen
1323 912 1838 1010 undequaque
1900 909 2211 1008 aequali-

663 1039 778 1105 ter
847 1058 865 1124 3
937 1031 1071 1105 sed
1139 1031 1576 1130 oppositum
1671 1030 2025 1104 videmus
2114 1030 2212 1104 ad

665 1168 1008 1236 sensum,
1055 1146 1238 1243 quia
1294 1145 1450 1243 agit
1506 1168 1643 1243 per
1720 1145 2005 1219 lineam
2057 1167 2214 1219 rec—

666 1268 849 1352 tam,
913 1272 987 1333 et
1044 1285 1198 1334 non
1260 1260 1646 1334 illuminat
1711 1270 1913 1335 retro
1958 1260 2213 1333 fenes-

669 1386 860 1450 tram
956 1385 1332 1474 quantum
1425 1376 1603 1450 facit
1704 1375 1989 1450 directo
2085 1397 2214 1448 as-

669 1503 919 1591 pectu.

454 1626 517 1692 6.
769 1615 875 1685 Ex
925 1613 1068 1686 isto
1129 1624 1443 1710 apparot
1509 1611 1715 1708 quod
1782 1635 2020 1708 agens
2088 1633 2215 1707 po-

672 1736 817 1803 test
869 1751 1097 1824 agere
1162 1727 1733 1802 immediatione
1800 1750 2058 1801 causae
2133 1726 2210 1798 in

672 1845 978 1942 aliquod
1087 1844 1404 1938 distanS,
1490 1845 1674 1943 quia
1775 1844 2214 1918 necessario

672 1961 1249 2060 oportetdiccre
1313 1962 1517 2058 quod
1568 1960 1697 2035 Sol
1753 1961 1909 2056 agit
1952 1960 2214 2034 imme·

666 2078 865 2151 diate
908 2078 981 2149 in
1056 2077 1388 2173 aliquam
1449 2086 1739 2174 partem
1802 2077 2059 2168 medii,
2099 2076 2214 2173 ip-

662 2217 824 2269 sam
859 2194 1368 2269 illuminando
1416 2193 1989 2267 immediatiouc
2024 2219 2214 2268 cau-

660 2335 793 2385 sae.
832 2309 981 2384 Sed
1014 2309 1419 2399 sitantum
1462 2319 1721 2406 ageret
1767 2309 2211 2385 immediate

659 2428 734 2500 in
788 2427 861 2500 id
896 2425 1100 2522 quod
1153 2426 1556 2516 illuminat,
1600 2436 1678 2499 ut
1718 2424 1865 2499 sibi
1936 2426 2214 2500 imme-

657 2544 948 2617 diatum
1021 2541 1583 2627 mathematice,
1672 2542 1908 2637 igitur
1959 2544 2211 2615 solum

664 2658 1136 2732 illuminaret
1174 2657 1689 2754 superficiem,
1714 2669 1789 2731 et
1827 2657 1994 2755 ipsa
2036 2658 2216 2731 illu-

666 2775 954 2849 minata
978 2773 1204 2847 aliam
1239 2773 1711 2847 illuminaret
1741 2773 2210 2867 immediate,

665 2902 739 2964 et
778 2900 959 2964 tunc
1015 2912 1295 2985 corpus
1355 2890 1871 2964 illuminatum
1915 2898 2211 2964 tautum

664 3016 866 3081 esset
897 3004 1405 3101 compositum
1449 3029 1537 3077 ex
1592 3003 2154 3103 superficiebus
2191 3017 2206 3077 3

312 3139 388 3190 De
418 3139 520 3189 hoc
549 3151 631 3189 nu·
667 3124 899 3218 igitur
937 3131 1234 3220 oportet
1274 3121 1477 3220 quod
1511 3132 1686 3217 agat
1740 3122 1815 3195 iu
1888 3121 2207 3215 distauS,

314 3201 633 3314 af'tiissf'issi.
668 3240 871 3340 quod
909 3264 1061 3312 non
1104 3250 1217 3313 est
1266 3238 1410 3311 sibi
1476 3240 2002 3314 immediatum
2045 3265 2214 3313 ma-

358 3327 603 3453 ffgt‘ffiss.
670 3354 1101 3429 thematice.
1141 3352 1289 3427 Sed
1341 3354 1585 3448 major
1647 3355 1888 3428 virtus
1963 3356 2212 3430 activa

313 3450 633 3563 ‘¹⁵⁸⁰J?„‚¹⁸'
664 3482 913 3569 potest
970 3469 1377 3544 distantius
1448 3493 1730 3566 agere3
1777 3471 2011 3567 igitur
2078 3473 2207 3546 Sol

663 3599 910 3687 potest
986 3587 1395 3661 distantius
1490 3611 1717 3682 agere
1786 3611 2017 3686 quam
2098 3615 2209 3664 ra-

660 3707 859 3796 dius'‚
905 3718 980 3779 et
1016 3729 1170 3779 non
1245 3705 1401 3799 agit
1458 3704 1538 3777 in
1610 3706 1775 3779 haec
1843 3706 2206 3782 inferiora

659 3821 1042 3896 mediante
1180 3820 1426 3914 radio,
1508 3829 1872 3918 tanquam
1969 3846 2205 3898 causa

657 3937 1279 4035 agente.Radius
1347 3948 1602 4012 tamen
1672 3939 2008 4036 aliquam
2070 3965 2203 4015 ac-

655 4055 937 4129 tionem
1011 4053 1325 4127 haberet
1404 4054 1819 4151 propriam,
1859 4057 1990 4129 sed
2068 4056 2200 4131 Sol

653 4170 1029 4270 praevenit
1130 4170 1297 4265 ejus
1400 4170 1810 4245 actionem.
1896 4172 1986 4245 Et
2089 4174 2198 4248 sic

652 4297 926 4383 agente
1014 4285 1366 4361 debiliori
1487 4298 1866 4382 praesente
1951 4298 2201 4386 potest

650 4429 890 4500 agens
967 4402 1241 4477 fortius
1315 4403 1745 4501 praevenire
1816 4404 2196 4480 actionem

652 4521 822 4618 ejus
882 4520 1097 4619 prius
1176 4519 1612 4595 inducendo
1682 4520 1899 4592 illum
1970 4521 2199 4597 effec-

650 4647 845 4730 tum,
919 4660 1149 4735 quam
1231 4647 1432 4712 esset
1518 4636 1848 4712 debilius
1960 4662 2198 4736 agens

651 4765 918 4830 natum
990 4754 1355 4828 inducere
1414 4754 1489 4826 in
1561 4754 2199 4856 majorivtempo-

646 4895 755 4946 re.

292 4991 614 5106 ffgssgssmggj
747 4989 955 5063 Idem
1002 4987 1229 5063 etiam
1273 4995 1475 5084 patet
1504 4988 1596 5062 de
1629 4989 1840 5064 radio
1877 4990 2190 5086 refleXO,

292 5132 348 5167 οε
388 5132 419 5189 ᾳ
451 5117 611 5168 lumi·
651 5107 857 5203 quod
901 5105 996 5179 sit
1035 5103 1472 5178 immediate
1521 5127 1566 5178 a
1624 5105 2013 5194 luminari,
2060 5131 2198 5204 per

292 5182 617 5296 „affiman-
649 5221 1162 5322 experientias
1260 5220 1352 5294 de
1438 5223 1752 5317 speculo
1846 5224 2190 5319 ardente,

652 5339 835 5439 quia
867 5337 1069 5435 ignis
1100 5361 1255 5410 non
1290 5347 1650 5411 causatur
1703 5339 1797 5412 ab
1840 5338 2014 5435 istc,
2060 5341 2192 5417 sed

649 5481 693 5531 a
769 5456 973 5531 Sole.
1047 5453 1415 5529 Similiter
1492 5453 1787 5551 species
1868 5456 2195 5533 visibilis

646 5581 965 5649 causata
995 5571 1072 5644 in
1106 5571 1357 5662 ocule,
1406 5592 1544 5667 per
1601 5593 1830 5667 quam
1890 5574 2195 5649 videtur

318 1745 491 1805 Quare
524 1756 614 1793 ra-

348 1807 469 1857 dius
498 1818 606 1855 non

319 1872 428 1933 ugit
446 1867 623 1943 ‘aphe-

415 1943 544 1981 rico.

2321 560 2574 657 imago
2615 560 2694 632 in
2756 562 3101 659 specuIO,
3138 586 3290 635 non
3354 571 3715 636 causatur
3770 561 3864 634 ab

2322 675 2683 773 imagine,
2721 678 2851 752 sed
2931 678 3026 753 ab
3086 678 3381 775 objecto
3458 680 3679 776 cujus
3721 688 3860 753 est.

2321 794 2565 887 Patet,
2607 818 2783 868 nam
2818 794 2912 869 ad
2974 806 3266 870 motum
3323 796 3531 871 illius
3574 797 3680 870 rei
3747 822 3869 871 va-

2321 913 2562 986 riatur
2600 914 2723 987 ille
2794 915 3078 1004 radiuS,
3125 937 3268 988 nec
3336 923 3585 1011 potest
3679 913 3867 1011 fingi

2322 1029 2612 1127 aliquid
2693 1031 2772 1103 in
2834 1033 3177 1129 speculO,
3253 1041 3334 1105 ut
3401 1032 3683 1127 imagO,
3746 1032 3867 1104 vel

2322 1146 2646 1243 species,
2685 1172 2728 1221 a
2796 1171 2951 1245 qua
3011 1159 3373 1222 causatur
3441 1148 3702 1223 radius
3763 1172 3871 1223 re-

2323 1262 2596 1357 flexuS,
2644 1288 2820 1339 nam
2879 1266 3067 1339 illud
3145 1266 3348 1363 quod
3410 1275 3725 1363 apparet
3793 1267 3868 1338 in

2323 1382 2666 1476 speculo,
2704 1405 2858 1454 non
2895 1392 3010 1457 est
3049 1384 3196 1456 nisi
3232 1383 3486 1478 imago
3528 1385 3645 1456 vel
3693 1407 3872 1480 spe-

2322 1497 2505 1591 cieS,
2556 1520 2787 1594 quam
2846 1523 2966 1574 res
3034 1500 3105 1571 in
3178 1524 3258 1574 se
3329 1500 3581 1574 habet.
3658 1500 3874 1574 Patet

2325 1638 2459 1712 per
2528 1616 3062 1713 Perspectivos
3139 1617 3486 1714 praecise,
3561 1627 3635 1689 et
3737 1639 3874 1713 per

2324 1733 2607 1806 Alacen
2653 1742 2725 1806 et
2766 1733 3133 1808 Eucliden
3174 1732 3304 1807 lz'b.
3365 1734 3457 1807 de
3507 1732 3867 1831 speculis,

2324 1874 2501 1925 nam
2544 1853 2872 1948 probant
2934 1852 3086 1933 isti,
3124 1853 3329 1950 quod
3399 1853 3471 1925 in
3538 1853 3872 1951 speculis

2326 1970 2574 2067 planis
2617 1994 2737 2045 res
2814 1982 3131 2070 apparet
3191 1973 3391 2046 ultra
3467 1973 3869 2068 speculum

2323 2087 2417 2159 ad
2455 2097 2740 2162 tantam
2809 2087 3276 2180 distantiam,
3333 2089 3425 2161 ad
3504 2098 3870 2185 quantam

2326 2202 2398 2275 in
2471 2204 2581 2278 rei
2638 2205 2956 2280 veritate
3026 2205 3193 2302 ipsa
3247 2216 3362 2280 est
3420 2206 3675 2298 circa3
3739 2205 3870 2279 sed

2324 2330 2619 2395 constat
2650 2323 2856 2420 quod
2900 2322 3196 2422 species
3229 2323 3335 2398 rei
3397 2348 3549 2396 non
3595 2323 3873 2397 transit

2322 2463 2460 2535 per
2511 2441 2909 2537 speculum
2963 2441 3288 2515 densum
3348 2442 3439 2516 de
3500 2440 3868 2538 chalybe3

2324 2576 2507 2649 ergo
2576 2556 2792 2628 nulla
2879 2555 3177 2652 species
3268 2566 3383 2631 est
3476 2557 3871 2630 causativa

2328 2669 2557 2765 hujus
2597 2670 2788 2744 radii
2821 2671 3143 2746 visualis
3175 2672 3438 2746 reflexi
3499 2696 3543 2746 a
3592 2696 3871 2770 specu-

2325 2786 2424 2878 10,
2471 2787 2603 2861 sed
2636 2788 2883 2861 solum
2930 2788 3161 2863 habet
3227 2788 3472 2888 ipsam
3507 2812 3666 2863 rem
3731 2812 3872 2888 pro

2322 2924 2557 2975 causa
2595 2901 3002 2977 efficiente.

2421 3017 2627 3093 Idem
2683 3028 2889 3115 patet
2946 3021 3038 3094 de
3110 3021 3321 3094 radio
3392 3023 3624 3096 fracto
3694 3045 3869 3096 cum

2322 3143 2683 3208 causatur
2724 3135 3182 3229 combustio,
3223 3138 3534 3234 impleto
3588 3138 3869 3212 urinali

2321 3274 2549 3347 aqua,
2582 3274 2670 3324 cx
2741 3252 3094 3350 opposita
3162 3264 3372 3351 parte
3452 3254 3680 3346 Solis,
3730 3279 3868 3329 nec

2319 3378 2734 3460 generatur
2763 3368 2966 3464 ignis
2998 3371 3092 3443 ab
3164 3394 3392 3467 aqua,
3431 3395 3571 3445 nec
3641 3373 3863 3466 vitro,

2319 3484 2450 3558 sed
2512 3509 2556 3559 a
2613 3486 2815 3559 Sole.
2909 3487 3322 3581 Praeterea,
3394 3489 3716 3563 baculus
3785 3492 3862 3563 in

2316 3623 2517 3697 aqua
2556 3613 2872 3699 apparet
2903 3603 3211 3694 fractuS‚
3246 3605 3428 3701 quia
3483 3606 3866 3700 frangitur

2318 3717 2576 3792 radius
2622 3742 2784 3792 suae
2818 3719 3129 3817 speciei,
3164 3720 3344 3816 quia
3390 3722 3721 3794 declinat
3767 3723 3861 3796 ab

2313 3835 2616 3909 incessu
2666 3844 2895 3928 recte,
2937 3837 3334 3910 utdictum
3369 3848 3511 3930 est,
3577 3848 3649 3913 et
3704 3864 3854 3912 non

2311 3959 2672 4022 causatur
2703 3950 2796 4023 ab
2830 3949 2979 4024 alia
3010 3951 3498 4048 specie,alias
3531 3977 3684 4026 non
3719 3978 3859 4050 ap-

2310 4075 2610 4160 pareret
2641 4066 2965 4140 baculus
3005 4068 3312 4142 tractus.

2408 4182 2691 4256 Praeter
2767 4184 2933 4256 haec
3025 4184 3318 4258 lumina
3388 4196 3502 4258 est
3607 4188 3841 4280 aliud,
3900 4212 4206 4289 Datur1u3

2308 4297 2511 4393 quod
2567 4306 2886 4371 vocatur
2942 4299 3437 4394 accidentale,
3484 4304 3646 4378 sive
3723 4328 3849 4380 se·
3876 4277 4253 4390 munim-m-

2306 4412 2791 4512 cundarium,
2850 4413 2951 4486 ibi
3013 4425 3127 4488 est
3194 4416 3495 4512 umbra,
3560 4430 3630 4494 et
3689 4445 3840 4495 non

2310 4529 2646 4623 tenebra,
2690 4529 2871 4627 quia
2947 4530 3022 4602 in
3093 4532 3224 4605 tali
3272 4535 3564 4609 lumine
3650 4537 3852 4611 vide-

2252 4739 2255 4753 1
2308 4669 2474 4719 mus
2507 4647 2721 4719 nullo
2767 4645 2978 4720 radio
3022 4648 3320 4722 illorum
3384 4651 3613 4725 trium
3656 4678 3855 4750 prae-

2303 4773 2546 4857 sente,
2584 4773 2657 4837 et
2684 4762 2873 4837 illud
2927 4765 3184 4841 lumen
3256 4790 3410 4841 non
3478 4771 3854 4868 multipli-

2302 4889 2520 4954 catur
2550 4880 2987 4957 immediate
3022 4882 3170 4959 nisi
3203 4907 3248 4958 a
3280 4885 3671 4982 luminari,
3715 4889 3848 4963 sed

2303 5005 2417 5068 est
2457 5019 2698 5093 perse
2732 4997 3028 5095 species
3077 4999 3470 5075 sensibilis
3531 5004 3848 5079 luminis

2302 5135 2673 5208 primaru.

2399 5230 2508 5302 Ad
2552 5230 2882 5327 primum
2945 5232 3394 5333 principale,
3428 5238 3597 5312 dico
3640 5239 3844 5337 quod
4003 5286 4045 5353 7

2302 5343 2434 5418 illa
2467 5346 2595 5419 lux
2635 5347 2776 5422 suit
2840 5373 3121 5448 corpus
3186 5353 3655 5430 luminosum
3725 5357 3848 5431 de·
3880 5403 3959 5454 Ad
3990 5338 4271 5469 aigum.

2302 5462 2785 5536 nominatum
2819 5488 2861 5538 a
2903 5468 3267 5562 qualitate
3297 5471 3534 5544 nobili
3588 5473 3661 5545 in
3721 5497 3840 5570 eo,
3874 5464 4239 5595 prl'ssifffi'fi}

2302 5587 2375 5650 et
2420 5579 2609 5653 sorte
2644 5579 2778 5654 fuit
2813 5582 3000 5656 illud
3044 5608 3351 5683 corpus,
3389 5590 3593 5685 quod
3637 5615 3843 5666 nunc
4249 5573 4276 5589 .
