4295 6326
322 1623 399 1676 Ad
436 1626 536 1672 ter-

370 1686 525 1736 tium.

279 1750 391 1804 Utri
431 1749 597 1812 magia

278 1813 596 1867 dominaba-

624 511 755 580 374

627 676 707 751 in
770 678 903 755 illo
993 690 1336 782 tempore
1423 684 1862 760 emissionis
1962 680 2177 756 vocis

628 798 1248 893 suspendebatur
1353 802 1754 899 antiquum
1853 801 2178 874 miracu·

627 915 823 1009 lum,
856 926 930 990 et
970 919 1223 992 statim
1286 920 1747 995 redundavit
1800 919 2044 1017 gloria
2094 918 2172 989 in

627 1057 936 1133 corpuS,
977 1046 1050 1111 et
1080 1047 1157 1112 tu
1176 1063 1268 1114 nc
1326 1040 1576 1139 potuit
1623 1042 1954 1115 clamare
1996 1039 2175 1113 abs-

627 1173 777 1249 que
832 1176 1033 1229 novo
1098 1156 1498 1252 miracuIO,
1560 1170 1632 1234 et
1698 1158 1951 1233 statim
2004 1164 2176 1255 post

627 1267 851 1343 rediit
893 1271 1297 1370 antiquum
1334 1274 1821 1370 miraculum,
1858 1297 2176 1373 suspen-

628 1384 878 1460 dendo
911 1388 1236 1483 gloriam
1283 1392 1656 1492 corporiS,
1693 1402 1767 1467 et
1807 1401 1990 1466 tunc
2031 1415 2174 1465 na-

627 1503 976 1581 turaliter
1019 1507 1510 1584 moriebatur.

726 1621 839 1694 Ad
880 1623 1085 1698 aliud
1117 1649 1291 1699 cum
1339 1626 1643 1720 dicitur,
1680 1627 1939 1701 anima
2007 1650 2174 1701 ma-

630 1736 748 1831 gis
797 1737 1340 1818 dominabatur
1396 1744 1696 1841 corpori
1749 1767 1980 1840 quam
2032 1766 2172 1841 ap-

1995 503 2231 573 LIBRl
2283 500 2404 569 111.

2293 686 2453 752 tum
2491 675 2584 750 ad
2627 680 2918 748 motum
2967 671 3315 764 localem,
3361 691 3515 742 non
3573 674 3827 742 tamen

2289 802 2664 894 quantum
2697 789 2790 865 ad
2820 809 3388 886 quemcumque
3422 793 3716 857 motum
3751 783 3830 856 in

2287 933 2633 1009 corpore,
2667 908 2848 1005 quia
2872 914 3246 1004 quantum
3272 902 3362 978 ad
3407 900 3828 999 potentiam

2289 1028 2795 1127 vegetativam
2845 1034 3110 1116 totam,
3179 1044 3331 1095 non
3376 1027 3672 1094 tantum
3706 1017 3835 1091 do-

2289 1148 2625 1221 minatur
2655 1144 2913 1219 anima
2952 1138 3282 1238 corpori,
3315 1136 3512 1211 sicut
3543 1134 3831 1232 appeti-

2284 1265 2396 1341 tui
2463 1261 2857 1352 sensitivo,
2931 1258 3112 1356 quia
3186 1253 3571 1353 appetitus
3644 1274 3825 1325 sen-

2285 1383 2558 1458 sitivus
2660 1376 3055 1453 rationalis
3158 1381 3272 1448 est
3336 1393 3473 1470 per
3583 1366 3827 1468 parti-

2285 1498 2774 1600 cipationem,
2837 1504 2912 1570 et
3002 1493 3081 1566 in
3158 1492 3305 1564 hoc
3399 1494 3625 1562 natus
3711 1492 3827 1559 est

2283 1618 2592 1694 obedire
2635 1614 2961 1706 animae3
2999 1607 3338 1711 potentia
3381 1627 3563 1680 vero
3596 1624 3831 1698 vege-

2279 1739 2517 1815 ta‘tiva
2555 1744 2927 1835 quantum
2962 1730 3057 1805 ad
3099 1727 3527 1803 naturalem
3568 1732 3831 1821 poten-

279 1883 369 1928 tur
398 1877 579 1926 anima
627 1853 1323 1953 petituisensitivo,
1369 1860 1538 1935 dico
1624 1862 1828 1958 quod
1898 1883 2167 1934 verum
2281 1856 2461 1931 tiam
2527 1876 2775 1945 suam,
2820 1872 2962 1923 nec
3031 1855 3145 1921 est
3210 1840 3606 1918 rationalis
3687 1842 3826 1936 per

276 1939 492 1995 Christi,
509 1952 596 2000 ap-

339 2003 531 2067 patitui

295 2063 571 2119 sensitivo,

275 2129 360 2180 vel
399 2141 595 2241 (ξος-ρο-

387 2205 432 2242 τι

627 1979 766 2062 est,
803 1980 1176 2068 quantum
1234 1975 1326 2049 ad
1399 1977 1542 2051 hoc
1601 1976 1807 2074 quod
1887 2000 2169 2075 corpus

623 2109 777 2159 non
839 2098 1090 2186 potest
1155 2091 1509 2168 resistere
1560 2093 1870 2188 animae,
1916 2117 2169 2192 quan-

2280 1970 2720 2063 essentiam,
2753 1989 2893 2040 nec
2924 1986 3061 2063 per
3091 1955 3779 2061 participationem.
