4295 6326
664 415 792 482 508

662 587 1028 682 potentia,
1090 599 1345 665 tamen
1416 614 1581 666 esse
1645 591 1843 666 idem
1906 588 2209 665 habitui

664 704 971 779 realiter
1017 728 1171 778 non
1233 716 1348 780 est
1395 706 2024 805 imperfectionis,
2083 706 2210 781 Sic

666 819 974 895 habitus
1006 821 1399 897 charitatis
1431 834 1547 897 est
1578 823 1999 897 formaliter
2038 824 2214 896 cha-

666 937 874 1024 ritas,
916 948 989 1012 et
1028 950 1212 1014 tunc
1248 941 1385 1016 iste
1446 953 1663 1017 actus
1699 965 1901 1016 unus
1960 949 2075 1015 est
2115 940 2209 1014 ab

669 1055 800 1128 illo
833 1055 1093 1129 habitu
1139 1080 1319 1150 unc,
1366 1067 1439 1132 et
1502 1082 1654 1131 uno
1696 1058 2020 1154 object0‚
2075 1056 2212 1154 qui

668 1169 877 1246 Deus
918 1181 1056 1246 est.

769 1290 878 1363 Ex
919 1292 1203 1388 quibus
1245 1292 1513 1389 quinto
1556 1302 1759 1390 patet
1819 1317 1973 1366 non
2041 1315 2209 1367 esse

670 1404 1278 1505 inaequalitatem
1339 1434 1429 1485 ex
1500 1420 1711 1508 parte
1781 1409 2212 1483 dilectionis

321 1517 611 1645 pffss'ssi'n‘}
670 1549 863 1620 suae,
941 1536 1021 1599 ut
1059 1527 1597 1601 consideratur
1657 1528 1729 1600 in
1790 1550 1900 1619 se,
1954 1528 2073 1600 vel
2132 1526 2206 1598 in

419 1643 573 1694 5⁰³0·
670 1642 939 1716 ordine
1000 1644 1093 1716 ad
1172 1667 1397 1717 suum
1481 1643 1979 1741 principium,
2076 1643 2209 1717 sed

667 1767 967 1833 tantum
1006 1770 1086 1832 ut
1126 1760 1202 1833 in
1246 1760 1513 1834 ordine
1547 1760 1640 1834 ad
1676 1760 1935 1854 volita,
1980 1782 2214 1857 super

670 1899 846 1973 quae
914 1876 1207 1969 transit,
1268 1901 1420 1950 non
1498 1885 1790 1952 tantum
1861 1877 2044 1974 quia
2085 1876 2214 1949 illa

668 1994 904 2068 volita
945 2004 1152 2088 sunt,
1196 1995 1314 2068 vel
1362 1993 1778 2091 inaequalia
1808 1993 2010 2068 bona
2033 2001 2212 2068 sunt

668 2111 780 2186 eis
864 2111 1128 2204 volita,
1227 2112 1362 2187 sed
1452 2111 1678 2187 etiam
1782 2112 2211 2186 secundum

671 2230 1080 2326 quemdam
1113 2229 1460 2303 ordinem
1498 2228 1765 2303 transit
1794 2253 2025 2326 super
2050 2229 2206 2303 illa.

668 2345 853 2419 Vult
885 2344 1092 2419 enim
1126 2345 1337 2420 Deus
1397 2370 1486 2420 ex
1544 2345 1911 2420 charitate
1963 2345 2210 2443 primo

671 2463 868 2536 bene
930 2485 1099 2537 esse
1165 2462 1337 2552 sibi,
1396 2470 1767 2560 tanquam
1838 2462 1974 2535 fini
2043 2486 2213 2535 om-

672 2578 942 2672 nium3
1014 2579 1383 2673 secund0,
1454 2581 1624 2654 vult
1689 2579 1923 2653 alium
2012 2580 2212 2654 velle

671 2696 813 2770 sibi
905 2697 1193 2771 bonum
1264 2720 1458 2771 esse.
1535 2697 1616 2769 ln
1689 2697 1833 2771 isto
1896 2696 2212 2771 instanti

364 2858 606 2910 Primum
670 2822 915 2910 potest
949 2813 1130 2911 poni
1165 2812 1762 2910 praedestinatio.
1802 2815 1910 2887 Ex
1942 2813 2212 2887 eodem

370 2924 593 2974 ‘'⁰5⁰¹OE
671 2929 876 3004 enim
912 2930 1177 3005 habitu
1210 2939 1459 3028 potest
1485 2932 1681 3005 velle
1725 2930 1911 3003 mihi
1953 2930 2216 3005 omnia

321 2985 639 3113 gigrissffiss-
672 3045 1112 3119 necessaria
1183 3047 1276 3120 ad
1318 3046 1794 3142 diligendum
1838 3069 1944 3131 se,
1992 3053 2064 3120 et
2121 3068 2214 3118 ex

373 3117 573 3166 torum.
672 3165 1178 3262 consequenti
1212 3163 1342 3238 illa
1365 3162 1666 3239 efficere
1710 3165 1784 3237 in
1830 3188 1976 3239 me.
2012 3165 2210 3239 Nam

672 3292 842 3380 post
910 3282 1356 3356 volitionem
1428 3280 1630 3375 finis,
1677 3282 2010 3381 primum
2080 3283 2215 3356 im·

674 3398 1221 3475 mediatissime
1271 3398 1591 3473 volitum
1652 3398 1955 3474 videtur
2021 3399 2212 3473 illud

668 3516 879 3614 quod
922 3515 1575 3614 propinquissime
1609 3517 1702 3590 ad
1737 3515 1966 3591 finem
2001 3516 2212 3591 ordi-

668 3642 899 3707 natur
939 3633 1017 3705 in
1061 3633 1271 3706 omni
1316 3633 1748 3707 rationabili
1781 3636 2204 3725 voluntate,

668 3759 744 3825 et
784 3750 956 3824 ideo
998 3749 1187 3823 illud
1221 3773 1357 3847 per
1405 3750 1611 3847 quod
1661 3750 1755 3824 ad
1798 3750 2031 3824 finem
2079 3751 2213 3825 de-

668 3868 981 3943 venitur
1038 3866 1608 3960 immediatius3
1655 3876 1728 3942 et
1779 3868 2001 3941 tertio
2042 3892 2214 3942 om-

674 3984 804 4059 nia
836 4006 1327 4081 quocumque
1363 3985 1587 4057 modo
1630 3984 1723 4057 ad
1758 3986 1924 4059 haec
1956 4008 2214 4059 neces·

676 4100 905 4193 saria,
952 4110 1024 4174 et
1057 4099 1165 4174 sic
1216 4110 1376 4197 post
1425 4099 2206 4197 praedestinationem.

440 4277 468 4342 1
487 4278 506 4342 ¹
775 4216 1070 4291 Deinde
1105 4226 1218 4290 est
1253 4216 1556 4290 collatio
1615 4215 1882 4310 gratiae
1914 4225 1988 4290 et
2019 4217 2216 4291 alio-

322 4393 452 4443 Post
483 4327 639 4457 ogm-
673 4353 842 4404 rum
916 4330 1652 4428 supernaturalium,
1715 4330 1997 4428 quibus
2064 4330 2215 4404 irn-

324 4455 511 4514 tunna,
556 4469 640 4504 vo·
678 4447 1001 4522 mediate
1035 4446 1482 4542 attingimus
1522 4444 1783 4539 finem,
1830 4457 1900 4520 et
1953 4456 2215 4544 postea

375 4519 500 4569 litus
530 4521 610 4569 est
680 4566 693 4579 ,
1448 4565 1461 4577 .
1529 4563 1541 4576 .
1588 4565 1599 4576 .
1922 4563 1934 4576 .
2086 4564 2097 4575 .
2155 4564 2168 4577 .

370 4582 606 4632 mundus
676 4576 815 4640 iste
885 4564 1218 4638 mundus
1259 4564 1672 4656 senslbilnS,
1709 4574 1782 4637 et
1839 4564 1989 4637 alla
2028 4589 2216 4637 visi·

323 4658 641 4759 ‘'uffinffifff‘
677 4681 884 4773 bilia,
942 4703 1117 4777 qnae
1185 4691 1363 4753 sunt
1416 4689 1724 4777 propter
1789 4678 2210 4773 hominem,

679 4797 875 4871 sicut
945 4805 1257 4893 propter
1316 4794 1531 4887 illud,
1597 4795 1800 4891 quod
1865 4794 2081 4892 prius
2143 4804 2218 4869 et

683 4914 1201 4989 immediatius
1258 4922 1374 4986 est
1434 4913 1754 4988 volitum
1802 4912 1872 4985 in
1948 4912 2215 4987 ordine

677 5032 767 5106 ad
848 5052 1337 5105 communem
1409 5028 1639 5103 finem
1705 5028 2080 5120 omnium,
2143 5039 2219 5102 et

681 5147 879 5221 sicut
913 5146 1098 5218 illud
1129 5145 1328 5241 quod
1373 5144 1889 5242 propinquius
1930 5143 2063 5216 fini
2111 5145 2216 5217 ul-

678 5265 860 5336 timo
904 5263 1183 5336 dicitur
1228 5259 1406 5335 finis
1446 5262 1635 5357 ejuS,
1692 5263 1898 5358 quod
1957 5284 2216 5335 remo-

672 5380 824 5454 tius
883 5380 977 5453 ab
1038 5402 1155 5453 eo.
1216 5378 1298 5450 In
1362 5378 1723 5451 omnibus
1787 5388 2036 5451 tamen
2096 5377 2215 5451 his

674 5497 1068 5593 gradibuS,
1147 5519 1347 5569 unus
1416 5507 1529 5570 est
1587 5505 1828 5588 actuS,
1902 5495 2034 5594 qui
2102 5504 2216 5570 est

679 5617 996 5715 diligere
1090 5613 1352 5689 omnia
1439 5613 1953 5712 inaequaliter,
2057 5637 2214 5687 non

349 1328 469 1379 Non
511 1332 593 1379 est

321 1391 615 1507 {aaa

2004 418 2240 485 LIBRI
2290 418 2409 486 111.

2316 591 2691 685 absolute,
2763 594 2894 668 sed
2941 604 3020 667 ut
3060 594 3332 670 transit
3390 594 3465 668 in
3510 594 3854 690 objecta3

2318 734 2471 783 non
2534 710 2842 809 quidem
2887 712 3313 810 aequaliter,
3379 713 3509 786 sed
3573 736 3862 787 secun-

2319 827 2498 900 dum
2550 828 2752 926 quod
2798 829 3056 926 aliqua
3097 828 3617 904 immediatius
3668 828 3862 903 ordi-

2316 955 2604 1019 nantur
2635 946 2725 1019 ad
2761 945 3024 1039 finem,
3062 945 3232 1021 ideo
3269 971 3421 1020 non
3456 947 3861 1044 aequaliter

2319 1061 2565 1157 diligit
2605 1062 2890 1149 onmia,
2928 1063 3314 1160 loquendo
3377 1064 3467 1137 de
3518 1072 3717 1149 actu,
3783 1072 3862 1137 ut

2318 1177 2590 1252 transit
2646 1179 2720 1251 in
2767 1179 3089 1276 objecta,
3155 1179 3338 1278 quia
3394 1204 3544 1253 non
3590 1180 3863 1254 transit

2317 1294 2390 1366 in
2454 1295 2716 1369 omnia
2745 1295 3043 1392 objecta
3094 1295 3598 1381 uniformiter,
3666 1296 3863 1393 quia

2318 1411 2563 1510 primo
2599 1413 2759 1485 vult
2791 1436 2897 1502 se,
2928 1414 3269 1487 secundo
3303 1414 3471 1487 vult
3502 1414 3699 1488 velle
3742 1437 3855 1506 se,

2317 1539 2390 1602 et
2429 1528 2650 1602 ‘tertio
2711 1531 2875 1602 vult
2914 1529 3175 1603 omnia
3238 1529 3531 1603 homini
3586 1553 3859 1605 neces-

2319 1645 2520 1719 saria
2551 1645 2642 1718 ad
2679 1648 2822 1719 hoc
2855 1646 3298 1720 volendum.
3977 1708 4006 1716 -

2414 1764 2522 1836 Ad
2587 1763 2946 1860 primum,
3010 1773 3216 1861 patet
3276 1764 3477 1862 quod
3550 1763 3856 1838 habitus
4009 1765 4118 1829 12-

2317 1877 2605 1975 aliquid
2685 1878 2865 1952 dicit
2955 1879 3466 1976 perfectionis,
3567 1879 3857 1954 scilicet
3891 1881 4212 1956 *Urgum-

2318 1990 2637 2068 firmiter
2713 2005 2787 2067 et
2845 1994 3187 2083 faciliter,
3262 2003 3336 2068 et
3401 1993 3508 2068 sic
3606 2003 3853 2092 potest
3899 1958 4188 2066 31:322&ss

2317 2110 2500 2206 poni
2583 2109 2921 2183 charitas
2978 2110 3056 2182 in
3115 2111 3508 2184 voluntate
3588 2110 3856 2185 divina
3886 2070 4209 2182 eiiffifff‘i'n

2318 2248 2471 2298 non
2541 2235 2908 2323 tanquam
2977 2227 3267 2301 distans
3326 2227 3420 2300 ab
3514 2237 3684 2301 actu
3759 2228 3852 2301 ad
3983 2196 4120 2246 neo.

2315 2363 2545 2438 quem
2604 2342 3029 2436 ordinatur,
3066 2344 3185 2416 vol
3250 2367 3295 2416 a
3362 2343 3729 2441 potentia,
3776 2343 3850 2417 in

2314 2479 2470 2554 qua
2554 2459 2965 2552 fundatur3
3030 2459 3426 2556 quodlibet
3465 2459 3670 2534 enim
3733 2483 3856 2534 eo-

2315 2598 2514 2668 rum,
2586 2598 2761 2649 cum
2821 2574 2917 2647 sit
2985 2573 3401 2650 formaliter
3442 2573 3853 2661 infinitum,

2312 2692 2636 2766 includit
2686 2692 2893 2766 aliud
2929 2717 3063 2790 per
3104 2691 3604 2766 identitatem.

2409 2808 2520 2881 Ad
2554 2807 2792 2899 aliud,
2828 2806 3239 2882 dicendum
3284 2808 3487 2905 quod
3524 2808 3662 2883 etsi
3699 2833 3855 2882 non
3888 2833 3966 2883 Aa
4010 2847 4210 2883 secun-

2313 2922 2574 2997 omnia
2614 2922 2768 2998 sint
2806 2924 3209 3020 diligibilia
3241 2949 3333 2998 ex
3366 2926 3740 3001 charitate
3782 2935 3858 3001 et
3980 2897 4138 2948 ἀπ’·

2315 3064 2574 3116 amore
2672 3041 3348 3139 concupiscentiae,
3441 3065 3596 3139 qua
3680 3043 3855 3140 quis

2314 3161 2480 3234 vult
2546 3159 2690 3234 sibi
2748 3170 2822 3234 et
2883 3160 3100 3234 alleri
3153 3159 3282 3235 illa
3319 3161 3549 3250 bona,
3596 3171 3853 3237 tamen

2314 3288 2495 3351 sunt
2522 3300 2612 3351 ex
2645 3277 3014 3352 charitate
3039 3278 3428 3375 diligenda
3447 3279 3853 3356 dilectione

2316 3393 2823 3469 conveniente
2866 3394 3001 3469 eis.

2414 3513 2524 3586 Ad
2607 3511 2939 3596 tertium,
3036 3512 3495 3610 figurativus
3600 3539 3853 3590 sermo
3948 3551 4026 3601 Ad
4063 3554 4182 3602 te...

2316 3639 2475 3704 est:
2521 3630 2734 3703 Deus
2792 3629 3176 3723 irascitur,
3250 3630 3382 3705 sed
3439 3640 3690 3706 tamen
3745 3632 3858 3707 ira
3980 3614 4133 3666 ‘¹⁰¹⁸‘

2317 3757 2430 3823 est
2487 3747 2564 3819 in
2628 3748 3051 3840 voluntate,
3119 3757 3193 3822 et
3257 3758 3715 3846 potestesse
3774 3750 3854 3824 in

2316 3863 2540 3938 nohis
2634 3863 3036 3938 ordinatus
3124 3875 3339 3938 actus
3440 3867 3857 3941 voluntatis

2317 3991 2628 4081 propter
2675 4005 2933 4056 veram
2979 3982 3683 4082 parvipensionem,
3744 3996 3858 4060 est

2321 4107 2571 4172 tamen
2643 4097 3025 4195 appetitus
3100 4098 3487 4192 vindictae,
3552 4122 3728 4197 quae
3779 4101 3860 4174 fi·

2318 4238 2512 4311 gura
2541 4224 2656 4288 est
2693 4213 3193 4311 Metonymia.
3238 4215 3517 4289 Tamen
3555 4218 3670 4290 ira
3701 4241 3854 4293 non

2318 4330 2597 4406 estnisi
2625 4330 3006 4428 appetitus
3037 4330 3451 4418 sensibilis,
3488 4332 3670 4428 quia
3703 4358 3850 4408 non

2318 4454 2431 4521 est
2463 4446 2610 4520 nisi
2639 4444 2991 4519 accensio
3033 4445 3438 4542 sanguinis
3469 4447 3669 4522 circa
3702 4473 3855 4536 cor,

2317 4564 2488 4638 ideo
2543 4572 2841 4637 tantum
2904 4563 3196 4660 appetit
3251 4563 3665 4639 vindictam
3746 4567 3852 4640 illi

2319 4679 2450 4776 qui
2519 4701 2699 4752 vere
2769 4702 2946 4752 eum
3028 4677 3578 4777 vilipendebat,
3656 4683 3860 4773 unde,

2320 4796 2514 4871 velle
2551 4796 2824 4893 punire
2877 4806 2991 4870 est
3034 4795 3305 4884 irasci;
3356 4821 3571 4871 amor
3600 4809 3856 4873 autem

2318 4911 2965 4988 excluditodium.
3007 4912 3225 4987 Unde
3268 4914 3331 4987 si
3364 4915 3572 4989 Deus
3612 4916 3858 4992 odiret

2321 5029 2684 5127 aliquem,
2780 5029 3245 5103 annihilaret
3348 5030 3858 5129 ipsunused

2321 5146 2555 5237 DeuS,
2620 5144 2742 5218 cui
2787 5143 3167 5236 irascitur,
3214 5147 3375 5219 vult
3438 5170 3634 5242 esse,
3681 5173 3854 5222 cum

2319 5263 2485 5336 vult
2552 5261 2824 5359 punire
2891 5260 3098 5335 illam
3153 5263 3854 5361 parvipensionem,

2319 5391 2574 5455 tamen
2612 5388 2964 5453 naturam
3008 5380 3255 5476 diligit
3308 5381 3645 5477 illorum,
3682 5386 3858 5481 qui-

2318 5498 2466 5571 bus
2509 5496 2887 5588 irascitur,
2925 5496 3107 5593 quia
3137 5496 3201 5571 si
3233 5497 3479 5572 odiret
3517 5510 3859 5589 eOS,sta-

2324 5613 2452 5687 tim
2499 5636 2650 5687 non
2686 5620 2967 5688 essent.
