4295 6326
1412 446 1638 515 DIST.
1691 446 1914 516 xvll.
1968 444 2386 526 QUAESTIO
2439 447 2489 515 l.
3441 449 3523 514 79

441 625 814 723 Quidquid
865 624 962 699 sit
1008 625 1102 699 de
1174 625 1344 717 hoc,
1415 621 1587 698 dico
1664 621 1867 719 quod

96 730 329 848 ἓξὲξ
352 742 692 841 possibile
726 751 840 818 est
881 742 1221 817 animam
1246 740 1490 816 creari
1522 739 1688 813 sine
1713 726 1871 813 cor-

352 884 540 958 pore,
598 859 780 957 quia
839 860 1015 935 licet
1096 860 1364 952 forma,
1435 880 1614 955 quae
1711 879 1866 929 non

348 977 885 1075 produciturin
919 1000 1103 1070 6336,
1162 975 1309 1049 nisi
1363 973 1867 1073 productione

349 1092 580 1187 totius,
629 1118 783 1167 non
825 1093 1295 1191 producatur
1327 1091 1477 1165 nisi
1504 1113 1641 1189 per
1664 1087 1869 1163 acci-

343 1208 512 1283 dens
541 1215 726 1302 (non
760 1209 967 1284 enim
1004 1217 1122 1282 est
1152 1228 1289 1307 per
1330 1230 1442 1300 se,
1477 1203 1866 1303 loquendo

341 1326 421 1401 de
458 1337 630 1402 ente
662 1351 801 1426 per
858 1351 966 1414 se,
1034 1350 1212 1427 quae
1282 1349 1435 1399 non
1506 1321 1867 1398 convenit

339 1447 774 1543 compositO,
812 1454 1017 1543 patet
1056 1468 1154 1519 6:15
1194 1445 1263 1516 7.
1295 1434 1637 1541 Metap'h.
1676 1445 1862 1515 teoet.

336 1566 503 1657 42),
549 1566 689 1640 sed
770 1565 1039 1656 forma,
1101 1586 1280 1661 quae
1340 1561 1686 1636 nondum
1754 1565 1870 1632 est

332 1683 692 1782 producta
796 1681 1306 1779 productione
1429 1675 1864 1777 compositi,

332 1801 448 1875 sed
488 1799 754 1897 aliqua
795 1798 1297 1897 productione
1349 1795 1492 1871 sibi
1563 1817 1865 1869 corres-

332 1917 733 2015 pondente,
766 1916 899 1990 illa
930 1939 1084 1989 non
1120 1924 1417 1990 tantum
1443 1936 1619 1987 cum
1663 1909 1866 1986 enti-

330 2042 464 2106 tate
492 2031 931 2130 compositi,
968 2031 1102 2106 sed
1135 2031 1363 2105 etiam
1417 2052 1555 2128 per
1599 2051 1681 2103 se
1725 2049 1865 2125 po-

331 2159 456 2225 test
517 2149 875 2247 produci,
940 2149 1124 2246 quia
1196 2172 1348 2222 non
1422 2146 1861 2221 necessario

327 2266 695 2365 dependet
727 2266 803 2340 in
829 2290 970 2340 sua
996 2265 1309 2341 entitate
1343 2264 1440 2339 ab
1477 2287 1636 2338 6336
1663 2287 1860 2338 eom-

326 2384 535 2480 positi
585 2412 606 2478 ;
654 2383 825 2459 ideo
868 2383 1037 2457 dico
1079 2382 1284 2481 quod
1332 2381 1590 2457 anima
1617 2381 1861 2456 creari

324 2503 552 2599 potuit
588 2502 670 2575 in
697 2524 1045 2599 corpore,
1082 2524 1236 2574 non
1284 2499 1392 2573 ita
1441 2498 1647 2596 quod
1700 2499 1862 2597 *ali-

325 2619 493 2715 quid
595 2626 1337 2717 praesupponeretur
1402 2615 1579 2710 sibi,
1652 2618 1860 2714 quod

321 2737 408 2809 sit
435 2761 622 2834 pars
663 2734 1041 2834 producti.

154 2862 193 2926 l.
407 2853 552 2928 Sed
598 2866 856 2927 utrum
891 2851 1119 2928 fuerit
1157 2860 1438 2945 creata,
1470 2852 1589 2925 vel
1623 2875 1779 2925 non
1818 2850 1857 2923 Ῥ

110 2975 272 3028 onum
319 2971 491 3045 Dico
542 2971 756 3070 quod
804 2994 958 3044 non
1028 2978 1277 3067 potest
1351 2968 1659 3066 probari
1720 2992 1858 3066 per

80 3034 291 3163 ’Ἔρυξ
319 3089 687 3165 rationem
733 3087 1192 3180 naturalem,
1238 3085 1436 3160 sicut
1485 3109 1626 3160 nec
1685 3086 1858 3160 ani-

79 3175 293 3306 ninqq‘iii‘if
320 3231 499 3281 mam
542 3232 722 3283 esse
756 3208 1287 3290 immortalem,
1333 3213 1412 3279 ut
1452 3203 1703 3278 visum
1742 3216 1858 3279 est

158 3309 195 3339 '¹'
316 3327 383 3399 in
424 3329 488 3399 4.
527 3327 615 3401 cl.
651 3326 767 3397 43.
802 3330 1069 3423 qzcoesl.
1107 3324 1174 3395 1.
1241 3329 1313 3397 et
1350 3323 1419 3394 2.
1484 3345 1668 3420 ergo
1710 3344 1854 3396 nec

315 3444 504 3540 quod
563 3443 671 3518 sit
737 3465 875 3540 per
933 3465 1013 3515 se
1100 3440 1473 3539 producta
1521 3439 1853 3539 produc-

317 3560 505 3635 tione
550 3559 896 3659 propria,
933 3557 1330 3656 supposito
1369 3567 1617 3631 tamen
1645 3557 1850 3655 quod

310 3689 412 3750 est
436 3676 922 3761 immortalis,
958 3685 1031 3749 et
1052 3675 1151 3749 ita
1175 3698 1314 3773 per
1332 3697 1845 3771 consequens,

314 3797 501 3893 quod
539 3819 705 3869 non
740 3794 1006 3869 subest
1055 3792 1480 3867 causalitati
1520 3802 1847 3886 naturae,

312 3936 440 3986 nec
471 3921 860 4010 quantum
902 3911 994 3984 ad
1048 3933 1231 4000 6336,
1268 3932 1410 3983 nec
1473 3918 1848 4006 quantum

309 4031 392 4103 ad
433 4055 595 4105 non
629 4053 815 4121 6336,
860 4037 935 4102 et
966 4027 1067 4101 ita
1102 4027 1164 4100 si
1207 4027 1324 4112 sit,
1357 4026 1501 4101 erit
1574 4027 1852 4102 imme-

310 4146 496 4221 diate
557 4171 611 4221 a
666 4146 854 4220 Deo.
920 4144 1087 4219 Non
1155 4152 1412 4218 tamen
1499 4144 1851 4241 sequitur

311 4275 616 4362 propter
649 4266 793 4337 hoc
826 4263 1031 4362 quod
1103 4271 1430 4355 creetur,
1495 4285 1670 4336 nam
1708 4287 1849 4337 nos

309 4383 670 4477 ponimus
712 4381 898 4454 illud
954 4382 1190 4454 chaos
1245 4381 1648 4454 confusum
1713 4405 1848 4455 na-

314 4510 469 4572 tura
530 4497 970 4597 praecedere
1030 4496 1571 4593 perfectionem
1642 4497 1842 4592 coeli,

308 4640 471 4691 nam
522 4640 617 4692 ex
674 4616 804 4689 illa
871 4616 1147 4688 factum
1221 4624 1334 4688 est
1392 4615 1720 4707 coelum3
1774 4624 1848 4689 et

310 4744 553 4808 tamen
631 4756 785 4805 non
859 4731 1187 4804 dicimus
1255 4733 1534 4810 coelum
1578 4730 1843 4816 creari,

304 4872 466 4924 cum
504 4850 697 4924 illud
728 4851 963 4922 chaos
987 4848 1483 4923 antecesserit
1523 4850 1839 4922 formam

306 4969 499 5061 coeli,
577 4968 755 5042 licet
821 4990 973 5041 non
1057 4964 1282 5041 luerit
1338 4989 1516 5065 pars
1578 4965 1842 5041 l'ormae

302 5085 498 5178 coeli,
536 5094 614 5160 et
644 5082 1153 5156 nihilominus
1181 5083 1356 5157 licet
1388 5085 1555 5157 haec
1601 5083 1844 5157 forma

304 5200 466 5273 coeli
560 5224 713 5272 non
805 5208 1356 5296 praesupponat
1440 5198 1838 5274 materiam

308 5313 879 5412 praejacentetn,
903 5338 1078 5413 quae
1110 5314 1207 5388 sit
1246 5339 1424 5414 pars
1455 5316 1834 5414 producti,

300 5440 368 5503 et
398 5456 557 5506 non
601 5431 962 5508 subditur
994 5429 1137 5504 nisi
1174 5432 1607 5508 causalitati
1679 5431 1842 5530 pri-

299 5545 391 5617 mi
432 5547 663 5640 entis,
738 5552 1192 5619 nontamen
1262 5556 1593 5640 creatur,
1657 5546 1842 5643 quia

298 5659 503 5737 Deus
528 5661 879 5737 nonalia
913 5661 1297 5738 creatione
1332 5664 1623 5739 creavit
1688 5664 1837 5738 for-

1986 644 2186 696 mam
2240 622 2441 715 eoeli‚
2504 644 2736 719 quam
2784 645 2875 697 ea
2941 645 3096 721 qua
3168 624 3528 722 produxit

1980 746 2224 812 totum
2266 739 2576 833 eoelum,
2621 749 2696 813 et
2727 739 2897 813 ideo
2929 762 3082 813 non
3127 739 3343 836 prius
3382 764 3529 815 na-

1982 865 2152 929 tura
2193 856 2438 928 forma
2488 856 2659 930 coeli
2731 856 2870 929 suit
2922 856 3217 954 primus
3257 859 3526 933 termi-

1981 995 2130 1046 nus
2162 972 2600 1067 creationiS‚
2648 995 2879 1069 quam
2915 982 3154 1047 totum
3210 976 3517 1049 coelum.

1982 1089 2270 1164 Eodem
2306 1089 2531 1163 modo
2594 1088 2881 1164 diceret
2927 1089 3376 1166 Aristoteles
3430 1092 3523 1167 de

1980 1205 2272 1299 anima,
2323 1228 2496 1280 nam
2564 1229 2716 1279 non
2769 1216 3077 1281 creatur
3143 1207 3404 1282 anima
3477 1233 3524 1284 a

1982 1320 2142 1395 Deo
2186 1344 2279 1396 ex
2323 1322 2639 1398 materia
2669 1322 3159 1421 praejacente,
3216 1347 3392 1421 quae
3426 1324 3524 1399 sit

1978 1460 2157 1534 pars
2198 1437 2403 1512 illius
2436 1439 2857 1535 productae,
2912 1439 3045 1514 sed
3096 1450 3402 1515 creatur
3442 1441 3518 1515 in

1981 1578 2206 1652 passo
2235 1555 2434 1630 sicut
2466 1566 2581 1631 est
2616 1557 3013 1654 producta,
3054 1567 3126 1632 et
3186 1560 3331 1634 hoc
3389 1583 3524 1635 ne-

1979 1672 2331 1746 cessitate
2381 1681 2708 1767 naturae‚
2746 1673 2848 1748 ita
2895 1674 3099 1772 quod
3161 1699 3317 1749 non
3382 1686 3524 1752 ter-

1980 1787 2317 1861 minatur
2356 1788 2554 1863 actio
2597 1789 2736 1863 Dei
2788 1791 2882 1863 ad
2952 1791 3319 1887 animam,
3382 1796 3516 1869 sed

1976 1904 2066 1978 ad
2130 1913 2368 1978 totum
2438 1906 3004 2002 compositum;
3075 1909 3280 1983 unde
3360 1934 3514 1984 non

1974 2020 2424 2094 concederet
2459 2019 2620 2118 ipse
2656 2020 2997 2096 animam
3031 2024 3301 2098 creari.
3341 2026 3512 2101 Non

1974 2134 2181 2210 enim
2240 2134 2702 2232 imaginatus
2747 2146 2862 2211 est
2892 2137 3082 2236 ipse,
3138 2140 3340 2215 sicut
3376 2166 3518 2217 nos

1974 2251 2517 2348 imaginamur,
2555 2253 2760 2350 quod
2804 2254 3064 2352 aliqua
3110 2258 3307 2332 actio
3376 2259 3514 2334 Dei

1976 2378 2427 2453 terminetur
2474 2378 2553 2452 in
2606 2380 2852 2478 primo
2905 2381 3220 2458 instanti
3287 2395 3519 2460 natu-

1971 2519 2106 2591 rae,
2142 2498 2265 2572 vel
2307 2497 2673 2596 temporis
2731 2498 2827 2573 ad
2874 2522 3032 2574 6336
3072 2500 3382 2598 animae,
3444 2514 3520 2579 et

1969 2623 2236 2713 postea
2267 2614 2347 2688 in
2381 2616 2719 2690 secundo
2769 2616 3082 2692 instanti
3150 2618 3515 2695 infunda-

1970 2740 2120 2825 tur,
2159 2730 2290 2805 sed
2322 2731 2538 2829 ponit
2596 2731 2972 2809 actionem
3051 2734 3190 2808 Dei
3249 2737 3513 2811 termi-

1968 2847 2136 2923 nari
2167 2847 2258 2922 ad
2295 2872 2453 2923 6336
2485 2848 2719 2923 totius
2764 2849 2841 2922 in
2886 2850 3133 2948 primo
3193 2851 3508 2928 instanti

1969 2975 2296 3040 naturae.
3170 2965 3186 2975 ⁸

2066 3092 2214 3167 Sed
2329 3102 2490 3168 esto
2582 3094 2784 3193 quod
2897 3096 3121 3170 tuerit
3223 3107 3505 3196 creata,
3667 3109 3730 3176 5.

1967 3218 2329 3284 utrumne
2381 3208 2609 3283 simul
2665 3233 2839 3283 cum
2897 3214 3285 3308 corpore?
3350 3218 3510 3290 Au-
3542 3224 3864 3337 Uri'iuamssiffiff

1963 3327 2323 3423 gustinus
2356 3328 2423 3399 7.
2455 3351 2688 3425 super
2730 3327 2997 3403 Genea.
3045 3331 3349 3407 videtur
3391 3335 3508 3407 di-
3541 3350 3861 3463 fflnafsscrgffi

1964 3467 2133 3518 cere
2174 3443 2508 3518 animam
2545 3468 2711 3519 esse
2761 3456 3089 3521 creatam
3127 3472 3302 3522 cum
3364 3452 3511 3524 An·
3583 3489 3824 3539 corpore.

1962 3561 2178 3657 geliS‚
2212 3570 2286 3636 et
2324 3572 2590 3659 postea
2630 3564 3044 3639 accessisse
3070 3566 3161 3639 ad
3197 3591 3503 3665 coerS‚

1961 3688 2035 3752 et
2066 3678 2380 3775 ponitur
2411 3679 2736 3776 quoestio
2771 3681 2843 3753 in
2895 3682 3147 3758 littera
3215 3709 3378 3783 cap.
3426 3685 3497 3758 3.

1961 3793 2134 3868 dist.
2182 3794 2435 3894 hujus.
2498 3795 2645 3870 Sed
2720 3797 3117 3874 manifeste
3177 3801 3506 3876 habetur

1962 3911 2054 3984 ab
2087 3913 2520 4008 Augustino
2571 3913 2664 3987 cle
2731 3914 2948 3988 Eccl.
3014 3916 3265 4014 doqm.
3331 3943 3498 4017 cap.

1962 4026 2078 4100 17.
2117 4038 2191 4102 et
2219 4029 2533 4126 ponitur
2565 4030 2680 4102 18.
2711 4031 2884 4105 dist.
2915 4033 3291 4108 z'nultc'mo
3334 4059 3500 4134 cap.

1964 4145 2092 4218 ubi
2163 4145 2346 4219 dicit
2400 4148 2882 4244 Augustinus
2968 4150 3268 4225 animas
3346 4176 3502 4228 non

1961 4284 2128 4335 esse
2176 4261 2270 4335 ab
2326 4262 2543 4362 initio
2585 4273 2881 4338 creatas
2933 4264 3131 4340 inter
3186 4279 3505 4343 caeteras

1961 4376 2482 4473 intelligibiles
2592 4389 2934 4474 naturas,
3034 4404 3178 4455 nec
3273 4384 3503 4458 simul

1960 4505 2282 4589 creataS‚
2333 4495 2530 4571 sieut
2579 4496 2800 4594 fingit
2849 4499 3245 4595 Origenes.
3309 4502 3502 4577 Vide

1959 4611 2320 4687 litteram.

2060 4728 2277 4821 ltem,
2323 4752 2551 4803 omne
2620 4754 2815 4828 opus
2878 4730 3016 4804 Dei
3080 4734 3499 4829 perlectum

1957 4851 2095 4932 est,
2143 4844 2454 4917 Denter.
2518 4843 2635 4916 33.
2718 4845 2878 4919 Dei
2900 4847 3252 4944 perfecta
3324 4859 3506 4927 sunt

1957 4983 2241 5058 opera3
2315 4960 2573 5035 anima
2619 4971 2875 5036 autem
2955 4963 3120 5039 sine
3180 4990 3499 5066 corpore

1957 5100 2108 5151 non
2156 5087 2271 5152 est
2314 5102 2508 5176 opus
2549 5081 2968 5176 perfectum
3026 5091 3101 5156 et
3158 5088 3502 5184 comple-

1956 5203 2116 5267 tum
2146 5192 2224 5266 in
2249 5193 2545 5293 specie3
2577 5194 2745 5272 ideo
2779 5206 2988 5272 extra
3022 5221 3301 5298 corpus
3345 5226 3498 5277 non

1955 5313 2095 5387 tuit
2141 5315 2488 5388 formata.

2051 5432 2269 5526 Item,
2352 5431 2804 5507 rationabile
2904 5444 3018 5509 est
3098 5437 3161 5510 si
3231 5439 3499 5516 fuisset

1954 5555 2210 5621 creata
2265 5556 2442 5621 ante
2515 5570 2823 5644 corpm,
2895 5551 3099 5646 quod
3182 5554 3496 5630 haberet

1952 5663 2288 5761 aliquem
2349 5673 2602 5740 actum
2672 5665 2816 5739 sibi
2900 5679 3491 5769 competentem,
