4295 6326
245 1288 291 1336 A
329 1300 425 1336 ens
463 1284 532 1335 sa·

247 1350 292 1399 ci
318 1353 400 1398 ius
432 1364 547 1412 pro·

274 1411 423 1461 ducit
450 1414 546 1463 ab·

246 1482 397 1525 sente
426 1489 548 1526 con-

315 1538 495 1589 tras-io.

595 415 638 482 4
2016 404 2256 476 LIBRI
2305 402 2394 476 ΙΙ.

596 591 937 689 potentia
1003 613 1141 665 sua
1214 598 1451 663 totum
1548 585 1929 675 effectum,
2014 606 2153 683 per
2265 579 2628 655 virtutem
2687 576 3016 654 activam
3079 572 3500 673 generandi
3561 568 3820 667 ignem

596 729 823 803 quam
932 703 1348 803 potentiam
1438 712 1681 776 totum
1765 698 2145 798 producit,
2269 722 2361 773 ex
2453 721 2698 796 aqua,
2814 698 2918 773 ita
3021 694 3226 794 quod
3339 692 3584 766 virtus
3695 688 3822 761 illa

594 847 747 896 non
832 823 1114 897 minus
1173 830 1423 921 potest
1489 819 1706 894 illum
1795 815 2147 892 effectum
2265 817 2510 913 magis
2575 815 3076 908 debilitatur3
3150 835 3333 910 ergo
3403 809 3578 884 licet
3660 829 3815 879 non

595 939 1017 1035 producere
1087 948 1341 1012 amoto
1410 957 1926 1034 quocumque,
2014 955 2152 1032 per
2262 942 2465 1010 esset

594 1057 798 1153 quod
878 1056 1091 1129 nulla
1156 1055 1400 1128 virtus
1467 1053 1612 1127 sibi
1694 1052 1770 1125 in
1850 1050 2147 1148 agendo

593 1174 1007 1265 confertur,
1128 1172 1263 1246 sed
1382 1170 1672 1268 magis·
1729 1192 1864 1267 per
1958 1167 2144 1242 illud

593 1311 734 1361 sua
811 1287 1052 1362 virtus
1118 1270 1619 1376 debilitatur3
1704 1282 2144 1380 hujusmodi

594 1415 849 1479 autem
926 1413 1039 1477 est
1097 1401 1564 1476 contrarium
1645 1423 2147 1499 corrumpen-

593 1522 773 1595 dum
851 1521 1276 1595 secundum
1345 1542 1424 1593 se
1486 1528 1754 1607 totum,
1827 1516 1890 1591 si
1951 1515 2143 1590 nihil

587 1639 684 1712 sit
761 1638 832 1710 in
909 1661 998 1712 eo
1089 1658 1528 1727 commune,
1600 1633 1807 1731 quod
1875 1644 2139 1707 natum

586 1755 681 1828 sit
744 1753 1134 1852 suscipere
1222 1754 1606 1843 sormam3
1675 1774 1857 1848 ergo
1938 1748 2142 1847 ignis

584 1895 965 1968 generans
1026 1869 1286 1967 ignem
1348 1868 1626 1943 melius
1684 1866 2142 1965 produceret

584 1990 825 2063 nihilo
907 1987 1497 2087 praesupposito.

680 2105 1196 2180 Confirmatur
1271 2104 1407 2197 sic,
1480 2125 1718 2198 agens
1786 2102 2135 2176 naturale

582 2234 854 2323 potens
948 2224 1029 2298 in
1131 2224 1468 2321 aliquem
1564 2220 1946 2312 effectum,
2042 2221 2133 2297 de

580 2336 1033 2413 necessitate
1102 2333 1454 2434 producit
1536 2334 1782 2427 illum,
1854 2334 1918 2409 si
1976 2358 2131 2407 non

582 2454 1141 2553 prohibeatur3
1205 2453 1336 2527 sed
1407 2451 1608 2547 ignis
1692 2451 1820 2524 ille
1889 2460 2127 2525 totum

577 2569 834 2663 ignem
921 2567 1450 2665 generandum
1540 2568 1763 2643 habet
1830 2567 1907 2641 in
1994 2593 2131 2667 po-

580 2677 1042 2772 tentiasua,
1137 2696 1209 2760 et
1289 2708 1442 2759 non
1535 2684 1973 2783 impeditur,
2065 2685 2128 2760 si

578 2800 1135 2899 nef-'ponitur
1220 2800 1691 2875 contrarium
1762 2828 1779 2887 ;
1884 2802 2128 2898 magis

572 2919 776 2993 enim
857 2942 947 2991 ex
1016 2917 1181 3013 ejus
1240 2918 1651 3015 praesentia
1683 2916 2121 3015 impeditur,

571 3044 643 3107 et
703 3058 792 3107 ex
862 3032 1028 3128 ejus
1105 3032 1452 3107 absentia
1546 3030 1948 3129 expeditur
2032 3032 2124 3106 ad

573 3150 956 3247 agendum
1029 3150 1171 3223 hoc
1251 3149 1757 3247 compositum
1823 3178 1842 3243 ;
1942 3173 2124 3246 ergo

573 3291 813 3365 agens
875 3268 1223 3344 naturale
1291 3267 1569 3364 poterit
1634 3289 1921 3340 creare.

673 3385 888 3477 Item,
1004 3384 1395 3480 generatio
1509 3383 1880 3458 naturalis
1967 3408 2121 3459 non

573 3510 686 3576 est
778 3525 869 3575 ex
944 3509 1158 3600 parte
1260 3500 1727 3597 generantis,
1818 3500 1949 3574 sed
2031 3524 2124 3575 ex

569 3627 781 3716 parte
852 3618 1083 3719 illius,
1157 3616 1248 3691 de
1326 3640 1478 3714 quo
1557 3614 1640 3689 fit
1697 3616 2114 3713 generatio.

570 3736 784 3809 Patet
871 3757 968 3807 eoe
1024 3733 1514 3807 distinctione
1575 3732 1688 3805 18.
1752 3732 1981 3833 hujus
2038 3734 2121 3807 in

561 3853 821 3949 prima
875 3850 1292 3949 quaestione
1340 3849 1433 3923 de
1507 3848 1931 3925 rationibus
2003 3873 2122 3924 se-

565 3967 981 4043 minalibus
1049 3994 1074 4050 ,·
1162 3966 1225 4039 si
1320 3990 1502 4062 ergo
1596 3966 1853 4062 genito
1966 3990 2119 4040 non

566 4082 1195 4183 praesupponitur
1287 4080 1576 4177 aliquid
1637 4083 2122 4164 ¹naturaliter

567 4201 659 4273 ad
746 4200 1064 4272 formam
1150 4206 1325 4270 ante
1424 4196 1592 4292 ejus
1674 4197 2121 4293 productio-

567 4341 773 4411 nem,
864 4339 1017 4388 non
1086 4326 1288 4389 esset
1374 4313 1629 4411 potius
1719 4311 2118 4411 productio

567 4434 826 4531 aliquo
888 4430 1113 4506 modo
1178 4430 1552 4505 naturalis
1621 4453 1757 4527 per
1828 4431 2120 4529 aliquid

568 4551 642 4623 in
714 4573 805 4623 ea
880 4549 1092 4647 prius
1155 4571 1387 4645 quam
1448 4549 1761 4623 creatio.

663 4666 898 4756 Aliter
993 4672 1240 4761 potest
1348 4663 1655 4738 formari
1763 4666 2116 4763 quaedam

566 4781 758 4857 ratio
854 4781 1212 4880 superius
1305 4780 1497 4854 facta
1605 4781 1793 4856 sic:
1909 4784 2118 4856 Nihil

565 4898 920 4997 prohibet
959 4894 1312 4972 effectum
1367 4896 1836 4993 produci‘ah
1896 4920 2124 4994 agen-

569 5028 637 5090 te
741 5014 1181 5091 continente
1262 5014 1692 5090 virtualiter
1767 5014 2119 5091 effectum

565 5134 732 5208 sine
802 5133 970 5223 isto,
1044 5154 1196 5228 quo
1274 5131 1520 5229 posito
1580 5130 1823 5206 virtus
1882 5156 2122 5229 agen-

568 5250 662 5324 tis
733 5247 975 5346 magis
1055 5246 1497 5322 debilitatur
1563 5270 1796 5345 quam
1907 5249 2122 5323 forti-

566 5367 918 5453 ficatur3
1019 5363 1150 5440 sed
1250 5365 1664 5462 praesentia
1756 5366 2119 5442 contrarii

567 5485 802 5576 itlius,
866 5485 957 5559 de
1046 5507 1198 5582 quo
1278 5482 1360 5557 fit
1440 5484 1861 5581 generatiO,
1943 5509 2119 5559 cum

568 5627 659 5678 ex
736 5624 939 5699 aqua
1004 5608 1417 5696 generatur
1492 5599 1719 5696 ignis,
1805 5599 2120 5697 impedit

2585 931 2998 1030 praesentia
3110 929 3317 1003 illius
3422 921 3811 1013 contrarii,

2264 1058 2522 1147 posset
2629 1046 2980 1145 generari
3091 1043 3319 1143 ignis,
3427 1065 3600 1116 cum
3724 1038 3818 1112 sit

2263 1169 2502 1241 [orma
2565 1166 2894 1240 totaliter
2951 1163 3029 1237 in
3091 1161 3367 1236 virtute
3434 1180 3818 1256 generan-

2257 1283 2379 1375 tis,
2472 1283 2535 1356 si
2614 1306 2767 1357 non
2856 1281 2954 1356 sit
3044 1278 3357 1354 materia
3452 1299 3573 1350 res
3669 1274 3820 1347 alia

2255 1423 2300 1474 a
2359 1400 2630 1492 forma,
2693 1408 2767 1473 et
2825 1397 3007 1496 quia
3073 1395 3276 1492 ignis
3324 1392 3814 1491 generandus

2253 1516 2351 1591 sit
2432 1540 2588 1591 uua
2683 1516 2926 1589 forma
3026 1510 3546 1611 simpliciter3
3630 1532 3811 1602 ergo

2253 1641 2459 1707 totus
2524 1631 2725 1729 ignis
2792 1628 3282 1729 generandus
3346 1634 3459 1701 est
3517 1625 3595 1698 in
3658 1624 3816 1699 vir-

2258 1758 2411 1824 tute
2504 1748 2755 1823 activa
2849 1746 3050 1844 ignis
3127 1741 3594 1843 generantis,
3688 1741 3807 1814 vel

2250 1866 2550 1962 agentis
2618 1865 3014 1954 naturalis,
3089 1888 3263 1938 cum
3337 1862 3434 1937 sit
3510 1859 3809 1957 simpli-

2248 1982 2489 2077 citer3
2545 2006 2728 2080 ergo
2790 1990 3037 2081 potest
3091 1980 3514 2079 producere
3569 1985 3803 2050 totum

2247 2100 2505 2197 ignem
2567 2102 2646 2174 in
2693 2124 2851 2175 esse
2894 2100 3060 2175 sine
3122 2096 3535 2187 contrari0,
3601 2092 3803 2194 quod

2249 2217 2494 2315 magis
2596 2218 2916 2316 impedit
3014 2217 3378 2290 virtutem
3480 2212 3804 2289 activam

2248 2357 2480 2432 quam
2533 2342 2958 2432 promovet.

2343 2455 2557 2547 Item,
2690 2454 2833 2528 sub
2947 2453 3099 2528 alia
3231 2452 3472 2526 forma
3591 2448 3700 2523 sic
3781 2471 3796 2521 ε

2241 2571 2498 2667 Agens
2566 2570 2918 2644 naturale
2975 2592 3127 2643 non
3190 2565 3639 2665 impeditum
3711 2564 3802 2636 de

2244 2686 2696 2762 necessitate
2768 2684 2952 2782 agit,
3027 2685 3189 2759 sive
3272 2682 3624 2783 producit
3705 2692 3807 2755 to-

2237 2811 2434 2897 tum,
2508 2802 2712 2902 quod
2773 2812 2889 2878 est
2950 2804 3025 2877 in
3078 2803 3360 2877 virtute
3420 2824 3561 2875 sua
3628 2798 3805 2873 acti·

2237 2944 2404 3006 va;
2486 2920 2620 2994 sed
2698 2920 2759 2994 si
2849 2918 3167 2994 materia
3247 2942 3397 2993 non
3478 2917 3575 2992 sit
3651 2915 3800 2988 alia

2239 3037 2544 3112 realitas
2612 3060 2655 3111 a
2736 3037 3006 3131 forma,
3077 3044 3324 3111 totum
3411 3057 3798 3131 generan-

2235 3152 2416 3226 dum
2495 3162 2610 3229 est
2687 3151 2765 3225 in
2862 3152 3208 3251 potentia
3289 3150 3791 3248 generantis3

2235 3292 2416 3365 ergo
2484 3292 2660 3342 cum
2729 3267 2977 3342 virtus
3041 3266 3291 3342 activa
3353 3264 3795 3363 generantis

2234 3410 2388 3460 uon
2491 3386 2954 3483 impediatur
3043 3386 3119 3460 in
3197 3385 3546 3461 absentia
3621 3406 3794 3457 con·

2233 3503 2474 3597 trarii,
2584 3504 2736 3577 imo
2840 3504 3083 3600 magis
3182 3502 3596 3601 impeditur
3697 3524 3788 3575 ex

2231 3621 2403 3717 ejus
2473 3620 2916 3718 praesentia,
3000 3619 3348 3717 sequitur
3405 3619 3609 3717 quod
3670 3641 3792 3716 ge-

2231 3760 2514 3812 nerans
2584 3736 2822 3835 possit
2896 3745 3138 3811 totum
3226 3735 3577 3811 effectum
3649 3759 3791 3833 po-

2232 3877 2412 3929 nere
2515 3853 2590 3926 in
2698 3877 2857 3927 esse
2951 3853 3118 3928 sine
3206 3853 3544 3951 passiv0,
3625 3850 3786 3926 sive

2233 3969 2606 4065 subjecto.

2333 4086 2548 4180 Item,
2612 4085 2954 4161 secundo
3005 4085 3098 4160 ad
3150 4084 3575 4183 principale
3629 4084 3781 4159 sic:

2228 4204 2398 4279 Alia
2473 4204 2904 4279 substantia
2980 4214 3094 4278 est
3162 4203 3686 4301 corruptibilis

2229 4319 2628 4419 principiis
2690 4319 3128 4395 intrinsecis
3196 4343 3286 4396 eo
3345 4320 3573 4393 modo
3634 4343 3786 4418 quo

2230 4438 2507 4511 coelum
2644 4461 2796 4511 non
2913 4446 3026 4511 est
3136 4436 3627 4534 corruptibile
3711 4436 3780 4507 7.

2226 4551 2568 4649 Metaplz.
2635 4575 2803 4649 cap.
2897 4551 2966 4624 ἳί.
3042 4558 3225 4627 teoet.
3300 4552 3420 4623 22.
3495 4550 3644 4625 Sed
3724 4551 3785 4622 si

2230 4665 2661 4742 substantia
2754 4666 3222 4762 generabilis
3326 4675 3400 4742 et
3484 4689 3792 4765 corrup-

2234 4783 2463 4856 tibilis
2531 4783 2631 4856 sit
2689 4781 3040 4881 simpleX,
3113 4807 3267 4859 non
3342 4782 3652 4857 habebit
3714 4782 3784 4855 in

2229 4922 2308 4973 se
2379 4897 2756 4997 principia
2834 4899 3382 4998 corruptionis,
3447 4899 3633 4996 quia
3709 4899 3789 4970 in

2229 5039 2308 5090 se
2392 5040 2544 5088 non
2640 5015 2959 5091 haberet
3047 5016 3545 5115 principium,
3637 5037 3790 5112 quo

2229 5145 2494 5210 natum
2565 5136 2662 5210 sit
2719 5160 2888 5212 esse
2943 5146 3016 5213 et
3077 5161 3231 5212 non
3294 5160 3490 5223 esse,
3555 5158 3791 5232 quan-

2229 5262 2390 5326 tum
2452 5263 2565 5326 est
2641 5253 2719 5326 in
2789 5275 2925 5347 se3
2998 5276 3210 5350 ergO,
3273 5261 3414 5328 etc.

2326 5368 2640 5443 Dicetur
2755 5369 2971 5463 forte,
3088 5369 3291 5467 quod
3408 5367 3584 5442 licet
3694 5366 3793 5441 sit

2228 5487 2470 5560 forma
2533 5485 2883 5583 simplex,
2970 5494 3225 5561 tamen
3306 5485 3536 5560 habet
3602 5507 3794 5558 con-

2233 5602 2580 5676 trarium.
2656 5600 2808 5676 Sed
2876 5603 3022 5677 hoc
3107 5626 3253 5676 non
3315 5602 3544 5696 valet,
3611 5599 3794 5699 quia

3950 4085 4014 4153 6.

3745 4227 3788 4277 a
3843 4201 3993 4251 Ratio
4028 4213 4122 4251 se-

3876 4264 4077 4315 cunda.

3845 5361 4124 5427 Objectio.

3822 5428 4143 5485 Refell'ttur.
