4295 6326
225 3026 257 3092 1

1432 479 1656 549 DIST.
1710 475 1896 547 XIV.
1950 473 2368 558 QUAESTIO
2417 474 2445 540 Ι
2494 474 2603 543 ΕΤ
2651 477 2736 546 ΙΙ.

3529 469 3656 539 343

1223 1030 2364 1199 DISTlNCTIO
2479 1030 2887 1195 XIV.

978 1697 1377 1781 QUAES'PIO
1429 1698 1477 1763 I.

464 1871 710 1937 Utrum
735 1869 1070 1957 possibile
1104 1869 1253 1955 suit
1283 1868 1712 1935 intellectum
1747 1868 2004 1935 animae

551 1975 812 2043 Christi
878 1976 1113 2064 primo
1180 1982 1245 2042 et
1319 1974 1715 2042 immediate
1772 1974 2002 2042 videre

552 2086 849 2152 Verbum
920 2086 1228 2172 perfecte
1301 2083 1815 2170 perfectissima
1893 2082 2002 2151 vi-

542 2194 739 2260 sione
770 2195 801 2258 ἱ)

453 2385 525 2442 D.
557 2384 762 2440 Tbom.
799 2402 834 2439 ι.
861 2401 924 2454 p.
959 2383 1044 2456 q.}
1064 2384 1149 2439 12.
1199 2392 1306 2439 arc.
1349 2400 1388 2440 1.
1426 2383 1526 2439 ubi
1572 2383 1751 2452 cajet.
1796 2390 1903 2441 art.
1940 2387 1996 2440 5.

524 2457 590 2512 D.
625 2457 836 2511 Binav.
865 2457 948 2511 ibi
976 2456 1103 2512 dub.
1135 2456 1188 2511 3.
1221 2456 1358 2511 Soto
1389 2455 1441 2510 4.
1469 2455 1521 2510 ά.
1558 2457 1645 2513 49.
1680 2472 1730 2528 q.
1782 2458 1835 2511 2.
1885 2463 1993 2512 nrt.

523 2530 573 2584 4.
608 2529 776 2596 Capr.
809 2545 860 2599 q.
891 2529 943 2581 4.
974 2537 1025 2582 ει
1056 2530 1160 2583 alii
1185 2531 1348 2583 aiunt
1379 2544 1691 2598 repuqnme
1729 2528 1997 2585 visionem

520 2603 643 2655 sine
670 2602 882 2655 lumine
908 2602 1099 2668 qloriae
1129 2599 1455 2656 inhaerente.
1507 2599 1616 2655 Sed
1664 2616 1797 2655 cum
1832 2601 1996 2657 Scoto

520 2671 580 2727 in
613 2670 784 2726 Oxou.
816 2672 868 2727 4.
901 2670 1029 2725 dist.
1066 2672 1149 2726 49.
1176 2688 1228 2741 q.
1264 2672 1351 2727 11.
1385 2678 1579 2725 tenent
1614 2673 1787 2741 Vasq.
1837 2688 1881 2727 1.
1937 2690 1993 2741 p.

521 2744 576 2798 d.
601 2744 689 2798 46.
724 2743 920 2799 Molin.
953 2742 1031 2797 ibi
1098 2786 1111 2800 .
1150 2745 1235 2799 12.
1267 2753 1373 2798 nrt.
1410 2760 1448 2799 1.
1478 2742 1534 2799 d.
1566 2744 1620 2799 2.
1651 2743 1906 2800 Dur-and.
1940 2745 1993 2801 4.

520 2816 631 2871 dist
685 2816 773 2873 49.
806 2831 856 2887 q.
884 2817 940 2870 2.
977 2819 1037 2870 D.
1118 2814 1273 2871 hom.
1311 2814 1388 2870 iba·
1409 2833 1458 2887 q.
1485 2817 1534 2870 2.
1566 2819 1673 2871 art.
1697 2817 1753 2869 7.
1787 2825 1838 2870 et
1867 2817 1992 2872 atii.

548 2992 764 3079 Quod
799 3015 983 3081 non,
1007 2990 1430 3065 secundum
1474 2990 1989 3088 Augustinum

88 3077 319 3211 Argon.
369 3146 414 3196 ι,
449 3108 567 3184 83.
627 3133 747 3208 qq.
817 3134 886 3207 q.
955 3108 1024 3180 2.
1085 3107 1255 3182 Non
1328 3115 1573 3206 potest
1637 3107 1992 3206 quisquis

158 4057 356 4107 Secun-

180 4120 328 4170 dum.

124 5488 385 5538 Tertium.

448 3251 608 3301 rem
671 3225 1100 3323 intelligere
1143 3224 1363 3299 aliter
1397 3247 1631 3322 quam
1664 3225 1781 3312 sit,
1842 3226 1990 3300 nisi

444 3344 778 3429 fallatur,
827 3353 900 3419 et
933 3366 1069 3441 per
1107 3364 1595 3440 consequens
1655 3367 1806 3417 non
1851 3369 1993 3441 po-

448 3469 590 3535 test
637 3484 838 3533 unus
871 3458 1305 3534 intellectus
1345 3460 1521 3557 plus
1561 3459 1988 3556 intelligere

450 3601 682 3676 quam
717 3576 943 3669 aliuS,
973 3575 1118 3650 nisi
1154 3577 1348 3650 alter
1380 3576 1684 3651 falletur
1710 3605 1727 3669 ;
1756 3576 1991 3675 igitur

450 3719 604 3769 non
649 3693 1062 3792 perfectius
1114 3692 1319 3767 videt
1367 3692 1708 3766 Verbum
1777 3692 1993 3768 intel-

450 3814 695 3886 lectus
727 3811 1009 3885 animae
1049 3810 1330 3884 Christi
1390 3832 1621 3908 quam
1672 3811 1988 3885 alterius

451 3928 722 4004 sancti.

549 4045 764 4130 Item,
799 4043 864 4118 si
896 4043 1032 4136 sic,
1076 4043 1312 4140 igitur
1340 4042 1776 4117 intellectus
1816 4045 1991 4118 ani-

455 4185 598 4236 mae
664 4158 943 4234 Christi
1007 4168 1265 4256 posset
1330 4157 1592 4232 videre
1644 4157 1983 4234 Verbum

447 4278 590 4353 sub
624 4276 918 4350 ratione
952 4273 1260 4363 infiniti,
1334 4274 1555 4348 aliter
1594 4275 1797 4349 enim
1830 4298 1983 4350 non

444 4396 737 4469 videret
769 4393 1018 4492 ipsum
1043 4415 1405 4490 suprema
1436 4391 1731 4467 visione
1760 4420 1779 4486 3
1816 4417 1990 4467 con-

444 4533 780 4609 sequens
859 4519 974 4583 est
1048 4509 1324 4583 falsum
1394 4517 1703 4606 propter
1785 4508 1980 4584 duo:

447 4628 738 4721 Prim0,
776 4625 961 4724 quia
992 4624 1423 4700 intellectus
1454 4625 1841 4699 increatus
1884 4626 1991 4699 vi-

449 4748 578 4822 det
617 4743 806 4819 illud
850 4742 994 4818 sub
1043 4742 1334 4817 ratione
1394 4740 1702 4837 infiniti,
1749 4752 1823 4816 et
1854 4766 1990 4841 per

446 4882 934 4958 consequens
968 4858 1134 4933 istae
1157 4858 1331 4932 duae
1353 4857 1692 4933 visiones
1733 4868 1990 4933 essent

446 4979 789 5076 ejusdem
824 4975 1330 5074 speciei,quia
1346 4975 1729 5072 objectum
1754 4975 1981 5050 idem.

447 5094 839 5188 SecundO,
890 5092 1073 5190 quia
1147 5091 1210 5165 si
1277 5091 1572 5166 videret
1644 5091 1986 5167 Verbum

449 5214 592 5290 sub
626 5212 923 5287 ratione
957 5208 1265 5303 infiniti,
1303 5209 1990 5306 comprehenderet

446 5331 726 5429 ipsum.

551 5448 767 5539 Item,
814 5443 1018 5540 quod
1061 5466 1211 5516 non
1284 5440 1522 5539 possit
1572 5441 1819 5541 ipsum
1859 5442 1989 5514 im·

456 5564 780 5638 mediate
820 5560 1110 5651 videre,
1163 5558 1491 5651 videtur,
1555 5558 1738 5654 quia
1794 5558 1986 5632 visio

454 5679 832 5762 naturalis
898 5675 1217 5774 requirit
1308 5675 1571 5750 lumen
1635 5676 1987 5750 naturale

2120 1453 2823 1554 proportionabile3
2867 1452 3102 1550 igitur
3158 1452 3351 1526 visio
3403 1474 3663 1548 super·

2117 1572 2491 1647 naturalis
2523 1568 2845 1666 requirit
2892 1571 3147 1643 lumen
3194 1576 3660 1666 supernatu-

2117 1692 2322 1783 rale3
2360 1712 2509 1761 non
2569 1686 2803 1784 igitur
2856 1684 3295 1761 immediate
3354 1684 3659 1759 videtur

2116 1807 2211 1883 ab
2254 1806 2642 1880 intellectu
2679 1805 2962 1879 animae
3005 1803 3310 1878 Christi.
3401 1802 3407 1810 ’

2214 1925 2430 2015 Item,
2503 1945 2655 1995 non
2728 1931 2972 2020 potest
3034 1918 3475 1996 esse‘actus
3557 1918 3662 1993 ita

2113 2041 2494 2140 perfectus
2522 2048 2697 2114 ante
2747 2040 3121 2133 habitum,
3192 2038 3390 2113 sieut
3465 2049 3655 2138 post,

2114 2168 2199 2233 ut
2239 2167 2469 2257 patet,
2505 2157 2574 2229 2.
2610 2157 2842 2232 Etlzz'c
2905 2181 3070 2255 cap.
3119 2157 3188 2231 5.
3226 2157 3461 2253 igitur
3501 2181 3652 2231 non

2113 2284 2365 2375 potest
2394 2300 2562 2352 esse
2591 2276 2785 2350 visio
2828 2276 2932 2351 ita
2990 2277 3324 2373 perfecta
3391 2299 3657 2374 super-

2113 2393 2489 2467 naturalis
2539 2401 2714 2466 ante
2803 2391 3178 2486 habitum,
3250 2391 3448 2465 sicut
3505 2415 3654 2466 me-

2112 2510 2371 2585 diante
2454 2510 2766 2603 habitu3
2885 2509 3117 2606 igitur
3218 2510 3651 2584 intellectus

2110 2627 2393 2701 animae
2436 2627 2715 2701 Christi
2773 2650 2925 2700 non
2988 2627 3218 2701 habet
3266 2651 3646 2701 summam

2107 2743 2491 2818 visionem
2518 2743 2750 2817 Verbi
2786 2742 3249 2817 immediate.

2205 2859 2687 2957 Oppositum,
2745 2859 3005 2932 anima
3061 2858 3343 2933 Christi
3401 2860 3648 2958 potuit

2105 2979 2437 3076 perfecte
2518 2976 2688 3066 frui,
2754 2987 2828 3050 et
2905 2976 3373 3070 immediate,
3452 2976 3649 3053 sie'ut

2107 3096 2510 3195 probatum
2558 3104 2719 3190 est3
2783 3094 3020 3194 igitur
3078 3105 3150 3172 et
3205 3096 3645 3174 immediate

2104 3213 2393 3308 videre,
2440 3237 2615 3288 cum
2662 3214 2756 3288 ad
2790 3213 3652 3290 immediatamfruitio-

2104 3331 2275 3406 dem
2312 3330 2748 3430 requiratur
2775 3331 3249 3430 [immediata
3285 3331 3509 3407 visio.
3557 3335 3648 3407 Et

2103 3446 2651 3523 confirmatur:
2701 3448 3140 3523 Intellectus
3199 3457 3313 3524 est
3371 3450 3647 3526 imme-

2102 3566 2308 3641 diata
2365 3565 2706 3665 potentia
2759 3576 3109 3663 respectu
3162 3566 3639 3664 inlelliqer63

2102 3682 2336 3779 igitur
2412 3681 2847 3756 immediate
2916 3691 3168 3780 potest
3231 3683 3306 3756 in
3388 3694 3642 3759 ectum

2101 3819 2488 3872 summum
2525 3798 2671 3872 sibi
2712 3797 3184 3895 possibilem.

2603 4163 3002 4240 QUAESTIO
3045 4164 3127 4229 11.

2104 4332 2349 4396 Uerum
2399 4326 2729 4415 possibile
2793 4328 2943 4413 fuit
3013 4330 3327 4396 animam
3380 4329 3647 4397 Christi

2189 4454 2387 4502 nosse
2436 4435 2678 4502 omnia
2725 4437 2800 4502 in
2862 4437 3097 4516 Verb0,
3140 4455 3291 4523 quae
3349 4438 3643 4504 Verbum

2190 4541 2432 4610 novit?

2102 4736 2162 4788 D.
2196 4732 2405 4788 Thom.
2430 4733 2483 4787 3.
2530 4749 2584 4802 p.
2640 4745 2692 4801 q.
2724 4730 2808 4786 10.
2845 4742 2955 4788 are.
2980 4736 3035 4789 2.
3069 4738 3121 4789 et
3164 4733 3258 4790 hic
3285 4751 3337 4805 q.
3369 4735 3423 4789 2.
3447 4742 3554 4791 art.
3587 4734 3641 4791 2.

2175 4803 2236 4860 D.
2273 4804 2587 4859 Benevent.
2620 4806 2728 4859 art.
2760 4804 2815 4861 2.
2848 4822 2898 4876 q.
2932 4807 2983 4861 3.
3026 4806 3299 4861 Richard.
3362 4810 3470 4861 art.
3501 4811 3556 4862 2.
3591 4823 3643 4879 q.

2175 4894 2211 4930 1.
2247 4875 2501 4932 Dur-und.
2541 4895 2594 4946 q.
2625 4877 2679 4930 2.
2737 4879 2909 4949 Capr.
2969 4894 3019 4950 q.
3052 4881 3105 4934 2.
3138 4883 3304 4934 suar.
3338 4879 3391 4934 3.
3421 4896 3476 4950 p.
3513 4884 3644 4934 tom.

2172 4965 2210 5002 1.
2243 4946 2293 5001 d.
2338 4949 2417 5002 10.
2479 4953 2604 5003 sect.
2640 4948 2693 5001 3.
2746 4947 2919 5020 Vaeq.
2971 4949 3111 5020 disp.
3146 4951 3231 5007 50.
3260 4960 3390 5006 sect.
3433 4967 3470 5004 1.
3505 4950 3647 5006 Vide

2169 5021 2323 5075 Scot.
2351 5021 2405 5077 7.
2441 5022 2558 5076 Met.
2618 5037 2668 5091 q.
2703 5021 2766 5075 14
2795 5028 2847 5076 et
2881 5023 2947 5076 15
2998 5026 3047 5077 et
3084 5021 3142 5077 in
3186 5022 3358 5078 Oxou.
3394 5022 3501 5078 hic.

2200 5212 2418 5298 Quod
2453 5235 2633 5286 non.
2683 5211 2763 5285 Si
2798 5212 2934 5306 sie,
2997 5223 3497 5309 cognosceret
3537 5214 3646 5286 in·

3723 1990 3997 2048 Quartum.

3734 2920 3950 2973 Contra.

3799 5259 3863 5322 2.

2101 5325 2363 5420 finita,
2410 5328 2541 5402 sed
2577 5326 2795 5400 inlini
2873 5352 3025 5401 non
3106 5339 3220 5402 est
3296 5338 3644 5426 pertran-
3677 5369 3966 5433 Argum.1.

2100 5441 2279 5533 sire,
2316 5442 2384 5512 2.
2440 5440 2873 5541 Metaplzys.
2907 5451 3088 5517 teoet.
3149 5444 3263 5515 13.
3315 5444 3437 5517 ubi
3477 5469 3643 5542 pro-

2102 5559 2229 5633 bat
2261 5559 2466 5656 quod
2494 5560 2558 5632 si
2598 5583 2854 5636 causae
2886 5563 3192 5636 scibiles
3229 5572 3485 5637 essent
3518 5563 3640 5636 in-

2100 5676 2368 5772 finitae,
2405 5678 2593 5752 nihil
2647 5690 2903 5778 posset
2952 5679 3155 5775 sciri,
3211 5688 3283 5755 et
3348 5680 3639 5780 princi-
