4295 6326
410 850 474 917 8.

313 964 492 1016 Tertia
519 965 573 1017 S.

282 1028 576 1082 Bonnam.

632 425 757 493 140

628 615 816 702 tate,
867 630 1337 706 quamquam
1380 606 1655 683 existat
1730 605 1807 678 in
1869 610 2178 702 peccato

635 724 970 798 mortali.

730 838 972 914 Aliter
1047 838 1352 932 dicitur,
1425 836 1631 935 quod
1708 858 1860 910 non
1931 841 2182 932 potest

633 954 857 1029 vitari
922 964 1317 1053 peccatum
1403 954 1746 1045 mortale,
1825 950 2010 1049 quia
2075 947 2179 1022 ibi

634 1081 748 1147 est
801 1071 1276 1167 distinguere
1335 1080 1633 1170 tempus
1691 1066 2183 1144 deliberatio-

632 1188 782 1282 niS,
816 1198 893 1264 et
939 1197 1242 1285 tempus
1291 1198 1466 1263 ante
1516 1184 2176 1270 deliberationem,

628 1317 704 1381 et
742 1314 941 1403 post,
991 1314 1066 1380 et
1106 1304 1397 1380 rudiori
1447 1306 1622 1403 plus
1661 1302 2028 1401 temporis
2068 1310 2184 1376 est

626 1421 969 1497 dandum
994 1421 1089 1497 ad
1114 1421 1701 1497 deliberandum
1731 1442 1962 1518 quam
2007 1418 2182 1493 sub·

623 1540 857 1614 tiliori
902 1567 921 1634 ;
1012 1540 1184 1615 ideo
1291 1564 1446 1615 non
1541 1548 1654 1614 est
1766 1538 1868 1613 ibi
1976 1546 2184 1612 certa

629 1680 994 1732 mensura
1058 1665 1234 1732 ante
1308 1666 1641 1755 tempuS,
1713 1676 1865 1752 quo
1934 1652 2150 1751 potui

627 1772 1053 1848 deliberare
1110 1796 1207 1847 ne
1248 1780 1599 1872 peccaret
1647 1770 1822 1869 quis
1852 1769 2002 1844 nisi
2040 1792 2182 1844 ve-

640 1890 971 1966 nialiter.
1020 1891 1168 1966 Sed
1201 1900 1373 1989 post
1425 1901 1730 1989 tempus
1778 1890 2179 1987 completae

625 2006 1242 2101 deliberationis,
1367 2016 1616 2105 potest
1743 2006 2178 2081 discernere

625 2123 830 2221 quod
891 2131 1006 2198 est
1065 2125 1414 2218 mortale,
1466 2132 1541 2198 et
1588 2123 1759 2197 ideo
1810 2133 1994 2196 tunc
2038 2145 2183 2219 po-

621 2250 769 2315 test
817 2240 1060 2316 vitare
1123 2239 1520 2338 quodlibet
1566 2240 1775 2314 aliud
1825 2239 2181 2314 commit-

620 2355 941 2430 tendum
976 2385 993 2449 ;
1032 2356 1095 2431 si
1149 2366 1405 2431 tamen
1470 2365 1812 2455 tempore
1885 2354 2181 2430 delibe-

622 2475 944 2551 rationis
1034 2500 1189 2550 non
1296 2476 1692 2569 deliberet,
1782 2475 1914 2550 sed
1993 2472 2182 2549 fluat

619 2601 953 2691 tempus,
1016 2603 1200 2668 tunc
1244 2603 1412 2693 post
1459 2603 1759 2691 tempus
1799 2590 2180 2667 delibera-

621 2710 883 2805 tioniS,
951 2735 1107 2786 non
1161 2721 1418 2785 tamen
1471 2719 1642 2809 post
1704 2709 2183 2785 deliberatio·

623 2853 799 2903 nem
845 2828 1126 2904 dicitur
1189 2828 1394 2926 quod
1440 2851 1588 2902 non
1652 2836 1900 2927 potest
1939 2828 2179 2902 vitare

624 2954 1055 3044 peccatum,
1092 2956 1526 3021 excaecante
1555 2968 1637 3020 se
1678 2943 1966 3019 malitia
2006 2968 2173 3020 sua.

720 3064 1031 3157 Contra,
1100 3062 1165 3136 si
1236 3061 1425 3136 ssuat
1501 3071 1805 3159 tempus
1884 3060 2178 3137 delibe-

622 3179 968 3267 rationiS‚
1025 3188 1158 3254 aut
1217 3178 1451 3275 igitur
1497 3178 1678 3252 dum
1739 3178 1930 3252 illud
1996 3187 2180 3253 tem·

621 3323 766 3397 pus
835 3296 1033 3393 fluit,
1070 3298 1299 3373 habet
1345 3321 1566 3372 usum
1630 3296 1990 3383 rationiS.
2053 3299 2175 3372 vel

623 3438 779 3489 non
819 3414 860 3486 ’ἲ
931 3414 1010 3489 Si
1063 3437 1248 3508 non,
1313 3414 1548 3509 igitur
1605 3437 1760 3488 non
1829 3414 1969 3487 fuit
2031 3413 2176 3489 sibi

619 3540 926 3629 tempus
993 3529 1630 3623 deliberationis3
1714 3530 1775 3605 si
1847 3531 1981 3622 sic,
2046 3539 2179 3604 aut

623 3651 857 3748 igitur
951 3660 1374 3747 occupatur
1459 3650 1660 3724 circa
1745 3650 1981 3742 aliud,
2052 3651 2171 3724 vel

620 3767 824 3842 circa
890 3766 1079 3841 illud
1120 3766 1160 3836 ⁴?
1229 3765 1555 3840 Sicirca
1623 3765 1858 3857 aliud,
1923 3765 2176 3838 adhuc

621 3906 775 3957 non
820 3881 961 3957 suit
1001 3882 1147 3955 hoc
1195 3890 1502 3978 tempus
1543 3879 2115 3955 deliberationis
2152 3908 2170 3974 3

619 4000 682 4074 si
727 3999 930 4073 circa
989 3997 1210 4090 illud,
1256 3997 1490 4093 igitur
1538 4021 1691 4071 non
1748 4007 2177 4072 excaecatur

619 4117 823 4192 circa
867 4116 1050 4190 illuc
1112 4115 1395 4190 adhuc.
1459 4114 1539 4188 Si
1580 4126 1693 4190 est
1753 4125 2175 4214 occupatus

618 4233 826 4308 circa
884 4232 1100 4318 illud,
1139 4231 1320 4306 dum
1392 4228 1561 4305 fluit
1624 4242 1923 4329 tempus
1980 4232 2175 4307 deli-

618 4348 1069 4442 berationis,
1200 4348 1434 4445 igitur
1522 4348 1598 4421 in
1691 4347 1838 4423 fine
1925 4357 2175 4446 potest

616 4465 861 4540 vitare
920 4473 1319 4563 peccatum
1374 4486 1510 4561 per
1555 4486 1662 4538 se.
1717 4463 1886 4537 Non
1940 4463 2175 4562 igitur

618 4591 792 4678 post
855 4590 1159 4677 tempus
1213 4578 1787 4653 deliberationis
1836 4580 2175 4678 oportuit

619 4721 797 4772 eum
843 4720 1165 4794 peccare
1207 4696 1409 4771 circa
1459 4697 1673 4773 illud.

1147 4955 1502 5015 SCHOLIUM
1543 4956 1639 5014 111.

690 5107 812 5164 Alia
839 5106 1130 5164 sententia
1150 5113 1350 5163 tenens
1375 5122 1544 5178 posse
1572 5104 1821 5162 liberum
1854 5106 2163 5163 arbitrium

614 5197 802 5254 vitare
835 5199 1092 5269 peccata,
1125 5194 1371 5251 seclusis
1403 5193 1825 5251 tentationibus
1874 5211 1888 5262 ;
1939 5195 2037 5250 sed
2070 5194 2165 5252 his

615 5287 849 5361 positis,
885 5285 933 5343 si
966 5286 1113 5342 bene
1143 5302 1206 5341 se
1236 5285 1501 5357 gesserit,
1554 5300 1621 5339 ex
1669 5283 2031 5341 naturalibus
2062 5302 2129 5342 ac

615 5377 791 5450 cipiet
819 5377 1089 5450 gratiam,
1119 5391 1234 5446 qua
1267 5372 1312 5430 si
1344 5374 1491 5431 bene
1523 5389 1662 5430 usus
1696 5374 1888 5443 ruerit,
1921 5374 2165 5445 accipiet

617 5467 973 5525 ulteriorem.
1019 5464 1178 5521 Hanc
1209 5480 1325 5519 non
1357 5463 1574 5520 refutat
1603 5463 1832 5532 Doctor,
1864 5468 1921 5520 et
1945 5464 2160 5522 coinci-

616 5558 751 5613 ἀοι-ο
808 5555 1039 5611 videtur
1094 5569 1227 5609 cum
1273 5552 1378 5608 'illa
1442 5552 1752 5621 sententis,
1805 5569 1932 5624 quae
2002 5557 2163 5610 tenet

616 5645 848 5712 facienti
879 5644 1031 5718 quod
1064 5643 1120 5698 in
1153 5659 1215 5698 se
1264 5651 1372 5713 est,
1420 5658 1489 5698 ex
1534 5647 1764 5712 natura,
1816 5643 1996 5700 Deum
2044 5661 2158 5701 non

2050 420 2290 490 LIBRI
2338 419 2423 488 ll.

2286 600 2709 670 denegaturum
2741 598 3011 670 gratiam,
3041 615 3217 672 quam
3272 614 3401 654 cuin
3452 595 3628 652 variis
3676 594 3833 652 limi·

2282 687 2609 744 tationibus
2681 689 2852 744 multi
2941 689 3215 746 Doctores
3290 691 3511 744 terent.
3594 687 3661 742 de
3720 704 3834 758 quo

2284 777 2515 833 Lessius
2574 777 2796 849 disput.
2868 779 2938 835 de
2994 779 3198 852 gratis.
3246 778 3392 845 Quid
3445 778 3609 848 juxta
3678 775 3832 832 Scoti

2287 872 2539 924 mentem
2567 868 2882 924 tenendum
2915 869 2992 925 sit
3022 869 3141 941 (btc
3187 868 3343 924 enim
3386 867 3531 922 nihil
3576 865 3831 939 resolvit)

2282 958 2411 1014 vide
2443 958 2499 1013 in
2532 957 2713 1015 Oxou.
2748 958 2805 1013 in
2841 959 3116 1031 praedicto
3140 958 3370 1014 Scholio
3402 974 3566 1014 num.
3601 959 3652 1016 7.

2382 1188 2622 1264 Aliter
2669 1187 2948 1263 dicitur
2995 1188 3200 1285 quod
3260 1187 3586 1263 liberum
3642 1187 3835 1264 arbi·

3979 1236 4044 1302 9.

2284 1306 2515 1382 trium
2558 1314 2808 1405 potest
2856 1305 3328 1380 considerari
3369 1305 3828 1403 dupliciter3
3894 1348 4015 1400 Ali,
4044 1352 4159 1415 om,

2282 1425 2406 1498 vel
2447 1423 2525 1496 in
2578 1445 2659 1497 se
2709 1429 2783 1497 et
2822 1422 3197 1515 absolute,
3242 1421 3363 1497 vel
3414 1430 3499 1495 ut
3545 1422 3837 1521 exposi-

2281 1549 2447 1615 tum
2489 1537 3068 1614 tentationibus
3126 1537 3384 1612 Primo
3435 1538 3659 1612 modo
3710 1563 3837 1637 po-

2285 1667 2430 1734 test
2515 1656 2755 1732 vitare
2866 1664 3178 1755 peccata
3260 1656 3829 1732 committenda.

2285 1774 2642 1851 Secundo
2736 1772 2991 1867 mod0,
3099 1782 3231 1847 aut
3323 1771 3417 1848 de
3504 1773 3838 1871 peccatis

2284 1893 2718 1970 commissis
2773 1893 2967 1968 bene
3031 1916 3112 1968 se
3170 1893 3400 1968 habet
3460 1902 3834 1989 quantum

2284 2018 2534 2109 potest
2590 2034 2682 2085 ex
2732 2007 3241 2102 naturalibuS,
3287 2011 3405 2083 vel
3462 2010 3687 2084 male.
3755 2010 3833 2083 Si

2283 2126 2510 2219 bene,
2574 2127 2719 2199 hoc
2779 2135 2921 2218 est,
2990 2124 3341 2222 displicet
3388 2125 3535 2199 sibi
3584 2147 3838 2222 quan-

2285 2251 2447 2317 tum
2494 2250 2798 2317 tenetur
2838 2264 2929 2316 ex
2977 2241 3487 2334 naturalibuS,
3533 2265 3624 2317 ex
3664 2265 3839 2316 con-

2284 2381 2479 2455 gruo
2521 2367 2860 2432 meretur
2908 2356 3228 2453 gratiam
3273 2357 3509 2452 gratis
3548 2357 3832 2453 datam,

2285 2484 2361 2548 et
2409 2474 2473 2548 si
2534 2474 2728 2548 bene
2781 2472 3261 2571 utiturgipsa,
3326 2472 3473 2547 cito
3531 2473 3837 2547 dabitur

2285 2590 2429 2666 sibi
2471 2591 2716 2688 gratia
2744 2599 3048 2687 gratum
3092 2590 3407 2665 facienS.
3455 2591 3533 2665 Si
3577 2602 3832 2667 autem

2288 2710 2483 2783 male
2542 2730 2623 2782 se
2695 2707 2924 2782 habet
2989 2716 3072 2783 ut
3139 2708 3687 2805 complacendo
3754 2709 3828 2782 in

2284 2827 2742 2921 commissiS,
2779 2849 2952 2901 cum
2996 2826 3142 2902 sibi
3174 2837 3616 2924 occurrunt,
3669 2852 3838 2927 pec-

2283 2953 2405 3019 cat
2478 2968 2679 3018 novo
2748 2951 3085 3042 peccato.
3179 2944 3325 3018 Sed
3414 2944 3480 3018 si
3559 2955 3831 3021 neutro

2288 3063 2546 3156 modo,
2605 3085 2747 3136 nec
2778 3062 3356 3159 complacendO,
3401 3085 3541 3137 nec
3581 3064 3834 3141 detes-

2287 3178 2551 3272 tandO,
2624 3202 2776 3251 non
2856 3177 3039 3252 dicit
3106 3177 3232 3252 ille
3299 3178 3582 3253 Doctor
3649 3182 3831 3278 quid

2283 3295 2380 3369 sit
2434 3294 2969 3391 judicandum.
3033 3294 3313 3369 Tamen
3386 3296 3574 3372 forte
3635 3310 3835 3373 esset

2282 3411 2692 3486 dicendum
2762 3411 2969 3507 quod
3046 3410 3174 3486 ille
3228 3422 3494 3510 peccat
3554 3425 3832 3490 morta-

2282 3526 2481 3619 liter,
2545 3526 2727 3624 quia
2794 3535 3098 3600 tenetur
3153 3527 3574 3616 detestari;
3660 3533 3834 3606 licet

2281 3643 2486 3717 enim
2576 3666 2726 3715 non
2820 3652 3174 3717 teneatur
3268 3667 3570 3743 semper
3658 3647 3833 3745 quis

2282 3758 2654 3857 poenitere
2731 3758 2824 3832 de
2908 3758 3318 3832 commisso
3402 3763 3826 3853 actualiter,

2278 3882 2535 3948 tamen
2571 3882 2875 3948 tenetur
2915 3873 3198 3948 habere
3230 3874 3639 3972 aliqualem
3686 3879 3833 3953 dis-

2280 3987 2751 4087 plicentiam,
2817 3989 3125 4085 quando
3190 3992 3546 4065 occurrit.
3616 3994 3829 4071 Sicut

2278 4109 2468 4182 forte
2514 4108 2605 4183 de
2665 4107 3161 4182 conclusione
3212 4109 3715 4207 Geometrica,
3766 4117 3827 4190 si

2280 4249 2446 4301 eam
2511 4226 3065 4325 specularetur,
3112 4227 3298 4302 forte
3345 4227 3423 4302 in
3480 4231 3624 4306 hoc
3674 4256 3825 4307 non

2279 4352 2657 4442 peccaret,
2695 4341 2841 4416 nisi
2878 4341 3104 4416 nimis
3147 4346 3543 4438 morand0‚
3591 4369 3830 4445 quan-

2278 4458 2375 4533 do
2419 4466 2721 4532 tenetur
2760 4456 2909 4531 alia
2950 4458 3357 4555 speculari,
3405 4463 3524 4536 vel
3566 4462 3832 4540 immo·

2275 4576 2536 4652 derate
2578 4574 2858 4650 ibidem
2903 4575 3451 4673 complacendo
3491 4589 3820 4657 tenetur.

2277 4693 2519 4790 Igitur
2567 4691 2773 4789 quod
2825 4691 3151 4766 liberum
3208 4693 3607 4771 arbitrium
3668 4723 3823 4775 non

2272 4818 2522 4908 potest
2561 4809 2690 4883 diu
2725 4818 2952 4895 stare,
2998 4808 3186 4905 quin
3232 4813 3579 4908 peccabit
3622 4840 3823 4893 novo

2272 4932 2614 5021 peccato,
2662 4924 2784 4997 vel
2827 4920 3015 5019 quin
3073 4921 3283 4998 Deus
3333 4948 3425 5000 ex
3480 4926 3826 5005 liberali-

2272 5049 2424 5116 tate
2475 5039 2684 5114 dabit
2731 5038 2875 5115 sibi
2926 5039 3279 5137 gratiam,
3342 5040 3406 5117 si
3464 5042 3820 5145 disponat

2270 5179 2352 5231 se
2416 5164 2791 5254 quantum
2837 5155 2915 5228 in
2965 5180 3047 5231 se
3088 5165 3227 5231 est.

2369 5272 2517 5348 Sed
2578 5272 2763 5370 quid
2816 5282 2931 5347 est
2996 5272 3408 5349 dicendum
3461 5276 3555 5353 de
3637 5279 3817 5354 infi-

2267 5390 2449 5485 deli,
2517 5389 2649 5488 qui
2725 5411 3125 5488 nunquam
3193 5391 3486 5467 audivit
3552 5394 3809 5490 fidem,

2267 5515 2342 5582 et
2409 5508 2648 5581 multa
2723 5505 3132 5602 commisit,
3213 5530 3389 5606 quae
3457 5511 3815 5590 videntur

2270 5619 2415 5697 sibi
2457 5620 2641 5696 satis
2681 5619 2913 5716 licita,
2957 5621 3050 5696 de
3104 5621 3388 5721 quibus
3429 5633 3816 5707 teneretur

3961 1413 4070 1464 nto.

3954 5319 4060 5386 10.
