4295 6326
434 614 499 677 4.

304 695 389 747 Ad
430 706 624 746 secuu-

395 761 542 810 dum.

306 822 599 886 Dupliciter

348 892 451 936 stat
488 885 588 934 ali-

307 962 467 1013 quem
496 960 606 998 ma·

324 1012 405 1076 gis
434 1012 602 1075 diligi.

305 3612 390 3663 Au
421 3616 571 3677 pater

314 3675 487 3740 diligit
516 3675 570 3723 fl-

310 3738 440 3789 lium
472 3737 556 3787 fir·

284 3801 425 3852 miun
467 3814 575 3851 ma·

409 3869 505 3915 tre.

647 409 779 478 494

748 579 862 656 Ad
895 576 1127 661 aliud,
1156 570 1444 672 aliquid
1477 576 1727 670 potest
1756 565 1903 643 dici
1947 563 2192 662 magis

656 696 924 784 amari,
961 691 1146 793 quia
1185 689 1434 787 majus
1500 688 1790 762 bonum
1860 682 2005 758 sibi
2053 706 2193 780 ap-

659 813 966 913 petitur,
1026 810 1146 883 vel
1216 805 1397 903 quia
1466 801 1732 901 majori
1793 799 2192 875 affectione

658 928 805 1005 sibi
835 924 1218 1027 appetitur
1279 923 1595 998 bonum.
1642 916 1901 990 Primo
1968 914 2193 990 modo

654 1070 811 1121 non
854 1053 970 1119 est
1003 1041 1246 1139 magis
1275 1062 1561 1132 amare,
1605 1035 1788 1134 quia
1826 1034 2025 1108 velle
2066 1030 2196 1106 ali-

651 1165 773 1240 cui
854 1161 1106 1259 majus
1160 1160 1449 1234 honum
1530 1178 1691 1231 non
1756 1161 1871 1229 est
1946 1150 2193 1247 magis

647 1303 971 1373 amare3
1054 1275 1302 1373 majus
1371 1272 1578 1350 enim
1641 1271 1932 1346 bonum
2011 1268 2189 1342 volo

648 1397 880 1494 Papae
921 1393 1251 1469 volendo
1307 1390 1375 1467 ei
1426 1391 1830 1487 Papatum,
1886 1394 1961 1461 et
1998 1384 2191 1482 Regi

644 1536 974 1610 regnum
1024 1533 1253 1609 quam
1292 1506 1505 1601 mihi,
1538 1504 1714 1580 licet
1744 1527 1784 1578 e
1813 1524 2188 1578 converso

643 1634 820 1731 plus
861 1654 981 1706 me
1023 1629 1362 1725 diligam,
1426 1624 1637 1700 etsie
1690 1624 1887 1697 velle
1937 1620 2186 1718 majus

644 1745 933 1820 bonum
972 1742 1152 1817 mihi
1198 1764 1429 1839 quam
1479 1739 1666 1827 De0‚
1704 1745 1817 1811 est
1865 1757 2185 1833 peccare

643 1862 1090 1955 mortaliter,
1122 1859 1304 1958 quia
1336 1856 1579 1954 magis
1610 1855 1850 1931 debeo
1892 1855 2080 1929 Deo.

741 1979 890 2054 Sed
960 1978 1051 2053 de
1122 1974 1392 2073 majori
1458 1972 1733 2049 affectu
1813 1969 2182 2067 distingui

639 2107 891 2197 potest
930 2106 1304 2194 quantum
1338 2093 1432 2170 ad
1463 2091 1828 2190 majorem
1862 2089 2184 2166 firmita-

641 2223 821 2309 tom,
856 2214 978 2288 vel
1013 2222 1388 2312 quantum
1436 2210 1526 2285 ad
1594 2208 1959 2306 majorem
2032 2210 2182 2283 fer-

639 2354 929 2405 vorem.
970 2330 1121 2404 Sed
1153 2329 1375 2403 istam
1417 2325 1987 2401 distinctionem
2022 2349 2174 2400 non

637 2450 833 2523 bene
878 2438 1251 2544 intelligo,
1298 2446 1480 2543 quia
1510 2445 1575 2519 si
1602 2446 1917 2539 valeret,
1986 2447 2179 2520 alter

639 2572 853 2639 actus
878 2562 1020 2638 erit
1052 2562 1456 2660 perfectior
1484 2560 1923 2636 necessario
1956 2572 2029 2636 et
2070 2561 2179 2634 in-

638 2679 954 2773 tensior,
982 2690 1055 2754 et
1077 2680 1215 2754 iste
1235 2679 1460 2754 debet
1477 2702 1643 2753 esse
1669 2679 1869 2753 circa
1891 2680 2056 2754 Deu
2072 2701 2168 2751 m.

636 2799 947 2872 Certum
990 2807 1103 2872 est
1161 2806 1416 2871 autem
1478 2797 1682 2896 quod
1729 2797 1972 2895 magis
2039 2797 2176 2872 fir-

635 2916 856 2991 miter
915 2925 988 2991 et
1050 2915 1293 2991 solide
1364 2916 1589 2992 dehet
1652 2917 1857 2991 Deus
1925 2916 2167 3014 diligi,

633 3059 861 3135 quam
920 3045 998 3111 tu
1059 3037 1249 3135 ipse,
1296 3036 1479 3135 quia
1530 3036 1810 3134 aliquis
1869 3036 2174 3112 videtur

634 3155 920 3230 habere
963 3152 1383 3230 firmiorem
1433 3152 1786 3230 affectum
1849 3154 1944 3229 ad
1993 3153 2171 3228 dili-

630 3273 969 3368 gendum
998 3271 1365 3370 aliquem,
1403 3296 1578 3347 cum
1611 3271 1848 3347 alium
1876 3273 2172 3347 ferven-

630 3388 783 3463 tius
824 3388 1097 3485 diligit,
1156 3389 1287 3463 sed
1356 3413 1512 3463 non
1566 3389 1914 3484 solidius,
1987 3391 2171 3489 quia

629 3513 844 3603 pater
897 3504 971 3578 in
1051 3504 1392 3604 periculo
1461 3506 1704 3603 magis
1782 3517 2171 3604 pateretur

631 3646 769 3720 pro
812 3620 968 3697 filio
1025 3645 1254 3719 quam
1329 3634 1591 3699 mater.
1661 3624 1879 3699 Unde
1922 3625 2170 3723 diligit

632 3739 1040 3827 intensius,
1085 3740 1356 3815 fortius
1389 3750 1462 3815 et
1510 3742 1857 3829 solidum,
1913 3753 1985 3818 et
2059 3744 2168 3818 sic

631 3856 957 3932 solidius
996 3856 1205 3932 Deus
1245 3866 1357 3932 est
1388 3858 1853 3954 diligendus,
1888 3859 2060 3935 ideo
2103 3862 2167 3935 si

628 3983 698 4048 te
764 3973 1082 4049 solidius
1171 3974 1454 4070 diligis,
1520 3984 1602 4049 ut
1678 3977 1943 4051 malles
2004 3977 2167 4051 Deo

625 4092 825 4165 male
859 4114 1027 4165 esse
1073 4113 1304 4188 quam
1353 4090 1511 4176 tihi,
1556 4115 1829 4189 peccas
1881 4102 2169 4167 morta-

623 4209 821 4284 liter.
871 4209 1018 4284 Sed
1065 4209 1353 4303 (credo)
1389 4233 1545 4283 non
1586 4219 1883 4285 tantum
1920 4211 2169 4308 majus

2051 389 2293 459 LIBRI
2339 389 2462 462 111.

2304 564 2595 639 bonum
2628 563 2870 640 debeo
2910 564 3108 640 velle
3158 565 3348 660 De0,
3421 566 3552 642 sed
3613 575 3688 642 et
3727 565 3849 639 in-

2302 681 2599 756 tensius
2630 705 2803 757 eum
2838 681 3186 780 diligere,
3240 692 3313 759 et
3363 685 3508 759 hoc
3563 692 3678 761 est
3716 707 3845 759 so-

2306 800 2560 876 lidius.
2636 801 2916 896 ProbO,
2980 803 3290 901 quando
3369 804 3544 900 quis
3598 802 3848 900 diligit

2304 917 2636 1015 aliquem
2672 920 2847 1017 plus
2878 918 3056 1013 alio,
3116 929 3293 994 tunc
3334 920 3477 995 sibi
3519 920 3680 994 vult
3737 919 3847 993 ci-

2310 1035 2456 1110 tius
2523 1036 2718 1111 bene
2777 1060 2973 1131 esse,
3044 1047 3119 1112 et
3176 1037 3302 1112 alii
3377 1039 3572 1113 male
3627 1036 3842 1136 prius

2303 1176 2534 1251 quam
2567 1153 2637 1229 ei
2683 1181 2701 1247 ;
2738 1154 2973 1252 igitur
3012 1155 3120 1231 sic
3170 1155 3451 1253 diligis,
3489 1156 3672 1254 quia
3716 1179 3845 1231 so-

2302 1267 2533 1344 lidius
2577 1297 2596 1364 3
2634 1269 2867 1367 igitur
2898 1279 2972 1347 et
3002 1270 3407 1346 intensius.
3455 1272 3634 1347 Ideo
3668 1271 3836 1346 dico

2302 1387 2502 1484 quod
2585 1397 2799 1463 actus
2880 1388 3250 1486 diligendi
3331 1389 3534 1466 circa
3589 1391 3834 1465 Deum

2301 1503 2526 1581 dehet
2555 1529 2723 1582 esse
2753 1507 3156 1606 perfectior
3188 1517 3260 1585 et
3302 1509 3705 1605 intensior,
3762 1509 3837 1585 id

2299 1632 2442 1719 est,
2479 1626 2822 1723 solidior,
2880 1627 2983 1703 ita
3023 1629 3226 1727 quod
3296 1631 3527 1706 vellet
3593 1630 3842 1728 magis

2298 1741 2442 1816 sibi
2476 1745 2669 1819 male
2694 1768 2861 1822 esse
2884 1755 3195 1848 propter
3214 1746 3548 1845 aliquem
3584 1758 3837 1823 actum

2299 1883 2528 1957 quam
2566 1860 2752 1936 Deo,

2394 1976 2541 2050 Sed
2611 1976 2797 2075 quid
2890 1978 2983 2053 de
3071 1978 3512 2054 ferventiori
3583 1983 3833 2055 actu?

2292 2096 2481 2171 Dico
2514 2096 2719 2195 quod
2766 2096 3165 2196 passiones
3216 2099 3838 2176 concomitantur

2292 2224 2646 2289 naturam
2690 2216 3134 2292 naturaliter
3167 2244 3186 2310 ;
3221 2226 3295 2291 et
3333 2217 3503 2291 ideo
3534 2216 3841 2293 videtur

2291 2341 2507 2406 actus
2537 2331 2978 2427 ferventior,
3023 2332 3250 2431 etqui
3285 2332 3586 2408 facilius
3618 2334 3836 2410 elici-

2289 2459 2415 2522 tur
2454 2459 2766 2548 propter
2810 2452 2984 2543 hoc,
3036 2448 3341 2525 videtur
3409 2450 3830 2526 ferventius

2290 2566 2607 2663 diligere
2676 2592 2756 2643 se
2825 2591 3055 2665 quam
3117 2567 3392 2643 Deum.
3458 2568 3607 2643 Sed
3688 2568 3827 2644 iste

2287 2682 2539 2758 fervor
2584 2683 2840 2781 passio
2907 2693 3074 2779 est3
3144 2684 3344 2759 unde
3404 2684 3829 2759 ferventius

2288 2809 2534 2898 potest
2565 2799 2740 2898 quis
2773 2800 3092 2898 diligere
3134 2800 3384 2874 Deum
3432 2824 3663 2899 quam
3714 2824 3824 2895 se,

2285 2925 2439 2991 tam
2481 2941 2572 2992 ex
2603 2928 2815 3016 parte
2853 2916 3128 3014 objecti
3195 2940 3426 3015 quam
3481 2941 3571 2992 ex
3613 2925 3825 3016 parte

2283 3044 2523 3110 actus,

2378 3152 2486 3226 Ad
2523 3152 2730 3228 aliud
2769 3178 2784 3229 :
2832 3153 3109 3228 Omnia
3161 3161 3435 3252 praeter
3483 3151 3815 3252 primum
3910 3160 3995 3211 Ad
4035 3166 4158 3214 ter·

2282 3271 2612 3347 charitas
2646 3271 2953 3371 respicit
3004 3271 3601 3366 accidentaliter,
3638 3271 3822 3370 quia

2280 3413 2436 3464 non
2479 3389 2628 3465 nisi
2670 3390 2747 3464 in
2792 3400 3139 3489 respectu
3177 3390 3271 3465 ad
3303 3390 3520 3481 illud,
3557 3400 3818 3466 tamen

2280 3508 2719 3584 immediate
2800 3518 3049 3607 potest
3114 3507 3507 3584 reflectere
3583 3533 3821 3609 super

2281 3638 2532 3702 actum
2568 3625 2964 3723 proprium
3001 3624 3243 3721 magis
3297 3625 3625 3700 volendo
3686 3648 3814 3715 se;

2280 3769 2433 3818 non
2529 3752 2608 3817 ut
2707 3742 3089 3839 objectum
3177 3740 3435 3833 finale,
3516 3741 3651 3817 sed
3742 3750 3825 3817 ut

2281 3861 2714 3959 proximum
2770 3859 3209 3934 ordinatum
3270 3860 3364 3933 ad
3433 3858 3819 3956 objectum

2283 3980 2667 4072 ultimum,
2695 3988 2768 4054 et
2796 3978 2900 4054 ita
2928 4003 3083 4054 non
3108 3980 3314 4053 valet
3344 4001 3821 4075 consequen-

2278 4097 2408 4171 tia.

3941 3226 4105 3276 tium.
