4295 6326
1565 366 1786 436 nis'r.
1845 368 1957 434 vl.
2014 369 2431 447 QtJAESTtO
2483 371 2569 438 X.
3525 370 3670 437 055

107 576 406 648 Charaeta
455 536 564 610 sic
615 537 844 610 estin
926 539 1344 636 proposito.
1390 540 1743 637 Disponit
1812 565 1993 637 ergo
2104 554 2179 618 et
2254 545 2442 618 illud
2513 547 2604 619 ad
2658 546 2860 641 quod
2907 543 3268 641 disponit,
3334 552 3514 617 sunt
3572 542 3647 614 in

108 639 402 750 θξξῑῗζᾜξ·
456 657 850 730 character
919 656 1010 729 ad
1100 657 1451 752 gratiam,
1527 668 1607 730 ut
1684 658 1990 753 signum
2102 663 2416 754 eodem;
2467 663 2655 737 fides
2688 673 2801 737 est
2842 663 2918 736 in
2965 662 3301 759 potentia
3333 661 3643 754 animae,

454 771 916 866 proximum,
953 771 1174 867 cujus
1221 795 1371 845 non
1428 781 1541 846 est
1586 796 1675 845 ex
1718 783 1994 848 natura
2102 804 2256 853 non
2295 780 2367 852 in
2412 781 2786 874 essentia3
2835 781 3093 876 igitur,
3140 789 3279 853 etc.

81 765 324 833 gratiam
343 776 402 811 ex

82 828 277 876 divina
299 838 404 874 ins-

2198 900 2505 991 Contra,
2535 902 2929 972 character
2961 897 3296 995 disponit
3327 895 3422 969 ad
3465 919 3646 992 gra—
3697 896 3991 1012 Asssfflffi'

118 886 394 940 mutim·
452 912 618 981 sua,
656 889 786 962 sed
840 912 931 962 ex
974 889 1451 965 institutione
1485 889 1773 983 divina,
1811 891 1993 987 quia

450 1007 657 1082 Deus
689 1008 1065 1106 disposuit
1097 1009 1450 1084 assistere
1503 1034 1805 1108 semper
1850 1035 1990 1085 suo
2099 1015 2280 1088 tiam
2320 1045 2337 1109 3
2385 1017 2516 1091 sed
2591 1017 2897 1090 habitus
2952 1025 3023 1088 et
3065 1014 3462 1112 dispositio
3526 1037 3646 1087 eo-

449 1122 698 1219 signo,
749 1133 827 1196 ut
869 1125 964 1197 sit
996 1147 1292 1217 verum,
1331 1136 1704 1223 quantum
1755 1135 1991 1200 estex
2101 1131 2270 1204 dem
2322 1132 2541 1205 modo
2586 1141 2767 1206 sunt
2819 1133 2893 1204 in
2940 1132 3206 1205 eodem
3265 1130 3637 1226 subjecto,

447 1247 658 1336 parte
701 1240 846 1329 sui,
878 1250 950 1315 et
981 1239 1257 1314 habeat
1289 1264 1549 1315 secum
1583 1242 1986 1340 signatum
2100 1247 2297 1321 sicut
2338 1256 2419 1322 tu
2463 1248 2790 1345 accipis,
2828 1272 3009 1346 ergo
3063 1271 3234 1321 cnm
3271 1247 3516 1338 gratia
3546 1246 3643 1320 sit

450 1379 702 1428 suum.
2096 1364 2176 1435 in
2211 1365 2548 1439 essentia
2590 1366 2903 1458 animae,
2933 1366 3076 1439 erit
3108 1374 3182 1439 et
3213 1367 3635 1457 character,

547 1473 763 1560 Quod
801 1497 979 1548 vero
1027 1475 1345 1550 ulterius
1404 1475 1734 1569 additur,
1782 1477 1985 1575 quod
2096 1482 2226 1578 qui
2263 1492 2376 1556 est
2407 1483 2804 1580 dispositio
2833 1484 3024 1579 ejus.

445 1600 627 1665 tunc
672 1600 927 1688 posset
959 1592 1376 1690 corrumpi,
1414 1592 1582 1666 dico
1625 1593 1828 1690 quod
1872 1594 1983 1666 di-
2769 1599 2772 1604 '

441 1707 636 1782 citur
712 1709 1344 1807 incorruptibilis,
1421 1711 1603 1809 quia
1690 1712 1982 1786 nullam

435 1849 745 1900 causam
798 1827 1315 1924 corruptivam
1360 1827 1609 1901 habet.
1664 1828 1743 1901 Si
1777 1829 1982 1901 enim

432 1943 768 2039 aliquam
808 1941 1147 2036 haberet,
1188 1943 1319 2016 illa
1350 1946 1601 2017 solum
1646 1944 1981 2018 demeri-

429 2060 623 2134 toria
691 2069 919 2152 esset,
992 2060 1174 2157 quia
1242 2061 1540 2134 nullum
1612 2085 1980 2158 superna-

429 2176 671 2250 turale
707 2176 936 2250 habet
976 2177 1185 2250 aliud
1249 2178 1804 2275 corruptivum,
1838 2180 1972 2252 sed

432 2305 681 2368 tamen
726 2292 1293 2367 demeritoriam
1338 2318 1492 2367 non
1547 2294 1797 2367 habet.
1836 2295 1975 2368 Pa-

431 2421 559 2506 tet,
597 2411 779 2510 qnia
804 2421 1057 2486 manet
1090 2411 1162 2484 in
1202 2411 1442 2505 fictis3
1481 2413 1689 2485 Deus
1722 2424 1973 2487 tamen

427 2529 519 2602 de
575 2529 917 2625 potentia
971 2552 1112 2602 sua
1161 2529 1511 2603 absoluta
1556 2540 1811 2626 posset
1859 2529 1977 2627 ip-
2062 2613 2067 2620 ,

427 2669 597 2718 sum
658 2657 1179 2742 corrumpere,
1249 2655 1327 2718 ut
1382 2636 1616 2741 supra
1684 2646 1969 2719 dictum

432 2772 568 2834 est.

530 2875 638 2947 Ad
710 2875 1043 2972 primum
1116 2875 1190 2948 in
1261 2875 1726 2973 oppositum,
1800 2876 1968 2951 dico

431 2992 855 3067 secundum
934 2993 1159 3066 aliam
1230 2993 1460 3086 viam,
1540 2994 1742 3090 quod
1814 3018 1967 3068 non

116 1462 203 1512 Ad
225 1478 385 1528 quar-

183 1530 317 1583 tum.

2638 1739 2996 1796 SCHOLIUM
3039 1742 3080 1795 1.

2161 1899 2464 1955 Sententia
2521 1900 2593 1955 D.
2656 1900 2890 1956 Thomas
2950 1898 3337 1953 characterem
3391 1912 3518 1952 esse
3576 1896 3635 1951 in

2089 1988 2409 2053 intellectu,
2445 1989 2757 2054 refellitur,
2790 1988 2926 2061 quia
2957 1996 3039 2043 est
3069 1986 3375 2056 dispositio
3403 1987 3475 2042 ad
3503 2003 3634 2056 gra-

2087 2079 2247 2144 tiam,
2282 2083 2337 2134 et
2374 2077 2496 2134 haec
2525 2078 2848 2135 secundum
2901 2078 3096 2150 ipsum
3147 2085 3234 2133 est
3273 2077 3332 2131 in
3380 2076 3637 2131 essentia

2084 2170 2294 2223 animm
2327 2186 2341 2236 3
2378 2185 2512 2240 ergo
2547 2171 2672 2240 ejus
2696 2168 3012 2240 dispositio
3045 2184 3156 2222 non
3192 2171 3385 2238 potest
3414 2183 3542 2222 esse
3576 2166 3633 2220 in

2086 2261 2392 2334 posteriori
2427 2262 2784 2335 susceptiVO.
2831 2261 3039 2331 ltejicit
3089 2260 3411 2316 clarissime
3458 2259 3634 2314 ratio-

2087 2368 2187 2407 nes
2222 2355 2280 2404 D.
2313 2352 2568 2407 Thomae.

2184 2530 2324 2602 Hic
2355 2529 2632 2602 dicitur
2664 2528 2864 2626 quod
2898 2530 3292 2601 character
3324 2550 3472 2600 non
3511 2535 3627 2600 est
3772 2547 3835 2616 2,

2084 2647 2156 2718 in
2230 2646 2561 2721 essentia
2623 2645 2931 2738 animae,
2967 2644 3099 2719 sed
3170 2650 3248 2716 in
3290 2631 3457 2739 ej‘us
3497 2668 3626 2741 po·
3680 2661 3871 2722 Opinio
3911 2664 3971 2713 D.

2081 2761 2319 2835 tentia
2394 2759 2863 2835 intellectiva
2928 2757 3478 2857 principaliter,
3551 2766 3624 2831 et
3695 2725 3930 2776 Thomoe.

2083 2903 2233 2951 non
2282 2877 2357 2951 in
2406 2879 2828 2951 voluntate.
2892 2876 3234 2949 Primum
3290 2874 3623 2949 declara-

2084 3004 2205 3068 tur
2245 2994 2380 3087 sic,
2421 3016 2596 3067 nam
2653 2992 2912 3067 anima
2966 3002 3039 3066 et
3099 2990 3438 3089 potentia
3478 2990 3626 3087 spi-

92 2893 179 2944 Ad
206 2893 371 2966 ratio·

100 2968 269 3026 nes-in
286 2971 373 3018 op-

96 3024 358 3085 positum.

427 3118 538 3184 est
582 3108 977 3207 dispositio
1038 3109 1129 3183 ad
1172 3110 1494 3205 gratiam
1547 3135 1638 3185 ex
1695 3121 1968 3187 natura

425 3249 589 3314 sua,
655 3226 788 3299 sed
838 3249 928 3299 ex
996 3225 1431 3299 assistentia
1489 3224 1654 3314 Dei,
1718 3229 1850 3325 qui
1894 3229 1963 3303 ei

422 3343 789 3417 assistens
852 3342 979 3415 dat
1037 3343 1356 3439 gratiam
1407 3344 1614 3416 omni
1650 3347 1963 3420 habenti

423 3460 608 3533 illud
644 3460 979 3556 signum.

515 3578 626 3651 Ad
687 3578 918 3663 aliud,
980 3586 1184 3675 patet
1253 3579 1636 3676 quomodo
1703 3579 1960 3653 anima

413 3704 662 3791 potest.
703 3694 847 3767 dici
893 3695 1328 3785 assimilari,
1378 3706 1519 3769 etc.
1562 3719 1714 3768 non
1752 3697 1957 3793 quod

411 3811 503 3883 sit
539 3813 703 3883 sola
737 3812 1030 3903 relatiO,
1068 3812 1251 3907 qnia
1283 3812 1709 3886 secundum
1759 3815 1958 3887 rela-

412 3927 664 3999 tiones
698 3926 1039 4021 ejusdem
1070 3927 1353 4023 speciei
1396 3936 1643 4025 potest
1669 3928 1954 4002 attendi

410 4041 857 4115 similitudo.

911 4351 1310 4427 QUAESTtO
1362 4353 1447 4416 X.

412 4524 649 4587 Istrum
691 4503 1047 4587 character
1073 4520 1163 4587 sit
1202 4521 1275 4585 in
1314 4522 1608 4587 essentia
1649 4522 1894 4588 animae
1918 4525 1952 4587 ,⁹

404 4715 598 4771 Alnus.
631 4717 684 4769 4.
715 4721 864 4785 part.
898 4715 1189 4785 quemme.
1227 4715 1421 4769 memb.
1453 4717 1505 4767 3.
1540 4717 1601 4769 D.
1631 4720 1942 4772 Honavent.

477 4789 582 4841 hie.
619 4804 654 4839 ι.
690 4792 833 4857 part.
859 4793 968 4842 art.
996 4804 1031 4840 1.
1066 4795 1260 4857 qum-et.
1289 4788 1341 4839 3.
1395 4788 1666 4843 Richard.
1709 4789 1832 4844 cust.
1889 4792 1941 4843 5.

475 4870 583 4914 art.
617 4862 883 4929 2.q11aest.
918 4861 971 4912 2.
1011 4865 1071 4912 1).
1107 4858 1314 4913 Thom.
1351 4862 1403 4911 3.
1436 4870 1580 4929 part.
1623 4873 1819 4930 quatit.
1852 4865 1940 4916 ct.

472 4937 581 4986 art.
619 4932 670 4986 4.
705 4931 955 4985 Durand.
990 4933 1117 4984 dist.
1147 4931 1196 4983 4.
1230 4937 1427 5000 quoest.
1456 4948 1492 4985 ι.
1544 4934 1771 4987 Aureol.
1807 4935 1940 4989 ibid.

473 5012 663 5073 quaest.
700 5019 732 5055 ι.
795 5010 903 5056 art.
954 5004 1001 5055 4.
1058 5001 1196 5056 Gab.
1253 5003 1340 5055 liic
1378 5011 1575 5072 quoest.
1621 5006 1673 5056 2.
1727 5015 1840 5059 art.
1888 5007 1941 5059 3.

472 5081 682 5128 suarez
711 5076 761 5127 3.
800 5083 926 5129 tom.
958 5072 1101 5144 disp.
1141 5075 1223 5128 11.
1265 5090 1309 5128 s.
1360 5078 1413 5128 2.
1468 5076 1615 5130 Scot.
1672 5080 1726 5130 in
1766 5076 1937 5134 Ozon.

473 5146 560 5201 hic
592 5149 782 5216 quami.
821 5146 904 5198 11.

2082 3111 2468 3186 ritualitati
2530 3108 3284 3210 proportionabiliter
3334 3109 3622 3184 substi-

2079 3240 2155 3302 tu
2173 3226 3122 3325 untur,sicutpersectibile
3145 3226 3615 3325 perfectioni,

2081 3347 2281 3421 unde
2324 3346 2521 3420 sicut
2559 3346 2831 3442 gratia,
2877 3345 3060 3443 qnia
3099 3353 3214 3419 est
3260 3346 3620 3441 quaedam

2074 3464 2230 3537 vita
2271 3462 2719 3560 spiritualiS,
2756 3472 2871 3536 est
2937 3461 3014 3533 in
3057 3461 3392 3535 essentia
3450 3461 3621 3533 ani-

2076 3603 2249 3672 mae,
2287 3602 2462 3675 quse
2495 3590 2609 3653 est
2639 3579 2794 3652 vita
2821 3578 3163 3675 corporis
3197 3600 3331 3673 per
3362 3600 3471 3669 se,
3521 3577 3621 3650 ita

2073 3697 2494 3784 character,
2534 3695 2661 3792 qui
2701 3703 2812 3768 est
2855 3692 3212 3790 quaedam
3256 3692 3619 3790 spiritua-

2076 3811 2168 3886 lis
2211 3810 2573 3908 potentia,
2613 3819 2727 3884 est
2767 3810 2842 3882 in
2879 3808 3218 3906 potentia
3253 3808 3610 3901 naturali,

2067 3938 2141 4002 et
2219 3951 2370 4001 non
2447 3928 2524 4000 in
2594 3927 2931 4002 essentia
3012 3925 3156 3999 nisi
3232 3924 3611 4000 mediante

2071 4044 2432 4141 potentia.

2165 4163 2312 4236 Sed
2360 4162 2430 4234 in
2468 4186 2622 4259 qua
2657 4160 2996 4259 potentia
3020 4158 3373 4232 C'Dicitur
3412 4160 3615 4254 quod

2066 4278 2520 4377 inpotentia
2565 4278 3056 4370 intellectiva,
3104 4275 3286 4372 quia
3336 4277 3612 4349 chara-

2062 4408 2221 4471 cter
2253 4396 2777 4495 principaliter
2819 4393 3126 4492 respicit
3158 4393 3603 4489 imaginem,

2062 4538 2234 4586 cnm
2270 4514 2366 4587 sit
2408 4513 2763 4611 quasdam
2828 4510 3185 4607 figuratio
3243 4509 3604 4583 trinitatis

2061 4641 2338 4704 creata:
2420 4632 2510 4704 ad
2607 4630 3050 4704 Trinitatem
3150 4629 3598 4703 increatam.

2061 4749 2320 4839 Imago
2377 4756 2628 4821 autem
2693 4746 3214 4844 principaliter
3255 4745 3601 4820 consistit

2058 4864 2133 4935 in
2171 4864 2633 4936 intellectiva
2676 4872 2913 4959 parte,
2961 4863 3140 4959 quia
3183 4886 3270 4935 ex
3321 4886 3602 4934 memo-

2058 4980 2170 5052 ria
2210 4989 2284 5053 et
2361 4978 3141 5076 intelligentiaJOritur
3208 4980 3438 5053 volun
3458 4990 3593 5072 taS,

2059 5097 2260 5172 unde
2309 5106 2458 5171 tota
2521 5097 2774 5192 imago
2829 5105 2941 5170 est
2980 5096 3055 5168 in
3102 5096 3592 5188 intellectiva,

2059 5225 2138 5288 ut
2171 5215 2246 5286 in
2296 5213 2543 5287 radice
2582 5242 2599 5306 3
2647 5224 2719 5288 et
2760 5213 2929 5287 ideo
2965 5236 3191 5287 omne
3238 5214 3438 5311 quod
3476 5224 3592 5287 at-

187 5344 246 5409 1,
501 5324 714 5411 Quod
764 5349 944 5397 non.
1007 5324 1418 5397 Character
1469 5326 1808 5423 disponit
1847 5329 1938 5403 ad
2054 5331 2415 5404 tribuitur
2477 5330 2771 5404 homini
2840 5330 3134 5405 ratione
3204 5331 3590 5427 imaginiS,

49 5459 355 5586 tssssffun‘ssgss'
401 5441 658 5535 fidem,
723 5441 904 5538 quia
982 5465 1115 5537 per
1188 5467 1360 5515 enm
1443 5444 1941 5541 distinguitur
2055 5449 2576 5548 principaliter
2650 5449 2960 5546 respicit
3033 5449 3105 5522 in
3189 5459 3428 5522 totum
3500 5474 3592 5524 cx

115 5585 301 5639 tivum.
404 5558 648 5633 tidelis
708 5558 802 5632 ab
848 5557 1177 5643 infideli3
1217 5559 1611 5656 dispositio
1681 5572 1934 5637 autem
2052 5568 2552 5663 consequenti
2597 5565 2977 5640 affectum.
