4295 6326
228 1571 292 1638 5.

149 1688 307 1751 Opin.
338 1686 402 1735 D.

116 1752 303 1801 Thom.
328 1753 372 1800 ι.
386 1752 433 1800 2.

116 1817 364 1878 q.68.art.
388 1816 434 1862 1.

118 1882 175 1927 et
187 1875 435 1926 Richard.

116 1954 167 1992 c.
193 1942 366 2053 ἱὲὲμ.
381 1938 434 1989 d.

1297 356 1523 427 DIST.
1576 356 1897 425 XXXIV.
1953 354 2372 435 QUAESTIO
2420 353 2657 423 UNIC.

998 693 1355 751 SCHOLIUM
1401 695 1470 749 ll.

536 852 832 907 Sententia
878 850 947 906 D.
977 851 1245 921 ,Thomae
1291 851 1534 905 virtutes
1572 848 1885 919 disponere
1914 864 2010 903 vo-

465 941 773 1007 luntatem,
810 946 872 995 ut
900 946 992 996 est
1024 939 1258 996 mobilis
1287 958 1320 994 a
1348 939 1568 995 ratione
1603 943 1781 1007 recta,
1832 937 2006 1003 dona,

470 1036 531 1087 ut
565 1031 797 1087 mobilis
820 1035 966 1086 esta
998 1031 1210 1103 Spiritu
1245 1036 1467 1086 sanctO.
1514 1029 1817 1101 Rejicitur,
1871 1026 2009 1100 quia

467 1138 532 1176 eo
584 1122 710 1193 ipso
758 1121 907 1192 quod
980 1120 1133 1176 Deus
1192 1119 1352 1177 dedit
1398 1122 1670 1174 virtutem
1723 1116 2007 1174 voluntati

468 1210 695 1265 assistit.
729 1215 794 1265 ut
824 1218 1115 1266 moveatur
1147 1211 1213 1266 ad
1261 1215 1425 1265 actus
1483 1208 1594 1264 sibi
1655 1208 2006 1266 couvenien-

471 1303 576 1366 tes,
609 1300 729 1354 sive
758 1315 792 1356 a
825 1317 931 1355 sua
979 1299 1225 1368 ratione,
1288 1298 1406 1355 sive
1453 1316 1486 1353 a
1539 1297 1759 1370 Spiritu
1806 1299 2010 1353 sancto

470 1392 784 1444 moveatur.

566 1565 804 1639 Aliter
833 1563 1138 1657 dicitur,
1210 1564 1392 1663 quia
1432 1588 1607 1640 cum
1678 1564 2010 1663 Spiritus

470 1691 782 1756 sanctus
829 1706 979 1757 non
1050 1692 1301 1757 movet
1341 1683 1418 1757 in
1488 1684 1779 1758 bonum
1837 1683 2012 1780 jus-

473 1810 630 1874 tum
694 1791 1156 1892 immediate,
1220 1800 1406 1897 quin
1485 1810 1785 1897 oportet
1831 1822 2007 1874 eum

471 1917 892 2015 cooperari,
931 1927 1228 2015 oportet
1267 1917 1676 2019 disponere
1699 1917 2011 2015 :volun-

475 2043 728 2121 tatem‚
775 2042 859 2108 ut
893 2034 1196 2108 mobilis
1237 2057 1280 2108 a
1323 2033 1615 2109 ratione
1645 2035 1741 2109 sit
1774 2046 2006 2129 recta,

469 2154 670 2251 quod
728 2151 810 2226 fit
844 2175 977 2251 per
1018 2153 1404 2239 virtutem,
1459 2163 1534 2227 et
1586 2164 1664 2227 ut
1705 2153 2010 2228 mobilis

467 2268 563 2342 sit
628 2294 673 2343 a
730 2269 1018 2366 Spiritu
1083 2279 1375 2364 sancte,
1435 2270 1640 2367 quod
1716 2268 1802 2343 fit
1876 2292 2011 2368 per

467 2388 696 2461 dona.
758 2461 768 2471 ,

564 2505 868 2598 Contra,
916 2516 1098 2579 tunc
1153 2530 1307 2580 non
1364 2515 1477 2580 est
1526 2505 1628 2578 ibi
1690 2504 2013 2579 distinc-

470 2623 569 2696 tio
604 2622 1164 2699 beatitudinum
1210 2650 1255 2698 a
1297 2623 1712 2698 virtutibus
1745 2632 1818 2698 et
1870 2623 2012 2696 do-

469 2739 614 2814 nis.

564 2857 813 2949 Ittem,
843 2881 933 2931 ex
963 2880 1115 2955 quo
1149 2857 1586 2933 deditDeus
1628 2856 2005 2951 habitum,

470 2972 755 3047 assistit
821 2973 912 3047 ad
983 2984 1198 3048 actus
1274 2974 1823 3050 convenientes
1900 2973 2010 3047 illi

470 3089 762 3178 formae,
848 3090 1046 3165 sicut
1101 3115 1304 3166 caeco
1366 3100 1545 3166 nato
1604 3091 1696 3166 ad
1753 3090 2013 3166 viden-

471 3206 682 3302 dum,
712 3208 842 3305 qui
879 3209 1107 3285 habet
1134 3210 1548 3308 potentiam
1584 3232 1739 3307 qua
1767 3219 2013 3306 potest

386 3335 397 3348 “
472 3326 790 3420 moveri,
838 3350 976 3401 nec
1020 3337 1328 3426 propter
1370 3328 1821 3402 miraculum
1892 3327 2012 3426 ip-

470 3454 713 3519 semet
751 3445 959 3519 Deus
1028 3445 1286 3520 minus
1355 3455 1633 3539 movet,
1681 3470 1822 3520 nec
1865 3445 2015 3518 mi-

469 3586 617 3636 nus
670 3561 987 3652 ,assistit
1062 3563 1515 3656 illuminate,
1609 3572 1689 3637 ut
1772 3563 2014 3661 possit

470 3702 778 3753 movere
833 3679 1040 3754 illam
1079 3681 1495 3780 potentiam
1530 3709 1547 3774 3
1587 3680 1820 3777 igitur
1876 3704 2014 3778 per

470 3797 667 3872 idem
714 3806 828 3872 est
882 3797 1193 3896 aliquod
1256 3798 1535 3873 mobile
1577 3798 2013 3895 proportio-

472 3923 731 3988 natum
797 3914 1129 3989 moventi
1208 3915 1576 4007 secunde,
1622 3924 1695 3989 et
1768 3915 2011 4012 primo

469 4030 809 4126 potentia
846 4040 1098 4104 movet
1129 4031 1490 4127 seipsam,
1529 4054 1678 4104 non
1713 4039 2008 4103 tantum

468 4146 703 4239 DeuS,
750 4157 822 4221 et
886 4147 1055 4222 ideo
1088 4172 1240 4221 non
1309 4147 1531 4221 video
1602 4145 2015 4221 distinctio-

472 4287 645 4336 nem
690 4263 1009 4339 istorum
1069 4264 1497 4340 habituum.

992 4576 1349 4634 SCHOLlUM
1402 4576 1501 4633 111.

541 4768 707 4825 Ponit
767 4769 1017 4824 mirabili
1075 4769 1595 4842 comprehensione
1670 4770 2011 4826 divisionem

471 4858 777 4914 habituum
827 4858 1177 4928 intellectuS,
1231 4858 1548 4915 voluntatis
1591 4863 1648 4915 et
1696 4862 2012 4933 appetituS,

470 4956 527 5004 et
587 4950 879 5020 quomodo
937 4948 1212 5004 differunt
1269 4948 1507 5005 habitus
1555 4961 1882 5022 spectantes
1941 4955 2009 5009 ad

473 5036 989 5110 concupiscibilem
1049 5043 1106 5093 et
1163 5038 1533 5107 irascibilem,
1592 5045 1649 5095 et
1704 5058 1829 5112 quae
1876 5048 2015 5099 sunt.

472 5125 678 5180 horum
736 5125 962 5195 objecta
1010 5129 1066 5180 et
1122 5131 1305 5180 actus.
1386 5126 1649 5197 Explicat
1724 5132 2012 5199 quomodo

470 5216 654 5271 viator
685 5215 1044 5272 sufficienter
1077 5215 1372 5285 perficitur
1415 5221 1631 5286 septem
1682 5219 2011 5290 virtutibuS,

472 5308 660 5378 quoad
700 5307 898 5370 Deum,
930 5307 1119 5376 quoad
1153 5322 1234 5372 se,
1269 5312 1325 5360 et
1355 5308 1551 5361 omnia
1580 5309 1713 5365 alia.
1765 5311 1907 5365 Vide
1954 5312 2012 5366 in

472 5398 651 5452 Oxon.
708 5395 798 5451 hic
841 5394 897 5449 in
955 5395 1258 5450 Schemate
1310 5396 1616 5453 habituum
1679 5399 2010 5456 divisiones.

474 5489 689 5544 Littera
748 5488 867 5541 haec
924 5491 1013 5541 est
1079 5503 1207 5548 vere
1277 5505 1468 5554 aurea,
1534 5490 1677 5544 mira
1736 5491 2014 5549 brevitate

477 5585 743 5635 naturam
777 5577 1056 5631 virtutum
1091 5578 1480 5648 complectens
1512 5584 1566 5633 et
1597 5580 1935 5651 explicans.-

3539 351 3666 418 525

2223 531 2410 604 Dico
2457 553 2638 626 ergo
2706 530 2801 603 ad
2870 527 3404 627 quaestionem,
3460 525 3665 625 quod
3832 551 3896 619 6,

2125 647 2200 719 in
2234 645 2623 719 habitibus
2656 654 2833 719 sunt
2863 666 3148 741 genera
3179 641 3658 735 intermedia,
3695 661 3896 738 Dirisio
3922 669 4009 722 ha-

2119 787 2294 862 quae
2336 773 2657 861 possunt
2688 762 2921 836 dividi
2958 763 3032 835 in
3075 761 3371 860 species
3406 787 3423 853 3
3459 759 3665 834 lzabi-
3704 727 3984 849 vissfflffi.

2121 888 2239 955 tus
2271 880 2475 957 enim
2519 904 2769 978 genus
2823 890 2936 954 est
2977 879 3545 972 intermedium,
3592 888 3664 952 et

2121 997 2417 1093 species
2475 996 2894 1093 qualitatiS,
2948 1004 3021 1070 et
3076 995 3442 1069 dividitur
3518 995 3665 1066 im-

2119 1112 2448 1187 mediate
2510 1113 2587 1185 in
2650 1112 3245 1186 intellectualem
3305 1120 3379 1185 et
3440 1134 3665 1209 appe-

2123 1231 2422 1306 titivum
2497 1258 2517 1324 ;
2595 1240 3003 1328 utrumque
3091 1239 3343 1304 autem
3435 1229 3667 1304 habet

2124 1350 2402 1437 multas
2434 1344 2754 1447 species.
2812 1347 3031 1422 Unde
3070 1346 3370 1421 habitus
3429 1370 3669 1444 appe-

2119 1468 2381 1543 titivus
2467 1476 2582 1541 est
2648 1488 2897 1558 genus
2963 1463 3531 1556 intermedium,
3594 1474 3668 1539 et

2124 1584 2371 1682 prima
2438 1582 2816 1657 divisione
2885 1604 2928 1654 a
2987 1590 3198 1679 parte
3271 1580 3666 1678 appetitivi

2122 1700 2494 1773 dividitur
2534 1699 2611 1772 in
2670 1699 3016 1773 habitum
3087 1697 3530 1791 voluntatiS,
3593 1707 3667 1772 et

2123 1819 2197 1891 in
2278 1817 2625 1892 habitum
2706 1816 3091 1916 appetitus
3162 1815 3531 1889 sensitivi.
3603 1817 3666 1888 A

2121 1943 2335 2035 parte
2368 1958 2551 2008 vero
2612 1932 3031 2007 voluntatis
3096 1931 3344 2030 primo
3386 1931 3666 2006 dividi-

2125 2061 2272 2144 tur,
2309 2050 2734 2125 secundum
2771 2048 2976 2147 quod
3019 2047 3328 2121 habitus
3364 2047 3665 2122 ordinat

2120 2170 2214 2244 ad
2249 2193 2357 2262 se,
2409 2169 2529 2243 vel
2565 2168 2660 2241 ad
2703 2168 3026 2241 alterum
3065 2193 3083 2260 ;
3129 2164 3238 2240 sic
3279 2174 3459 2239 sunt
3488 2166 3663 2241 duae

2121 2286 2394 2385 primae
2429 2284 2753 2382 specieS,
2801 2306 3129 2381 quarum
3176 2305 3327 2356 una
3385 2282 3664 2358 dicitur

2098 2401 2445 2501 justitia,
2482 2400 2633 2474 alia
2665 2423 2815 2472 non
2856 2398 3300 2473 nominatur
3335 2423 3486 2473 uno
3520 2423 3664 2472 no—

2119 2516 2355 2610 mine,
2393 2540 2569 2616 quae
2603 2517 2827 2591 etiam
2876 2516 3242 2591 dividitur
3269 2516 3345 2589 in
3384 2518 3662 2591 multas

2118 2634 2442 2733 specieS,
2527 2633 2728 2708 unde
2786 2631 3084 2728 justitia
3136 2633 3253 2707 vel
3318 2632 3665 2732 pruden-

2118 2750 2246 2825 tia.
3101 2820 3104 2823 ,

2217 2868 2686 2962 Notandum,
2733 2867 2938 2965 quod
2989 2867 3520 2964 appetibilium
3568 2869 3660 2942 ad
3695 2876 3978 2991 Fprtitugdi-

2122 2986 2494 3084 seipsum,
2566 2984 2920 3082 quaedam
2982 2993 3162 3058 sunt
3223 2986 3664 3083 appetibilia
3695 2956 4005 3079 ῃᾷἷι-ἶιῃιῖἷῖ

2121 3127 2214 3179 ex
2275 3125 2384 3197 se,
2449 3112 2523 3178 et
2566 3102 2919 3200 quaedam
2978 3101 3226 3201 primo
3286 3102 3656 3201 fugibilia.
3695 3068 4006 3121 documen.-

2123 3221 2292 3295 Alia
2324 3230 2507 3294 sunt
2536 3217 2982 3317 appetibilia
3043 3242 3197 3292 non
3245 3218 3521 3316 primo,
3593 3230 3666 3296 et

2121 3338 2275 3412 alia
2331 3361 2488 3411 non
2545 3337 2792 3435 primo
2839 3335 3209 3432 fugibilia.
3284 3336 3544 3413 Virtus
3582 3338 3664 3413 in

2120 3455 2544 3549 communi,
2604 3477 2781 3553 quae
2843 3453 3181 3552 disponit
3239 3454 3443 3530 circa
3507 3456 3667 3554 pri-

2125 3597 2274 3666 ma,
2314 3581 2633 3646 vocatur
2663 3570 3214 3668 temperantia3
3255 3595 3430 3668 quae
3464 3573 3667 3648 circa

2119 3692 2489 3784 secunda,
2560 3691 2944 3764 fortitudo.
3021 3689 3279 3764 Prima
3338 3691 3667 3789 pertinet

2122 3807 2215 3881 ad
2258 3805 2884 3904 concupiscibile,
2961 3805 3303 3879 secunda
3360 3807 3454 3880 ad
3510 3808 3668 3882 ira-

2122 3923 2415 3997 scibile.
2463 3922 3101 4020 Concupiscibilis
3135 3922 3441 4021 respicit
3476 3925 3665 3999 illud

2123 4043 2330 4138 quod
2378 4043 2570 4115 lacta
2615 4041 2773 4115 sola
2797 4041 3416 4138 apprehensione
3453 4045 3665 4119 nullo

2120 4160 2272 4234 alio
2315 4159 2561 4256 posito
2595 4167 2710 4234 est
2741 4182 2833 4233 ex
2864 4183 2944 4233 se
2980 4161 3479 4256 conveniens,
3544 4164 3664 4238 vel

2122 4273 2746 4367 disconvenienS,
2784 4283 2856 4348 et
2888 4285 3114 4348 natus
3155 4285 3270 4349 est
3299 4277 3516 4375 sequi
3552 4302 3667 4353 ac-

2118 4403 2246 4465 tus
2276 4391 2703 4466 delectandi
2737 4393 2857 4467 vel
2899 4391 3275 4467 tristandi.
3325 4396 3670 4472 Irascibi-

2121 4509 2215 4583 lis
2256 4517 2512 4584 autem
2550 4508 2858 4608 respicit
2916 4511 3285 4607 punibile,
3356 4514 3517 4589 sive
3552 4517 3670 4589 of-

2124 4627 2472 4720 fendens,
2518 4637 2830 4725 propter
2862 4639 3361 4726 apparentem
3408 4635 3668 4731 parvi-

2121 4743 2604 4841 pensionem,
2642 4745 2843 4841 quod
2881 4769 3033 4819 non
3070 4757 3184 4821 est
3215 4751 3466 4824 statim
3507 4752 3668 4828 dis-

2122 4860 2593 4959 conveniens
2626 4862 3252 4958 concupiscibile.

2220 4977 2365 5052 Sed
2415 4979 2597 5076 quia
2656 4979 2971 5077 impedit
3011 4981 3229 5076 illud,
3266 4986 3470 5082 quod
3548 4999 3662 5062 est
3691 5002 4005 5053 Iraseieem-

2122 5094 2368 5191 primo
2473 5096 2944 5171 conveniens
3047 5102 3652 5202 concupiscibili,
3690 5071 4006 5180 piriffssiiss'.m

2122 5210 2323 5284 circa
2390 5213 2592 5309 quod
2654 5212 3060 5288 irascibilis
3137 5218 3364 5293 habet
3426 5223 3658 5318 quod-

2121 5327 2293 5399 dam
2338 5326 2568 5421 nolle,
2630 5353 2779 5401 non
2826 5330 3134 5426 quidem
3193 5337 3498 5434 proprie
3551 5365 3661 5415 re-

2127 5443 2509 5537 fugientis
2558 5447 2687 5520 sed
2748 5448 3211 5544 repellentiS,
3269 5454 3448 5548 quia
3504 5456 3659 5531 ira-

2123 5559 2413 5636 scibilis
2447 5564 2717 5637 nolens
2751 5564 3075 5661 repellit,
3099 5576 3171 5641 et
3203 5573 3511 5665 quando
3534 5576 3660 5649 ob-
