4295 6326
1474 451 1701 523 DIST.
1754 452 1909 519 XII.
1965 452 2382 533 QUAESTIO
2430 453 2517 521 V.
3492 449 3579 518 27

365 632 519 704 sibi
575 630 918 728 recipere
961 629 1497 727 quantitatem,
1562 650 1713 723 qua
1775 629 1927 701 sor-

367 749 680 822 maliter
720 748 819 822 sit
850 750 1015 822 haee
1051 756 1122 821 et
1158 750 1349 821 hene.

913 1060 1274 1117 SCIIOLIUM
1322 1060 1387 1115 ΙΙ.

446 1216 711 1271 Secunda
743 1214 962 1286 opinio,
983 1212 1375 1270 substantiam
1401 1228 1528 1268 esse
1559 1214 1626 1267 de
1658 1227 1719 1266 se
1750 1210 1921 1277 hanc,

367 1306 514 1376 quia
574 1306 632 1361 tit
691 1305 822 1361 talis
879 1322 980 1378 per
1066 1306 1303 1361 modum
1382 1304 1465 1358 vel
1539 1304 1922 1373 signationem

367 1395 722 1466 quantitatis
773 1395 1177 1450 indistinctam
1232 1395 1303 1448 ab
1373 1394 1502 1464 ipsa
1571 1394 1921 1460 substantie,

368 1487 659 1555 rejicitur,
695 1487 833 1557 quia
865 1487 912 1541 si
947 1485 1049 1541 ille
1079 1486 1281 1540 modus
1314 1489 1403 1539 est
1426 1489 1554 1555 ipsa
1575 1484 1922 1547 substantia,

367 1581 577 1631 contra
610 1575 718 1630 boe
749 1580 888 1631 sunt
917 1576 1112 1630 omnia
1144 1574 1401 1630 absurda
1432 1573 1622 1635 {allata
1656 1593 1669 1642 ς
1722 1573 1768 1628 εἰ
1818 1572 1925 1628 ali-

367 1667 512 1738 quid
548 1666 703 1722 aliud
742 1666 1123 1731 accidentale,
1156 1671 1474 1722 occurrunt
1507 1664 1681 1720 allata
1730 1681 1919 1737 quaes-

366 1757 532 1811 tione
596 1756 975 1827 prm-cedente.
1024 1759 1092 1810 Et
1133 1755 1228 1811 bie
1279 1755 1441 1809 affert
1491 1753 1698 1809 Doctor
1742 1753 1924 1808 multa

367 1845 674 1915 specialia,
708 1846 944 1914 quibus,
981 1850 1041 1901 ut
1069 1845 1317 1912 videtur,
1352 1843 1718 1899 convincitur
1764 1842 1921 1898 salsi·

366 1944 459 1993 tas
491 1938 673 2009 hujus
705 1938 1037 2006 sententia),
1071 1954 1250 2008 quam
1282 1934 1547 1992 nonnulli
1610 1934 1923 2001 'l'homistoe

366 2029 542 2101 sequi
576 2029 868 2084 videntur.
1434 2020 1441 2025 “

158 2285 216 2348 5,
475 2258 885 2333 Secundus
927 2256 1201 2331 modus
1236 2254 1569 2353 ponendi
1608 2262 1721 2328 est
1751 2253 1919 2345 iste,

372 2375 585 2473 quod
629 2374 1058 2450 substantia
1100 2373 1376 2469 lapidis
1436 2383 1548 2445 est
1601 2372 1764 2444 liaeo
1833 2369 1924 2441 de

372 2518 488 2586 se,
554 2491 738 2589 quia
805 2515 959 2565 non
1018 2512 1153 2587 per
1220 2488 1509 2585 aliquid
1555 2486 1759 2559 aliud
1832 2485 1925 2558 ab

373 2610 743 2685 essentia.
778 2609 977 2683 Nam
1011 2605 1399 2704 quantitas
1431 2606 1523 2679 de
1569 2628 1648 2678 se
1684 2611 1930 2701 potest

372 2728 901 2819 individuare,
932 2725 1115 2822 quia
1154 2724 1320 2821 ipsa
1377 2724 1540 2796 sola
1580 2730 1929 2819 separata

374 2857 496 2922 est
539 2844 998 2936 divisibilis3
1072 2842 1307 2939 igitur
1361 2840 1529 2938 ipsa
1595 2840 1931 2915 derelin-

376 2965 552 3060 quit
585 2962 896 3036 modum
937 2961 1011 3031 in
1047 2958 1503 3045 substantia,
1542 2966 1615 3031 et
1673 2956 1930 3053 signa-

387 3082 709 3174 tionem,
747 3104 902 3177 qua
961 3077 1394 3153 substantia
1451 3087 1567 3151 est
1605 3077 1794 3150 leoee.
1843 3078 1933 3150 Et

380 3223 526 3298 per
557 3199 786 3272 istum
832 3197 1169 3290 modum,
1216 3195 1345 3293 qui
1382 3219 1532 3268 non
1570 3204 1683 3269 est
1724 3195 1928 3269 aliud

378 3345 425 3392 a
467 3317 939 3409 substantia,
1011 3340 1186 3414 quae
1246 3314 1622 3410 signatur,
1687 3322 1759 3389 et
1800 3338 1934 3411 per

379 3437 588 3509 nihil
635 3434 847 3508 aliud
890 3432 1298 3531 positivum
1343 3442 1457 3507 est
1494 3431 1683 3506 leaec.

483 3557 800 3645 Contra,
883 3550 1359 3649 impossibile
1463 3559 1578 3624 est
1644 3548 1932 3646 aliquid

379 3697 554 3748 esse
590 3672 788 3745 idem
827 3670 1133 3743 realiter
1172 3666 1408 3767 priori
1453 3666 1931 3760 naturaliter,

383 3803 455 3866 et
509 3800 762 3864 tamen
806 3787 1240 3886 dependere
1283 3810 1327 3860 a
1358 3784 1760 3883 posteriori
1794 3807 1938 3858 na-

382 3908 791 3999 turaliter;
839 3905 969 3979 sed
1034 3901 1474 3977 'substantia
1539 3910 1653 3976 est
1727 3901 1937 3999 prior

386 4025 816 4124 quantitate
850 4021 1331 4114 naturaliter,
1378 4029 1450 4093 et
1483 4018 1623 4093 iste
1684 4029 1934 4093 motus

386 4156 501 4220 est
534 4144 736 4217 idem
781 4138 1236 4216 substantioe
1304 4137 1655 4232 realiter3
1688 4136 1936 4233 igitur

389 4260 871 4359 impossibile
943 4268 1060 4333 est
1136 4256 1338 4356 quod
1413 4255 1841 4353 dependeat
1893 4279 1938 4330 a

389 4378 818 4478 quantitate
888 4375 1363 4449 naturaliter.
1410 4373 1658 4470 Major
1698 4383 1931 4472 patet,

389 4498 575 4597 quia
651 4494 856 4593 quod
927 4502 1042 4568 est
1098 4492 1297 4566 idem
1384 4491 1692 4567 realiter
1759 4515 1931 4566 eum

387 4615 680 4713 aliquo,
745 4638 905 4688 non
968 4620 1218 4710 potest
1283 4634 1437 4683 non
1528 4634 1695 4686 esse
1782 4610 1932 4685 alio

391 4741 781 4823 manente,
846 4728 1157 4827 quando
1216 4727 1539 4823 simplex
1580 4726 1928 4802 est·idem

387 4848 606 4924 alteri
654 4846 844 4941 ;sed
914 4845 1130 4943 prius
1198 4841 1649 4932 naturaliter
1688 4852 1937 4941 potest

383 4991 557 5042 esse
630 4965 798 5039 sine
859 4959 1265 5060 posteriori
1335 4968 1658 5053 natura3
1705 4959 1937 5056 igitur

384 5086 606 5184 prius
684 5080 1139 5157 naturaliter
1218 5089 1464 5178 potest
1550 5085 1717 5153 esse
1770 5078 1936 5155 sine

384 5211 707 5277 causato
741 5223 784 5275 a
826 5196 1258 5296 posteriori,
1306 5193 1489 5294 quia
1540 5205 1933 5271 causatum

385 5345 427 5395 a
474 5315 883 5418 posteriori
918 5324 1032 5389 est
1073 5314 1148 5387 in
1189 5313 1403 5387 tertio
1439 5312 1686 5410 signo.

102 5453 327 5509 &seditio
493 5438 715 5527 Item,
751 5431 1224 5529 impossibile
1258 5439 1369 5504 est
1422 5430 1937 5506 conditionem

62 5527 219 5638 ἓξὲξ
242 5537 357 5638 ἓξὲξ
389 5549 913 5630 necessariam
978 5572 1261 5642 eausae,
1311 5557 1392 5622 ut
1439 5573 1723 5643 causae,
1769 5574 1938 5626 esse

58 5651 337 5701 'mmm‘
388 5699 435 5752 a
474 5680 828 5764 eausam,
865 5667 1049 5766 quia
1079 5666 1186 5742 sie
1218 5678 1617 5743 causatum
1663 5669 1943 5745 faceret

79 2399 302 2447 <aranda

105 2482 117 2503 s
136 2477 266 2521 mmo

92 2528 274 2576 llenric.

74 4398 211 4446 Prius
240 4412 339 4460 po·

48 4467 140 4507 :eet
160 4475 272 4510 esse
286 4462 357 4510 si-

74 4537 133 4571 ae
166 4531 334 4585 poste-

128 4588 271 4637 riori.

2032 627 2322 725 aliquid
2359 629 2449 702 ad
2486 652 2642 702 esse
2675 620 2958 718 eausfe,
2987 637 3067 702 ut
3100 649 3358 719 eausa,
3396 624 3578 721 quia

2033 745 2094 819 si
2140 745 2577 820 necessaria
2652 745 2748 819 sit
2815 745 2960 819 sibi
3024 744 3166 817 ista
3207 741 3571 833 conditio,

2036 871 2114 935 ut
2157 886 2417 955 eausa,
2483 886 2632 935 non
2709 872 2966 957 posset
3026 858 3353 947 causari,
3426 856 3572 930 nisi

2031 989 2430 1053 causatum
2486 987 2803 1075 poneret
2884 978 3108 1051 istam
3197 973 3577 1050 conditio-

2031 1118 2204 1168 nem
2246 1096 2320 1166 in
2358 1119 2630 1182 eausa.;
2687 1096 2818 1169 sed
2864 1096 3026 1169 lime
3086 1093 3421 1168 conditio
3464 1100 3578 1166 est

2031 1214 2468 1287 necessaria
2501 1213 2951 1287 substantiae
2987 1222 3065 1287 ut
3099 1236 3348 1299 eausa,
3395 1211 3578 1308 quia

2029 1328 2460 1401 substantia
2499 1337 2615 1402 est
2647 1330 2811 1401 haee
2853 1328 3207 1426 simplex,
3258 1335 3338 1401 ut
3367 1335 3575 1425 patet

2029 1444 2098 1515 2.
2144 1444 2387 1542 Phys.
2422 1451 2604 1518 tert.
2635 1445 2752 1517 2³5.
2794 1454 2863 1519 et
2894 1444 3319 1541 33..«tletapli.
3384 1449 3567 1516 lert.

2032 1560 2149 1631 12.
2199 1585 2349 1633 non
2403 1570 2517 1635 est
2557 1560 2872 1635 ess‘eetus
2935 1559 3377 1656 singularis,
3423 1557 3570 1630 nisi

2029 1700 2071 1749 a
2097 1700 2334 1749 eausa
2374 1676 2750 1771 singulari
2798 1677 3249 1751 naturaliter
3287 1702 3304 1761 ;
3343 1675 3575 1770 igitur

2031 1794 2512 1892 impossibile
2581 1806 2696 1869 est
2773 1797 2970 1868 hane
3031 1793 3567 1885 substantiam,

2031 1910 2374 2007 aliquam
2457 1908 2972 1984 conditionem
3053 1907 3565 1985 neeessariam

2032 2053 2075 2103 a
2138 2028 2546 2127 posteriori
2608 2030 2918 2122 habere,
3001 2036 3184 2126 quia
3238 2038 3352 2105 est
3392 2052 3571 2103 eau-

2032 2155 2281 2219 satum
2313 2170 2356 2220 a
2396 2146 2848 2220 substantia.

2130 2264 2346 2356 Item,
2412 2264 2549 2337 iste
2650 2265 2920 2338 modus
3005 2264 3414 2338 derelictus
3492 2260 3567 2335 in
3728 2298 3792 2366 6·

2033 2380 2486 2466 substantia,
2539 2390 2671 2455 aut
2709 2392 2822 2456 est
2871 2381 3159 2478 aliquid
3203 2381 3574 2478 qualiter-

2034 2484 2363 2591 eumque
2410 2494 2616 2567 aliud
2686 2495 2779 2568 ab
2844 2518 2962 2588 ρο,
3023 2495 3227 2591 quod
3291 2495 3429 2568 suit
3494 2495 3569 2567 in

2036 2610 2575 2685 substantiam
2608 2611 2841 2709 priori
2875 2621 3177 2705 natura,
3210 2614 3331 2685 vel
3361 2635 3514 2684 non
3538 2610 3576 2681 ‘?

2039 2729 2118 2803 Si
2161 2729 2298 2823 sie,
2344 2750 2495 2802 non
2552 2728 2694 2801 erit
2755 2728 2940 2802 illud
3000 2730 3204 2827 quod
3274 2727 3581 2827 praefuit

2037 2850 2129 2923 de
2172 2847 2451 2942 selme,
2499 2848 2682 2945 quia
2730 2858 2808 2922 tu
2857 2849 3082 2948 ponis
3132 2849 3334 2946 quod
3407 2848 3580 2922 sub-

2038 2966 2345 3054 stantia,
2384 2988 2559 3064 quse
2601 2975 2715 3039 est
2767 2966 2982 3064 prius
3024 2974 3302 3039 natura
3328 2989 3580 3063 quan—

2038 3086 2278 3179 titate,
2324 3092 2438 3159 est
2467 3085 2559 3159 de
2602 3108 2681 3158 se
2741 3084 2932 3180 haec,
2978 3094 3052 3159 et
3112 3108 3248 3183 per
3307 3108 3583 3159 eonse-

2038 3227 2288 3301 quens
2322 3227 2473 3277 non
2520 3211 2634 3276 est
2674 3226 2809 3300 per
2848 3201 3138 3300 aliquid
3166 3201 3582 3300 quodcum-

2039 3343 2189 3416 que
2233 3317 2439 3391 aliud
2483 3317 2578 3391 ab
2611 3340 2700 3392 eo
2735 3317 2938 3414 quod
3006 3317 3334 3414 praefuit,
3386 3316 3574 3390 leaeo.

2041 3438 2120 3512 Si
2154 3439 2366 3511 nullo
2403 3436 2627 3510 modo
2686 3436 2782 3510 sit
2823 3435 3031 3509 aliud
3074 3436 3169 3509 ab
3227 3459 3316 3510 eo
3375 3434 3581 3533 quod

2039 3551 2372 3651 preefuit,
2439 3551 2672 3648 igitur
2711 3550 2790 3623 in
2848 3551 2973 3624 illo
3015 3551 3251 3649 priori
3310 3558 3586 3624 natura

2043 3670 2312 3745 habuit
2360 3677 2632 3762 totum,
2708 3668 2910 3743 unde
2977 3681 3091 3742 est
3166 3671 3310 3742 hoe
3379 3667 3585 3766 quod

2039 3810 2251 3889 nune
2293 3785 2573 3871 habet;
2620 3784 2856 3881 igitur
2889 3785 3079 3857 nihil
3124 3783 3588 3882 derelinquit

2040 3903 2461 4004 quantitaS,
2510 3904 2712 3977 unde
2755 3903 3184 3977 substantia
3237 3912 3348 3977 est
3388 3902 3577 3974 ltoee.

2140 4025 2358 4117 Item,
2403 4021 2567 4120 pari
2627 4021 2946 4116 ratione,
2993 4045 3148 4120 qua
3197 4020 3583 4119 quantitas
3615 4024 3668 4076 Si
3702 4026 3915 4090 quanti-

2039 4139 2508 4238 derelinquit
2567 4140 2906 4234 modum,
2988 4162 3141 4236 quo
3220 4140 3583 4214 substan-
3632 4089 3904 4263 ιζὲῑῖειὲἓζ

2039 4259 2143 4334 tia
2176 4267 2288 4334 est
2320 4266 2635 4355 quanta,
2719 4257 3050 4356 quinon
3111 4266 3225 4332 est
3296 4256 3581 4331 aliuda
3658 4227 3900 4328 suffiti&

2040 4376 2495 4468 substan‘tia,
2559 4385 2759 4449 esset
2843 4375 3286 4473 ponendum
3374 4372 3578 4472 quod
3612 4341 3928 4465 riigi'eidgiiii-

2041 4496 2313 4572 albedo
2363 4518 2517 4568 non
2564 4492 2817 4591 seipsa
2863 4493 3036 4568 facit
3091 4490 3577 4591 superficiem
3698 4465 3838 4516 ιω·

2040 4613 2346 4705 albam3
2403 4612 2536 4686 sed
2604 4610 3068 4709 derelinquit
3131 4635 3372 4685 unum
3415 4634 3584 4683 mo-

2041 4730 2223 4804 dum
2258 4728 2336 4801 in
2379 4726 2813 4826 superficie,
2860 4728 2993 4826 qui
3035 4752 3186 4802 non
3220 4737 3335 4803 est
3373 4726 3581 4801 aliud

2043 4873 2086 4924 a
2118 4846 2558 4946 superficie,
2604 4871 2756 4946 quo
2805 4847 3257 4947 superficies
3309 4847 3586 4921 imme-

2042 4966 2243 5041 diate
2285 4974 2400 5040 est
2438 4966 2638 5060 alba,
2683 4975 2755 5041 et
2791 4975 2967 5042 tune
3009 4993 3145 5068 per
3176 4965 3587 5043 essentiam

2044 5104 2349 5181 semper
2385 5090 2585 5157 esset
2637 5082 2835 5175 alba,
2872 5086 3054 5182 quia
3092 5110 3245 5160 non
3289 5109 3426 5183 per
3456 5107 3591 5159 ex-

2043 5202 2493 5278 trinseeum.

2145 5322 2365 5414 Item,
2403 5320 2466 5394 si
2513 5319 2651 5394 iste
2689 5323 2961 5397 modus
2985 5323 3199 5422 ponit
3231 5325 3431 5423 quod
3479 5333 3592 5416 (ut

2046 5437 2562 5512 communiter
2639 5440 2977 5537 ponitur)
3085 5441 3590 5515 individuatio

2046 5564 2162 5631 est
2208 5581 2343 5655 per
2397 5557 2933 5654 quantitatem,
2998 5560 3140 5633 hoe
3204 5558 3595 5657 improba-

2047 5682 2214 5749 tum
2256 5684 2372 5750 est
2400 5672 2643 5776 prius.
2692 5675 2770 5752 Si
2812 5676 3028 5775 ponit
3068 5678 3270 5776 quod
3313 5686 3426 5752 est
3457 5678 3597 5751 ali-
