4295 6326
95 1307 203 1357 Pro
241 1300 395 1353 nullo

127 1374 272 1424 bono
315 1371 395 1417 est.

164 1444 396 1499 peccan-

196 1497 344 1547 dum.

1414 428 1642 497 DIST.
1694 428 1950 497 xxlx.
2005 429 2424 508 QUAESTIO
2476 432 2716 503 UNIC.
3518 429 3647 495 493

452 601 579 676 bet
630 608 705 675 et
743 597 1263 674 immediatius
1331 600 1649 696 diligere
1728 610 1985 675 actum

451 716 791 791 elicitum
844 739 1075 814 quam
1117 741 1271 792 non
1309 717 1648 792 elicitum
1688 742 1703 806 3
1759 718 1994 814 igitur

451 838 697 933 magis
738 845 811 911 et
868 837 1138 933 majori
1181 836 1451 913 affectu
1522 840 1696 913 volo
1734 861 1987 912 meum

452 954 769 1050 diligere
812 965 1161 1052 respectu
1192 955 1362 1049 Dei,
1407 978 1640 1053 quam
1673 955 1994 1050 diligere

453 1070 808 1168 proximi,
854 1079 926 1145 et
984 1071 1093 1145 sic
1146 1071 1394 1168 majus
1467 1072 1758 1145 bonum
1817 1072 1994 1144 volo

459 1186 643 1259 mihi
687 1210 919 1284 quam
962 1186 1339 1286 proximo.

556 1304 773 1398 Item,
820 1304 1024 1401 quod
1066 1328 1202 1402 pro
1233 1305 1450 1378 nullo
1518 1304 1720 1379 hono
1777 1302 1994 1377 finito

458 1422 829 1495 salvando
863 1431 977 1497 est
1017 1421 1493 1519 peccandum
1542 1422 1990 1509 mortaliter,

460 1536 644 1634 quia
702 1538 847 1611 hoc
915 1537 1337 1636 corrumpit
1392 1537 1683 1613 bonum
1734 1535 1999 1610 infini-

456 1665 648 1744 tum,
685 1662 1061 1751 quantum
1104 1664 1219 1729 est
1248 1654 1340 1729 de
1374 1678 1455 1729 se
1500 1682 1519 1749 3
1567 1653 1801 1751 igitur
1839 1678 1997 1727 non

455 1773 683 1846 debet
723 1773 954 1845 homo
1020 1795 1337 1869 peccare
1372 1772 1798 1847 mortaliter
1859 1794 1997 1869 pro

455 1887 883 1964 salvatione
919 1888 1353 1963 dilectionis
1395 1889 1673 1963 Christi
1710 1915 1727 1976 ;
1767 1887 2001 1985 igitur

461 2015 761 2081 tenetur
842 2006 1084 2102 magis
1190 2006 1507 2103 diligere
1596 2030 1678 2081 se
1766 2029 1995 2103 quam

456 2124 720 2210 alium,
762 2122 891 2197 ubi
945 2123 1419 2220 peccandum
1471 2132 1674 2198 esset
1714 2131 2002 2195 morta-

460 2242 631 2315 liter
660 2265 798 2339 pro
858 2242 1103 2315 salute
1156 2241 1501 2315 alterius.
1588 2239 1806 2315 Unde
1859 2242 2002 2314 ha-

456 2357 689 2451 bitus,
735 2380 889 2455 quo
930 2357 1014 2430 fit
1067 2355 1407 2444 reflexio,
1482 2356 2000 2431 immediatius

457 2474 778 2549 inclinat
834 2475 926 2549 ad
983 2472 1535 2548 reflectendum
1594 2497 1827 2572 super
1869 2497 2000 2548 ac-

456 2602 616 2666 tum
662 2614 890 2690 quem
921 2591 1151 2684 elicit,
1189 2615 1421 2690 quam
1465 2615 1699 2689 super
1729 2591 1994 2665 alium.

459 2714 591 2786 Est
649 2710 882 2807 igitur
925 2711 1112 2784 ordo
1156 2711 1332 2785 hic:
1390 2710 1735 2783 Primum
1792 2709 1999 2785 enim

460 2830 664 2929 quod
720 2831 895 2903 volo
956 2838 1128 2927 post
1193 2828 1529 2925 primum
1599 2828 1997 2925 diligibile,

461 2955 576 3022 est
614 2953 830 3020 actus
876 2968 1120 3039 meuS,
1166 2967 1318 3041 quo
1351 2945 1580 3019 tendo
1614 2944 1691 3017 in
1726 2946 1999 3038 Deum,

461 3064 791 3137 volendo
823 3086 942 3137 me
985 3061 1305 3157 diligere
1335 3084 1541 3155 eum,
1587 3070 1661 3135 et
1703 3063 1847 3135 hoc
1891 3069 2006 3136 est

464 3203 721 3256 amare
766 3203 884 3254 me
935 3203 1027 3254 ex
1068 3201 1327 3253 amore
1370 3177 1787 3252 charitatis.
1854 3178 2004 3252 Sed

463 3300 647 3399 quia
705 3324 857 3373 non
930 3308 1043 3374 est
1097 3298 1502 3391 volenduS,
1563 3308 1645 3373 ut
1714 3299 2004 3374 bonum

464 3417 876 3516 privatum,
916 3424 999 3490 ut
1048 3415 1124 3489 in
1172 3415 1338 3511 ejus
1381 3415 1749 3490 volitione
1817 3414 2010 3488 nolit

466 3537 749 3611 habere
860 3532 1094 3607 alium
1195 3533 1820 3631 comparticipem
1929 3531 2007 3604 in

468 3651 827 3744 amandO,
876 3649 1079 3747 quod
1125 3648 1298 3723 facit
1357 3672 1572 3722 amor
1616 3649 1785 3742 zeli,
1836 3649 2007 3723 ideo

468 3771 709 3845 debeo
773 3770 972 3844 velle
1060 3776 1628 3864 consequenter
1697 3789 2007 3841 omnem

468 3889 704 3962 alium
740 3888 939 3962 velle
981 3886 1259 3972 Deum,
1325 3885 1547 3981 cujus
1597 3885 1862 3959 volitio
1896 3894 2009 3958 est

469 4004 628 4078 Deo
669 4013 885 4100 grata
943 4010 1018 4076 et
1056 4010 1392 4098 accepta,
1440 4008 1512 4074 et
1562 4002 1706 4075 hoc
1757 4000 2011 4075 finali-

468 4132 609 4215 ter,
645 4122 768 4194 vel
819 4118 1264 4215 aliquando,
1313 4140 1488 4191 nam
1543 4117 1715 4193 licet
1756 4117 2011 4192 chari-

469 4248 620 4313 tate
652 4237 1045 4336 ‘habeatur
1116 4236 1348 4308 homo
1408 4257 1633 4308 carus
1699 4235 1889 4328 Deo,
1939 4244 2013 4309 et

474 4356 635 4452 ipse
741 4352 1018 4425 habeat
1084 4350 1331 4424 Deum
1410 4373 1702 4443 carum,
1770 4350 2011 4446 magis

473 4481 726 4545 tamen
785 4465 1099 4565 respicit
1174 4465 1450 4559 Deum,
1526 4474 1607 4539 ut
1687 4467 2014 4540 habetur

471 4611 697 4663 carus
750 4611 794 4660 a
853 4584 1013 4659 Deo
1057 4582 1459 4680 obJective.
1534 4583 1697 4658 IIoc
1756 4593 2012 4658 autem

474 4729 624 4779 non
673 4703 782 4778 sic
823 4701 1154 4775 volendo
1224 4723 1400 4774 eum
1472 4723 1638 4775 esse
1716 4709 2008 4774 tantum

475 4823 663 4897 mihi
744 4813 1037 4906 carum,
1138 4842 1309 4892 cum
1417 4818 1580 4917 ipse
1676 4828 2017 4916 acceptet

475 4964 629 5014 non
683 4946 979 5013 tantum
1042 4958 1162 5008 me
1222 4934 1421 5009 velle
1492 4958 1697 5028 eum,
1761 4935 1891 5010 sed
1945 4944 2018 5008 et

475 5059 939 5160 proximum,
999 5062 1072 5128 et
1147 5054 1290 5126 hoc
1351 5053 1526 5128 licet
1586 5077 1676 5128 ex
1749 5077 2021 5128 conse-

477 5177 771 5277 quenti,
835 5173 1019 5272 quia
1086 5172 1332 5269 primo
1402 5171 1732 5246 amando
1809 5196 2013 5260 eum,

479 5297 830 5372 ressector
931 5314 1164 5388 super
1257 5290 1698 5386 hujusmodi
1824 5289 2018 5364 velle

477 5418 717 5517 prius,
778 5422 861 5487 ut
914 5412 1162 5484 inesse
1217 5407 1405 5480 mihi
1477 5432 1707 5505 quam
1767 5407 2011 5483 alteri.

479 5538 569 5611 Et
614 5537 757 5609 hoc
786 5533 905 5606 est'
940 5526 1259 5622 diligere
1294 5549 1385 5600 ex
1426 5525 2019 5623 affectionejus-

480 5652 670 5728 titiae
738 5660 811 5727 et
870 5643 1137 5722 habitu
1217 5643 1634 5732 charitatiS,
1708 5644 1840 5742 qui
1904 5652 2018 5719 est

2106 602 2338 698 idem,
2375 614 2446 678 et
2495 604 2879 701 objectum
2921 604 3151 694 idem,
3205 612 3286 677 ut
3360 603 3645 677 dictum

2107 729 2247 814 est,
2293 721 2476 818 quia
2506 731 2750 814 actuS‚
2795 744 3028 819 super
3081 743 3310 818 quem
3381 718 3465 792 fit
3526 743 3652 793 re-

2107 838 2363 933 flexio,
2420 864 2573 913 non
2631 840 2991 913 terminat
3068 848 3148 913 ut
3226 838 3645 935 objectum,

2108 956 2240 1030 sed
2279 966 2578 1031 tantum
2651 966 2730 1030 ut
2774 956 3106 1031 medium
3158 955 3522 1031 tendendi
3571 955 3650 1027 in

2108 1075 2491 1172 obJectum
2525 1084 2739 1149 actus
2781 1074 3074 1149 directi.

2203 1192 2313 1267 Ad
2358 1192 2721 1291 primum,
2758 1192 3277 1289 Philosophus
3311 1192 3647 1290 disputat
3795 1208 3854 1276 3,

2106 1308 2209 1383 ibi
2253 1318 2326 1385 et
2389 1311 2668 1406 allegat
2733 1309 3143 1407 proverbia
3181 1309 3274 1383 ad
3355 1317 3646 1382 utram·
3680 1322 3995 1398 Act-argum.

2108 1450 2258 1525 que
2301 1436 2620 1525 partem,
2675 1436 2750 1502 et
2789 1427 2995 1520 dicit,
3030 1427 3412 1500 virtuosus
3476 1450 3645 1500 ma·
3691 1401 3969 1523 διζῖιῗιῗεῗὸ

2104 1542 2316 1615 oez‘me
2357 1540 2612 1637 dz'lz‘qc't
2635 1566 2743 1635 se,
2779 1548 2850 1615 el
2881 1542 3020 1616 hoc
3070 1548 3178 1615 est
3228 1538 3639 1634 laudabile,
3706 1513 3998 1649 ἒεῗᾈῗῖἕα-

2107 1658 2292 1756 quia
2331 1658 2579 1754 diligit
2626 1682 2706 1733 se
2748 1659 2842 1732 ad
2908 1658 3240 1732 maxima
3287 1658 3517 1751 bona,
3573 1666 3646 1730 et
3778 1639 3903 1691 ΜΘ·

2106 1796 2261 1845 non
2297 1772 2753 1847 inordinate.
2822 1772 3039 1846 Unde
3093 1795 3351 1846 amare
3419 1796 3499 1846 se
3550 1772 3647 1845 ad

2107 1897 2362 1962 actum
2430 1887 2780 1985 justitiae,
2853 1910 2989 1985 per
3064 1911 3295 1985 quem
3356 1887 3648 1983 attingo

2108 2006 2384 2100 Deum,
2467 2016 2581 2081 est
2639 2029 2894 2081 amare
2975 2005 3252 2099 Deum,
3325 2014 3399 2079 et
3471 2007 3648 2078 volo

2110 2148 2354 2198 unum
2395 2123 2807 2220 obJectum,
2857 2122 3147 2196 scilicet
3202 2122 3450 2196 Deum
3511 2121 3652 2194 ali-

2108 2240 2418 2339 quando
2451 2264 2587 2337 per
2620 2263 2858 2313 unum
2902 2248 3184 2332 actum,
3232 2238 3650 2336 aliquando

2108 2382 2245 2456 per
2275 2361 2536 2457 plures
2588 2357 2933 2451 medios;
3006 2356 3136 2431 sed
3189 2356 3507 2451 diligere
3567 2377 3649 2430 se

2108 2477 2306 2552 sicut
2359 2475 2594 2550 finem
2662 2484 2775 2550 est
2843 2474 3375 2573 vituperabile.
3430 2474 3649 2547 Unde

2110 2597 2256 2670 hoc
2314 2595 2600 2669 donum
2659 2594 2800 2669 Dei
2883 2604 3022 2687 est,
3088 2594 3292 2691 quod
3392 2592 3653 2690 despi-

2110 2713 2382 2788 ciendo
2501 2735 2609 2805 se,
2708 2723 2783 2786 et
2904 2711 3293 2808 diligendo
3402 2711 3649 2785 Deum

2111 2854 2438 2919 summe,
2485 2829 2731 2926 diligit
2769 2851 2876 2903 se.
2925 2828 3144 2903 Unde
3178 2828 3520 2926 loquitur
3560 2828 3653 2902 de

2074 2967 2370 3019 ‚amore
2438 2953 2788 3041 respectu
2838 2942 2959 3018 sui
3005 2944 3099 3016 ad
3159 2942 3472 3041 aliquod
3516 2942 3655 3015 bo-

2110 3086 2298 3137 num
2346 3061 2556 3155 utile,
2621 3070 2692 3136 et
2750 3063 2896 3135 hoc
2955 3070 3069 3135 est
3131 3059 3276 3134 frui
3336 3059 3649 3135 utendo.

2111 3182 2259 3255 Per
2291 3182 2437 3254 hoc
2492 3187 2697 3278 patet
2752 3178 2845 3253 ad
2886 3180 3334 3275 Apostolum
3381 3186 3453 3253 et
3500 3180 3658 3253 Au-

2112 3297 2536 3393 gustinum.
2604 3295 2717 3369 Ad
2801 3294 3286 3390 Gregorium,
3383 3318 3655 3369 verum

2112 3423 2226 3489 est
2258 3412 2461 3510 quod
2517 3410 2906 3509 loquendo
2940 3410 3451 3508 dejcreatura,
3501 3434 3655 3484 non

2114 3533 2371 3605 minus
2404 3554 2635 3628 quam
2678 3529 2878 3605 inter
2917 3529 3166 3604 Deum
3218 3539 3291 3604 et
3355 3538 3661 3604 creatu-

2113 3674 2275 3726 ram
2307 3658 2749 3747 potestesse
2783 3648 3158 3735 charitas3
3190 3649 3420 3723 habet
3451 3647 3657 3722 enim

2114 3769 2195 3841 in
2236 3767 2627 3862 diligendo
2669 3790 2747 3841 se
2810 3765 3328 3864 principaliter
3375 3764 3654 3859 Deum,

2114 3883 2193 3956 in
2247 3906 2474 3979 quem
2545 3882 2623 3954 iu
2686 3881 2827 3955 isto
2887 3890 3057 3956 actu
3123 3881 3391 3975 tendit,
3463 3881 3661 3954 infra

2116 4023 2346 4097 quem
2384 4022 2536 4072 non
2582 3998 2930 4095 quiescit.
2980 3998 3198 4073 Unde
3239 4022 3660 4096 nemopro-

2117 4115 2280 4213 prie
2331 4115 2578 4211 diligit
2653 4138 2761 4205 se,
2826 4114 3008 4211 quia
3083 4115 3293 4189 Deus
3358 4124 3657 4188 tantum

2115 4241 2234 4307 est
2300 4230 2682 4327 objectum
2767 4229 3226 4324 dilectionis,
3320 4254 3463 4306 nec
3545 4239 3659 4306 est

2118 4373 2336 4424 amor
2370 4348 2625 4421 minus
2665 4370 2895 4445 quam
2939 4348 3140 4421 inter
3179 4348 3401 4441 duos,
3449 4348 3661 4423 scili-

2120 4474 2238 4541 cet
2276 4466 2478 4539 inter
2508 4475 2890 4539 amantem
2935 4475 3008 4539 et
3046 4466 3325 4540 Deum.

2218 4589 2300 4664 Si
2391 4613 2722 4688 quaeraS,
2788 4612 3027 4686 quare
3122 4589 3359 4687 igitur
3457 4590 3661 4664 misit

2121 4708 2470 4782 Christus
2502 4716 2676 4782 ante
2709 4730 2789 4781 se
2823 4706 3046 4781 binos
3074 4706 3114 4780 ¹?
3161 4731 3315 4782 non
3359 4709 3665 4785 videtur

2122 4823 2198 4896 in
2258 4826 2402 4897 hoc
2480 4823 2759 4897 salvari
2821 4822 3142 4896 intentio
3209 4823 3656 4905 Salvatoris.

2122 4940 2338 5032 Dico,
2413 4964 2566 5012 non
2637 4938 2842 5035 quod
2904 4939 3236 5014 charitas
3297 4966 3452 5017 non
3513 4946 3663 5021 nisi

2122 5057 2324 5132 inter
2354 5058 2548 5132 duos
2606 5057 3024 5154 discipulos
3069 5059 3330 5134 haberi
3393 5066 3658 5160 possit,

2124 5174 2255 5248 sed
2291 5174 2469 5271 quia
2513 5174 2840 5271 perfecta
2873 5173 3206 5249 charitas
3242 5187 3424 5251 tunc
3465 5180 3666 5255 inter

2126 5300 2550 5364 creaturam
2595 5300 2668 5363 et
2707 5289 2952 5362 Deum
3016 5292 3341 5367 maxime
3377 5297 3665 5371 relucet

2126 5408 2690 5505 exemplariter,
2719 5407 3028 5502 quando
3062 5432 3197 5504 pro
3231 5434 3490 5485 amore
3521 5413 3660 5487 Dei

2125 5525 2617 5601 descenditur
2692 5523 2786 5597 ad
2847 5524 3322 5620 diligendum
3399 5532 3662 5625 proxi-

2128 5666 2366 5716 mum.
