4295 6326
1569 426 1795 494 DIST.
1854 426 2035 495 Vlll.
2089 425 2508 505 QUAESTIO
2557 428 2612 496 l.

464 593 570 667 tio
603 593 932 691 passiva,
965 604 1039 670 et
1071 596 1523 672 naturaliter
1566 606 1640 672 et
1670 599 2014 695 comple-

466 722 566 803 te,
603 720 675 785 et
716 711 1062 808 ejusdem
1092 714 1376 811 speciei
1411 724 1522 789 est
1569 713 1836 789 filiatio
1875 743 1891 807 3
1938 724 2013 790 et

466 840 650 904 tunc
717 829 970 903 omnis
1051 830 1418 905 habitudo
1503 832 1851 929 producti
1915 832 2009 905 ad

469 947 933 1044 producenS,
970 945 1032 1019 si
1076 956 1191 1020 est
1231 972 1364 1045 per
1425 949 1737 1022 modum
1783 957 2011 1022 natu-

467 1086 600 1154 rae,
637 1072 711 1137 et
749 1064 1154 1162 complete,
1191 1072 1265 1137 et
1294 1064 1636 1161 ejusdem
1693 1064 2006 1162 speciei,

466 1178 610 1255 erit
639 1177 969 1273 filiatio;
1041 1190 1114 1254 et
1179 1204 1353 1255 cum
1424 1181 1768 1277 ejusdem
1832 1204 2012 1279 pro-

467 1297 675 1372 ducti
735 1298 1035 1397 possint
1093 1321 1259 1373 esse
1303 1300 1565 1397 plures
1620 1297 2013 1373 habitudi-

464 1438 606 1489 nes
645 1414 739 1488 ad
774 1415 1077 1491 diversa
1119 1416 1652 1513 producentia,
1695 1440 1848 1489 non
1884 1439 2010 1489 re-

463 1541 760 1632 pugnat
832 1531 1186 1606 filiationi
1272 1532 1794 1633 multiplicari,
1858 1556 2012 1606 ma-

465 1659 704 1725 nente
739 1649 1108 1748 producto
1141 1650 1439 1725 eodem.

562 1765 823 1840 Prima
861 1766 989 1841 via
1027 1766 1121 1842 de
1170 1766 1539 1841 filiatione
1596 1774 1730 1851 est,
1799 1763 2006 1862 quod

465 1882 639 1981 ipsa
704 1882 1068 1957 fundetur
1127 1906 1361 1980 super
1427 1881 2004 1979 generationem

465 1996 883 2096 passivam,
918 1999 1039 2072 vel
1073 1997 1281 2095 quod
1331 1997 1429 2072 sit
1467 1997 1631 2096 ipsa
1680 2018 2009 2093 genera-

467 2115 569 2190 tio
611 2114 947 2213 passiva,
1003 2116 1126 2188 vel
1191 2115 1396 2212 quod
1457 2114 1813 2188 fundetur
1875 2136 2011 2186 su-

467 2254 604 2330 per
653 2232 998 2329 qcnitum
1057 2254 1270 2325 esse;
1344 2229 1721 2323 similiter,
1770 2237 2011 2327 pater-

467 2348 669 2423 nitas
709 2371 944 2445 super
969 2371 1400 2445 qenerasse,
1446 2346 1629 2445 quia
1679 2369 1853 2421 cum
1879 2345 2007 2420 ille

466 2473 684 2541 actus
723 2463 1111 2540 transierit
1176 2463 1251 2537 in
1315 2463 1818 2562 praeteritum,
1871 2486 2009 2536 ne-

463 2579 799 2656 cessario
834 2578 1102 2656 filiatio
1133 2580 1492 2655 transibit
1521 2580 1598 2653 in
1663 2578 2013 2679 praeteri-

460 2705 654 2788 tum,
700 2695 806 2772 ita
855 2696 1061 2795 quod
1108 2696 1764 2796 incompossibilia
1830 2705 2013 2770 sunt

465 2838 709 2890 unum
778 2837 1122 2909 manere,
1213 2823 1288 2890 et
1339 2814 1548 2889 aliud
1617 2838 1803 2905 non,
1883 2815 2010 2889 vel

465 2956 709 3009 unum
743 2933 1100 3027 transire,
1139 2941 1214 3009 et
1253 2931 1462 3008 aliud
1513 2955 1670 3007 non
1709 2955 1726 3020 3
1773 2940 1847 3007 et
1887 2928 2009 3006 se-

464 3051 805 3128 cundum
847 3051 1069 3127 istam
1110 3050 1343 3139 viam,
1402 3051 1754 3148 sequitur
1797 3050 2006 3148 quod

463 3167 732 3244 filiatio
789 3192 942 3243 non
1010 3177 1261 3268 potest
1350 3167 1795 3263 annihilari,
1867 3167 2009 3243 etsi

463 3284 673 3361 Deus
696 3284 1165 3360 annihilaret
1193 3284 1441 3379 illum,
1469 3284 1600 3384 qui
1633 3294 1748 3359 est
1770 3283 2004 3373 filius,

463 3400 719 3477 adhuc
759 3423 914 3475 non
983 3409 1234 3499 potest
1299 3401 1549 3477 facere
1607 3400 1796 3498 quin
1866 3399 2009 3476 iste

469 3527 688 3597 actus
715 3519 814 3596 sit
834 3529 1070 3618 praete
1082 3520 1299 3595 ritus.

561 3636 922 3714 Secundo
1000 3637 1354 3735 sequitur
1442 3637 1647 3736 quod
1741 3635 2009 3711 filiatio

463 3777 619 3830 non
674 3752 859 3828 dicit
908 3753 1359 3830 relationem
1420 3752 1826 3852 positivam
1885 3777 2014 3828 se-

465 3871 805 3962 cundum
838 3894 1027 3966 esse,
1062 3870 1196 3947 sed
1265 3872 1518 3946 solum
1581 3870 2008 3946 secundum

464 3969 625 4066 esse
668 3987 1137 4064 diminutum
1186 3987 1265 4062 in
1327 3987 1588 4063 anima
1614 4015 1633 4081 3
1678 3996 1751 4062 et
1781 3987 2007 4062 tertio

469 4105 678 4206 quod
700 4103 968 4180 filiatio
1000 4103 1098 4180 sit
1119 4103 1212 4180 de
1241 4103 1535 4181 ratione
1560 4103 2013 4179 fundamen-

467 4221 552 4320 ti,
592 4223 719 4299 vel
758 4223 1028 4298 saltem
1069 4244 1234 4297 non
1284 4230 1398 4297 est
1436 4245 1560 4297 res
1600 4221 1778 4315 alia,
1831 4244 2009 4295 cum

465 4331 613 4412 ista
649 4334 804 4411 sint
853 4333 1427 4433 inseparabilia.

561 4449 734 4528 Alia
761 4449 1025 4552 opinio
1052 4449 1271 4549 ponit
1296 4449 1503 4547 quod
1535 4448 1803 4524 filiatio
1835 4449 2012 4523 fun-

470 4569 698 4646 datur
725 4590 961 4667 super
1008 4566 1491 4643 existentiam
1548 4588 1706 4641 non
1768 4565 2011 4641 inter-

472 4693 778 4785 ruptam
840 4692 1016 4784 post
1071 4683 1595 4783 acceptionem
1649 4705 1835 4776 esse,
1906 4682 2011 4758 ita

470 4801 678 4902 quod
739 4802 909 4877 haec
976 4799 1243 4875 filiatio
1334 4798 1701 4874 fundatur
1778 4822 2011 4897 super

472 4918 674 4994 hane
713 4914 1225 5009 existentiam,
1268 4922 1678 5013 postquam
1739 4922 1855 4987 est
1884 4937 2013 4988 ac-

469 5039 721 5132 cepta,
763 5053 919 5105 non
961 5030 1416 5128 interrupta,
1467 5036 1542 5103 et
1581 5027 2010 5105 secundum

468 5147 698 5232 istam
734 5146 940 5222 viam
972 5146 1324 5248 sequitur
1389 5144 1595 5243 quod
1660 5153 1834 5243 post
1888 5168 2013 5220 re—

466 5264 1024 5344 surrectionem
1069 5264 1340 5339 'nullus
1392 5262 1536 5339 erit
1602 5259 1808 5337 finus
1863 5261 2010 5336 nisi

469 5381 636 5458 Dei.
677 5421 698 5433 ·

229 5529 337 5594 ῃ,
381 5583 386 5588 Α
565 5497 816 5575 Tertia
845 5496 1107 5596 opinio
1139 5495 1355 5595 ponit
1400 5494 1604 5592 quod
1646 5504 1758 5567 est
1790 5493 2014 5567 habi-

170 5643 372 5698 ·rerua.
474 5618 648 5694 tudo
689 5617 1082 5693 inhaerens
1111 5623 1410 5690 naturae
1473 5614 1894 5712 productae,
1942 5621 2017 5687 et

227 1778 333 1844 10.

119 1892 318 1958 Opinio
351 1895 396 1945 ι.

130 4508 398 4560 Secunda.
455 4535 460 4540 ·

3547 426 3674 500 309

2122 608 2377 674 manet
2438 600 2805 697 quamdiu
2856 610 3111 676 manet
3165 609 3441 674 natura
3490 621 3671 696 pro-

2119 715 2374 801 ducta,
2421 727 2493 789 et
2526 718 2835 813 quando
2878 717 3072 791 redit
3113 727 3415 800 natura,
3474 713 3669 788 redit

2117 829 2247 903 illa
2292 832 2587 923 relatio,
2635 832 2879 930 posito
2936 843 3303 924 extremO,
3359 856 3451 906 ex
3510 854 3663 927 quo

2117 949 2355 1021 semel
2418 957 2529 1023 est
2609 959 2948 1046 accepta,
3021 950 3205 1046 quia
3261 970 3661 1044 nunquam

2116 1064 2536 1138 destruitur
2575 1066 2823 1163 prima
2882 1066 3283 1148 habitudo,
3331 1064 3516 1162 quin
3555 1087 3663 1138 re-

2117 1180 2291 1255 deat
2323 1181 2688 1255 redeunte
2726 1191 3025 1255 natura.

2216 1296 2402 1370 Dico
2433 1296 2665 1394 igitur
2696 1299 2900 1395 quod
2947 1297 3212 1373 filiatio
3246 1297 3526 1370 Christi
3561 1297 3654 1371 ad
3704 1286 3983 1399 sssffitffiffi

2118 1424 2441 1488 matrem
2564 1423 2677 1489 est
2769 1416 3038 1490 relatio
3130 1413 3650 1512 accidentalis,
3686 1412 3978 1523 Cfflffissgd

2115 1553 2632 1629 quaecumque
2674 1532 2936 1629 opinio
2990 1541 3314 1624 tenetur,
3353 1532 3536 1629 quia
3567 1530 3660 1604 si·
3710 1543 3969 1650 affiffgffi'

2116 1655 2245 1720 cut
2299 1646 2772 1744 impossibile
2848 1656 2963 1723 est
3038 1672 3197 1723 rem
3266 1671 3420 1721 non
3491 1669 3657 1721 esse
3783 1661 3921 1712 talis·

2116 1762 2468 1836 eamdem
2507 1786 2678 1836 cum
2724 1762 2882 1855 illa,
2915 1762 3080 1838 sine
3101 1786 3252 1860 qua
3319 1786 3473 1836 non
3521 1786 3663 1859 po-

2112 1883 2262 1949 test
2321 1898 2633 1949 manere
2702 1899 2841 1972 per
2902 1876 3261 1951 virtutem
3325 1875 3490 1961 Dei,
3551 1875 3660 1949 sic

2115 1991 2591 2088 impossibile
2633 2002 2749 2066 est
2815 2016 2983 2067 esse
3044 1993 3393 2067 eamdem
3464 2016 3655 2086 rem,

2117 2110 2427 2208 quando
2476 2134 2627 2185 una
2667 2121 2915 2208 polest
2958 2134 3269 2185 manere
3312 2111 3477 2185 sine
3511 2113 3662 2186 alia

2114 2225 2406 2323 absque
2453 2226 3120 2319 contradictione3
3186 2227 3317 2301 sed
3378 2237 3662 2302 natura

2115 2342 2192 2415 in
2228 2342 2528 2417 Christo
2590 2352 2841 2441 potest
2890 2367 3059 2418 esse
3110 2343 3276 2418 sine
3309 2344 3440 2418 illa
3474 2342 3661 2418 silia-

2114 2460 2354 2554 tione,
2401 2460 2578 2559 quia
2618 2461 2681 2535 si
2724 2461 3038 2559 ponitur
3087 2460 3334 2559 prima
3364 2461 3655 2559 opini0‚

2115 2576 2384 2652 filiatio
2454 2578 2703 2652 statim
2780 2578 3050 2653 transit
3114 2602 3287 2653 cum
3351 2586 3552 2671 actu,
3589 2587 3662 2653 et

2116 2704 2395 2769 natum
2440 2704 2740 2787 manet3
2777 2694 3011 2791 igitur
3042 2719 3196 2769 non
3240 2704 3354 2769 est
3393 2696 3658 2770 eadem

2116 2835 2283 2905 res3
2360 2821 2475 2886 est
2541 2811 2777 2909 igitur
2857 2813 3119 2888 relatio
3223 2812 3663 2888 accidenta-

2115 2927 2235 3002 lis.

2214 3044 2293 3118 Si
2339 3044 2654 3142 ponitur
2683 3046 3029 3119 secunda
3079 3044 3371 3145 opinio,
3409 3046 3664 3119 adhuc

2119 3171 2378 3261 posset
2407 3161 2550 3239 ista
2578 3174 2853 3239 natura
2884 3188 3051 3239 esse
3091 3162 3257 3247 sine
3318 3162 3449 3238 illa
3479 3161 3668 3238 filia-

2116 3280 2353 3370 tione,
2392 3280 2580 3379 quia
2619 3281 3082 3380 possetponi
3116 3281 3194 3355 in
3228 3305 3387 3357 esse
3417 3306 3461 3356 a
3502 3283 3663 3357 Deo

2118 3396 2590 3490 immediate,
2625 3400 2747 3472 vel
2781 3398 2876 3472 ab
2909 3397 3060 3472 alia
3106 3407 3374 3491 matre,
3430 3406 3501 3472 et
3542 3421 3669 3472 es-

2116 3536 2202 3588 se
2242 3514 2510 3590 eadem
2545 3524 2823 3589 natura
2880 3537 3252 3602 numero;
3298 3514 3665 3613 possibile

2117 3640 2232 3706 est
2263 3630 2499 3727 igitur
2540 3631 2761 3706 aliter
2833 3631 3182 3729 accipere
3241 3655 3400 3706 esse
3432 3654 3659 3728 quam

2115 3748 2213 3822 ab
2237 3750 2381 3822 hac
2415 3757 2682 3823 matre.

2215 3864 2294 3938 Si
2325 3864 2643 3962 ponitur
2683 3864 2903 3939 tertia
2925 3864 3078 3958 via,
3110 3864 3363 3940 adhuc
3405 3877 3664 3965 posset

2119 3991 2393 4056 natura
2425 4005 2593 4057 esse
2636 3981 2802 4056 sine
2850 3983 2995 4057 hac
3022 3980 3390 4058 filiatione
3443 4007 3661 4082 prop-

2115 4108 2232 4174 ter
2275 4109 2677 4197 utramque
2711 4122 3049 4174 causam.

2211 4215 2323 4290 Ad
2387 4216 2721 4314 primum
2783 4228 3076 4310 contra,
3144 4240 3319 4291 cum
3382 4217 3659 4293 dicitur
3782 4196 3920 4323 ¹2ss

2116 4333 2322 4431 quod
2355 4333 2720 4408 fundatur
2750 4333 3187 4408 immediate
3228 4358 3464 4434 supra
3484 4336 3660 4409 sub·
3705 4311 3979 4438 ᾒξαξζξζῗῖ

2117 4449 2503 4542 stantiam,
2549 4451 2921 4543 concedo,
2959 4459 3032 4525 et
3061 4461 3317 4528 tamen
3361 4460 3476 4526 est
3517 4475 3657 4526 na-
3690 4438 4007 4564 mgfflssffl⁸

2116 4574 2289 4640 tura
2342 4566 2862 4659 accidentaliS,
2912 4566 3109 4640 sicut
3173 4567 3235 4640 si
3293 4568 3659 4643 fundatur
3798 4565 3897 4613 υἷ’·

2117 4706 2352 4781 super
2381 4684 2856 4781 qualitatem,
2921 4693 3293 4782 quantum
3343 4685 3436 4759 ad
3480 4688 3653 4780 hoc,

2118 4800 2322 4899 quod
2357 4802 2939 4874 fundamentum
2990 4825 3144 4876 non
3214 4810 3328 4875 est
3389 4803 3655 4877 eadem

2118 4939 2238 4991 res
2280 4939 2454 4990 cum
2498 4918 2640 4991 hac
2704 4918 3100 5012 relatione,
3164 4926 3418 4992 tamen
3484 4919 3657 4995 aliae

2122 5032 2532 5106 relationes
2575 5033 2911 5107 fundatae
2941 5056 3173 5131 super
3204 5033 3653 5125 accidentia,

2119 5148 2408 5220 habent
2474 5147 2859 5244 duplicem
2938 5148 3653 5243 accidentalitatem,

2124 5286 2351 5336 unam
2392 5262 2816 5355 formalem,
2854 5272 2926 5337 et
2980 5263 3207 5336 aliam
3280 5287 3321 5337 a
3382 5265 3658 5338 sunda-
3751 5267 3950 5316 ⁸0¹⁰²³0

3690 5329 4011 5389 fundamen-

2121 5387 2428 5470 mento;
2467 5377 2610 5451 ista
2652 5403 2834 5452 vcro
2886 5390 3091 5453 caret
3166 5379 3662 5453 accidentali-
3708 5392 3985 5502 3333.-

2071 5525 2086 5542 ⁸
2126 5503 2295 5580 tate,
2365 5516 2541 5591 quae
2611 5503 2725 5568 est
2781 5518 2826 5567 a
2895 5495 3416 5568 fundamento.
3500 5496 3657 5570 Nec
3725 5516 3980 5566 nonideo

2125 5614 2327 5686 valet
2357 5611 2861 5710 congruentia
2914 5611 3286 5711 Simplicii
3320 5613 3411 5686 de
3452 5614 3659 5686 ordi-
3694 5580 4013 5689 ⁸¹¹b⁸1¹ssf³t¹ffl
