4295 6326
1326 405 1555 475 DIST.
1605 403 1932 474 XXXIII.
1984 402 2403 484 QUAESTIO
2454 402 2689 473 UNIC.

469 594 819 685 respectu
875 608 1031 659 non
1122 582 1322 659 entis
1375 610 1395 676 3
1455 581 1688 678 igitur
1774 580 2013 656 Adam

469 728 624 778 non
693 702 1064 798 obligavit
1144 722 1542 799 personaS,
1607 721 1783 796 quae
1854 721 2011 771 non

468 829 712 913 erant,
749 818 933 916 quia
973 818 1171 892 sicut
1236 815 1587 890 Christus
1644 813 2016 910 obligavit

463 936 907 1011 Trinitatem
950 935 1089 1028 eis,
1136 932 1268 1032 qui
1326 942 1512 1006 tunc
1572 954 1726 1006 non
1795 939 2015 1005 erant

466 1063 668 1146 actu,
706 1053 840 1127 sed
879 1061 1178 1126 tantum
1222 1048 1532 1147 praevisi
1593 1071 1637 1121 a
1676 1048 1866 1141 Dec,
1903 1046 2012 1122 sic

468 1170 715 1275 potuit
750 1170 991 1244 Adam
1027 1168 1371 1264 obligare
1429 1189 1590 1262 eoS,
1629 1164 1760 1262 qui
1828 1174 2012 1239 tunc

363 1366 366 1371 ,
470 1309 621 1360 non
657 1294 875 1361 erant
905 1293 1106 1359 actu.

135 1400 216 1451 Ad
247 1414 406 1464 quar·
566 1401 678 1474 Ad
746 1400 955 1475 aliud
1040 1421 1216 1473 cum
1310 1396 1613 1485 dicitur,
1672 1394 2012 1493 defectus

211 1467 348 1515 tum.
467 1516 860 1594 naturales
932 1540 1088 1591 non
1180 1521 1358 1590 sunt
1433 1510 2005 1611 vituperabileS,

466 1646 608 1712 etc.
647 1634 815 1708 dico
848 1632 1054 1731 quod
1088 1632 1226 1706 iste
1267 1631 1497 1705 simul
1538 1638 1652 1704 est
1694 1638 2012 1702 natura-

463 1753 557 1827 lis
624 1751 967 1826 defectus
1051 1758 1125 1823 et
1208 1747 1483 1822 vitium
1554 1774 1574 1841 ;
1637 1741 2011 1819 naturalis

468 1867 809 1967 quidem,
890 1890 1043 1939 non
1116 1864 1300 1962 quia
1375 1872 1489 1939 est
1575 1860 2011 1938 essentialis

467 1991 793 2073 naturae,
868 1981 1000 2055 sed
1065 1979 1250 2078 quia
1343 1977 1694 2076 sequitur
1771 1984 2006 2049 totam

464 2110 814 2176 naturam
869 2100 1192 2196 lapsam,
1246 2105 1321 2172 et
1386 2095 1557 2171 ideo
1608 2096 1809 2169 inter
1856 2117 2011 2169 om-

459 2243 596 2295 nes
629 2219 969 2294 delectus
993 2217 1408 2309 naturaleS,
1432 2215 1572 2289 iste
1613 2224 1727 2289 est
1757 2215 2008 2288 solum

463 2337 658 2412 talis.
717 2339 807 2411 Et
875 2335 1303 2410 secundum
1386 2332 1867 2407 Aristotelem
1930 2333 2001 2404 8.

462 2454 719 2553 Topic.
758 2452 1078 2543 Quando
1160 2450 1463 2549 aliquid
1533 2456 2007 2545 assumptum

456 2580 564 2648 est
600 2572 848 2647 solum
880 2571 1053 2658 tale,
1142 2593 1297 2643 non
1362 2575 1617 2666 potest
1664 2566 1846 2664 fieri
1883 2568 2011 2642 in-

452 2692 733 2767 stanlia
762 2690 845 2764 in
885 2688 1089 2781 ali03
1135 2688 1243 2762 sic
1275 2694 1390 2762 est
1439 2685 1530 2759 de
1578 2686 2002 2778 voluntate,

458 2816 539 2881 ut
623 2805 941 2905 ponitur
1018 2801 1365 2901 potentia
1469 2800 1744 2894 activa,
1823 2801 2006 2897 quia

456 2921 1019 3022 propositiones
1097 2917 1560 3016 generaliter
1644 2940 1850 2992 verre
1911 2917 2002 2992 de

456 3039 627 3114 aliis
659 3036 1019 3138 potentiis
1051 3034 1319 3110 activis
1350 3033 1664 3129 capiunt
1703 3033 2001 3108 instan-

455 3158 638 3233 tiam
671 3156 764 3232 de
796 3156 962 3230 sola
1000 3153 1421 3228 voluntate.

222 3305 333 3371 26,
554 3274 666 3349 Ad
742 3272 948 3348 aliud
1040 3294 1214 3345 cum
1304 3267 1657 3342 dicitur:
1742 3267 1999 3342 Adam

126 3419 205 3469 Λα
232 3420 398 3485 quin·
456 3414 612 3465 non
672 3388 831 3487 fuit
884 3388 1138 3487 major
1221 3391 1377 3459 tota
1449 3391 1750 3470 natura,
1827 3383 1997 3458 dico

196 3487 331 3534 ‘¹¹⁰¹‘
457 3506 662 3605 quod
692 3505 932 3580 Adam
986 3527 1139 3577 non
1192 3500 1532 3598 corrupit
1583 3500 2000 3576 formaliter

455 3623 603 3698 nisi
645 3645 863 3698 suam
906 3618 1283 3718 justitiam
1347 3628 1423 3692 et
1478 3640 1700 3691 suam
1767 3627 1996 3692 natu-

455 3764 648 3834 ram,
693 3737 826 3813 sed
891 3745 974 3811 ut
1038 3758 1276 3810 causa
1341 3732 1830 3808 demeritoria
1913 3758 1994 3809 se

455 3857 725 3935 habuit
774 3861 1120 3952 respectu
1185 3851 1549 3926 filiorum.

156 3974 393 4090 At'ssg‘j'*
553 3975 665 4049 Ad
697 3971 899 4047 aliud
962 3994 1135 4044 cum
1193 3967 1471 4043 dicitur
1515 3991 1530 4041 :
1584 3965 1848 4056 Qualis
1888 3975 1997 4041 est

454 4091 717 4165 anima
784 4092 1065 4177 creata,
1132 4083 1308 4158 talis
1375 4088 1484 4157 est
1536 4082 1619 4156 in
1678 4082 1999 4157 instanti

453 4201 889 4291 creationis,
931 4197 1297 4291 concedO,
1336 4195 1517 4295 quia
1549 4204 1994 4294 nmssotest

452 4321 531 4394 in
565 4320 832 4396 eodem
902 4316 1217 4391 instanti
1277 4336 1445 4389 esse
1515 4313 1687 4387 talis
1731 4323 1805 4387 et
1836 4337 1990 4388 non

450 4437 649 4513 talis,
715 4438 806 4510 Et
873 4458 1047 4509 cum
1144 4432 1449 4525 dicitur,
1521 4439 1778 4505 creata
1878 4442 1992 4506 est

454 4553 741 4628 munda
770 4551 940 4626 dico
972 4549 1177 4648 quod
1238 4571 1507 4623 verum
1539 4557 1660 4623 est
1685 4547 1992 4622 mundi-

451 4670 555 4745 tia
620 4668 982 4761 naturali,
1032 4666 1142 4740 sic
1200 4663 1430 4740 etiam
1480 4673 1595 4739 est
1652 4664 1990 4740 mundus

449 4788 671 4886 lapis,
714 4795 972 4861 tamen
1020 4808 1177 4857 non
1226 4792 1341 4857 est
1388 4791 1643 4857 creata
1702 4782 1991 4858 munda

448 4904 827 4979 munditia
869 4902 1023 4995 tali,
1057 4923 1233 4998 quae
1265 4908 1379 4974 est
1438 4899 1776 4973 carentia
1806 4923 1987 4998 pec-

446 5020 591 5096 cati
639 5042 837 5116 3nec
878 5018 1228 5116 sequitur
1288 5016 1494 5114 quod
1556 5026 1672 5090 est
1732 5025 1985 5091 creata

445 5136 731 5211 munda
794 5134 871 5208 in
924 5136 1066 5207 hoc
1108 5155 1369 5224 senSU,
1406 5132 1538 5206 sed
1592 5130 1668 5203 in
1713 5131 1981 5206 eodem

444 5251 757 5326 instanti
830 5259 944 5325 est
1001 5247 1427 5339 immunda,
1495 5246 1805 5322 aliunde
1883 5258 1986 5322 ta-

446 5391 644 5441 men.
691 5366 817 5440 Sic
860 5374 973 5440 est
1000 5363 1310 5461 quando
1344 5362 1624 5459 aliquis
1668 5361 1982 5439 effectus

441 5485 517 5558 in
546 5483 888 5575 instanti,
933 5482 1010 5555 in
1055 5504 1207 5579 quo
1239 5480 1489 5579 primo
1518 5488 1632 5555 est
1663 5504 1706 5555 a
1747 5504 1981 5556 causa

441 5623 608 5694 sua,
713 5599 1002 5698 aliquid
1107 5599 1338 5672 habet
1413 5596 1751 5691 aliunde,
1836 5621 1978 5672 nec

3546 398 3668 463 167

2127 588 2490 655 causatur
2564 576 2642 651 in
2719 599 2801 651 se
2870 585 2944 651 et
3010 573 3357 649 absolute
3416 594 3462 644 a
3525 592 3668 643 sua

2126 720 2386 785 causa,
2450 696 2584 771 sed
2652 694 2962 769 aliunde
3039 689 3392 790 provenit
3448 686 3662 781 illud,

2122 813 2331 909 quod
2385 810 2531 886 sibi
2560 810 2783 885 inest.

2649 1103 3017 1162 SCHOLIUM
3060 1102 3133 1158 X.

2190 1256 2505 1313 Solvuntur
2534 1258 2878 1327 argumenta
2929 1256 3133 1324 quaest.
3185 1248 3474 1317 secundae,
3522 1247 3660 1303 dist.

2120 1349 2209 1406 30.
2243 1355 2295 1404 et
2327 1350 2531 1419 quaest.
2575 1346 2632 1401 d.
2682 1345 2770 1401 31.
2804 1348 2863 1399 et
2910 1347 3042 1416 post
3086 1344 3430 1415 argumenta
3479 1337 3665 1411 posita

2118 1440 2175 1494 d.
2203 1438 2292 1493 32.
2326 1443 2379 1494 et
2401 1437 2457 1494 d.
2488 1436 2578 1491 33.

3803 1665 3840 1709 9

2120 1755 2321 1852 quod
2385 1760 2782 1851 peccatum
2865 1748 3239 1845 originale
3319 1754 3433 1821 est
3508 1747 3659 1819 for·
3685 1778 3764 1830 Ad
3797 1665 4007 1842 ᾆζζω,

2120 1871 2422 1946 maliter
2460 1868 2800 1944 carentia
2853 1866 3126 1941 debitae
3157 1865 3505 1962 justitiae.
3686 1843 4003 1954 ⁹2⁵,mfflff'30‘P

2213 1988 2328 2062 Ad
2369 1986 2702 2085 primum
2744 1982 3195 2082 principale,
3230 1982 3399 2055 dico
3455 1981 3659 2078 quod
3741 1967 3957 2079 Agupur‘i:

2117 2104 2309 2178 illud
2377 2111 2772 2201 peccatum
2848 2099 2989 2174 fuit
3072 2099 3369 2173 actuale
3444 2097 3656 2190 Adae,

2117 2244 2274 2294 non
2307 2218 2514 2295 enim
2547 2216 2737 2291 illud
2760 2216 3053 2314 accepit
3084 2238 3220 2312 per
3250 2212 3656 2309 originem,

2116 2359 2261 2410 nec
2336 2334 2564 2411 etiam
2634 2335 2976 2429 Angelus
3046 2332 3295 2405 malus
3372 2329 3663 2427 accepit

2116 2460 2514 2548 peccatum
2586 2473 2720 2547 per
2776 2448 3183 2544 originem.
3238 2450 3350 2520 An
3403 2457 3659 2519 tamen

2114 2569 2457 2663 Angelus
2550 2566 2806 2640 bonus
2902 2562 3196 2660 accepit
3278 2560 3658 2659 justitiam

2112 2685 2594 2781 originalem,
2628 2681 2944 2757 dubium
2980 2680 3309 2755 videtur.

2209 2803 2322 2878 Ad
2422 2802 2660 2895 aliud,
2749 2800 2918 2874 dICO
3024 2799 3229 2897 qUOd
3324 2824 3652 2898 peccans
3679 2813 3758 2867 Ad
3793 2827 3976 2925 secun·

2111 2928 2282 3017 post
2340 2918 2815 3015 Baptismum
2897 2939 3052 2989 non
3151 2915 3483 3013 amplius
3540 2928 3655 2992 est
3770 2877 3894 2927 ⁶¹¹⁰

2109 3038 2411 3113 debitor
2455 3035 2855 3134 originalis
2899 3034 3246 3132 justitiae,
3293 3034 3427 3110 sed
3478 3060 3655 3133 gra-

2108 3155 2264 3250 tiae,
2301 3178 2478 3253 quae
2510 3163 2625 3230 est
2655 3151 2840 3252 quid
2900 3151 3265 3227 nobilius.
3318 3153 3409 3226 Et
3468 3177 3654 3227 con-

2108 3273 2295 3347 cedo
2329 3272 2533 3370 quod
2568 3272 2649 3345 in
2712 3272 3107 3345 voluntate
3167 3278 3283 3345 est
3320 3270 3648 3367 justitia,

2106 3400 2181 3465 et
2218 3390 2387 3464 dico
2420 3390 2641 3487 'quod
2700 3388 3124 3464 secundum
3175 3388 3649 3463 voluntatem

2104 3514 2220 3580 est
2250 3506 2482 3579 homo
2524 3503 2849 3597 debitor,
2888 3501 3072 3599 quia
3101 3501 3529 3576 secundum
3573 3502 3651 3574 il-

2105 3620 2265 3714 lud,
2311 3620 2433 3694 cui
2469 3620 2715 3717 primo
2773 3628 3021 3716 potest
3073 3617 3372 3714 justitia
3438 3618 3649 3692 ines-

2103 3759 2214 3829 se,
2252 3757 2722 3832 quamquam
2783 3733 3043 3808 anima
3109 3733 3358 3831 primo
3427 3732 3647 3831 perfi-

2102 3851 2254 3926 ciat
2283 3874 2621 3944 carnem,
2654 3850 2835 3948 quia
2872 3872 3015 3925 nec
3074 3849 3152 3923 in
3213 3872 3471 3943 carne,
3504 3872 3646 3924 nec

2102 3967 2181 4042 in
2222 3991 2541 4066 corpore
2592 3967 2839 4066 potuit
2897 3990 3064 4042 esse
3120 3966 3367 4065 primo
3416 3966 3645 4063 justi·

2100 4086 2230 4159 tia.
2292 4088 2382 4159 Et
2431 4086 2627 4160 bene
2696 4093 2942 4182 potest
3008 4107 3241 4175 mors,
3301 4105 3477 4180 quae
3532 4093 3648 4157 est

2101 4224 2331 4301 poena
2362 4201 2616 4276 debita
2647 4200 3073 4274 secundum
3108 4198 3437 4296 aliquOS,
3474 4222 3642 4274 esse

2099 4318 2349 4417 primo
2418 4316 2678 4409 totiuS,
2741 4337 3210 4413 quamquam
3244 4313 3432 4387 illud
3502 4337 3639 4412 pro

2100 4458 2254 4533 quo
2315 4434 2663 4527 debetur,
2717 4431 2815 4507 sit
2876 4431 3122 4530 primo
3200 4430 3278 4503 in
3372 4431 3645 4505 volun-

2097 4559 2277 4627 tate.

2193 4668 2308 4742 Ad
2400 4665 2702 4742 tertiam
2808 4664 3342 4762 quaestionem,
3419 4673 3639 4738 teneo
3784 4684 3893 4751 28,

2097 4783 2304 4880 quod
2334 4784 2477 4857 hoc
2517 4791 2633 4856 est
2659 4804 2893 4855 causa
2945 4802 3185 4877 quare
3230 4779 3489 4854 anima
3527 4789 3642 4855 est
3668 4799 3751 4851 Ad
3777 4815 3837 4852 ar
3877 4840 3887 4851 .
3922 4805 3966 4852 ι.

2094 4899 2401 4992 infecta,
2476 4898 2656 4996 quia
2748 4907 2863 4972 est
2960 4919 3137 4994 pars
3227 4896 3630 4994 suppositi,
3664 4877 3716 4928 ‘¹'
3748 4863 3794 4914 1.
3857 4865 3979 4916 '³¹'

2093 5015 2300 5111 quod
2368 5026 2482 5090 est
2557 5013 2929 5090 naturalis
3013 5012 3221 5088 filius
3276 5013 3489 5107 Adae,
3561 5017 3693 5088 et'

2089 5155 2243 5206 non
2291 5131 2473 5228 quia
2531 5129 2851 5204 materia
2910 5139 3087 5225 agat
3142 5130 3219 5202 in
3278 5130 3629 5224 formam,

2092 5256 2174 5322 ut
2216 5247 2293 5320 in
2324 5247 2691 5340 animam,
2727 5270 2871 5320 nec
2926 5247 3109 5343 quia
3165 5271 3396 5345 poena
3460 5271 3634 5321 cau-

2088 5372 2204 5437 sat
2246 5365 2581 5461 culpam,
2647 5386 2784 5460 per
2833 5364 2976 5437 hoc
3035 5371 3242 5461 patet
3307 5363 3395 5437 ad
3460 5363 3630 5438 illas

2087 5480 2280 5555 duas
2323 5478 2656 5553 rationes
2688 5478 3002 5577 primas,

2183 5598 2296 5671 Ad
2391 5597 2699 5672 tertium
2803 5595 3001 5691 dico,
3085 5619 3259 5670 cum
3344 5596 3622 5670 dicitur
3648 5637 3729 5691 Ad
3757 5653 3969 5705 argum-

2214 1636 2328 1710 Ad
2386 1633 2800 1710 secundam
2870 1630 3408 1729 quaestionem,
3452 1635 3659 1702 tenet
