4295 6326
78 4488 165 4536 uod
205 4504 331 4539 con·

78 4553 307 4610 ingente:-

78 4627 119 4660 *e
145 4618 296 4665 habet

78 4677 304 4738 tquodli·

77 4749 113 4786 et
138 4743 331 4803 speci·-

78 4816 119 4854 ιε.
150 4811 199 4851 et
224 4806 300 4853 sic

78 4863 97 4911 tl
123 4879 302 4926 genus.

1460 454 1689 525 DIST.
1739 452 1893 522 XII.
1947 452 2367 533 QUAESTIO
2415 452 2499 520 ΙΙ.

358 645 720 728 creatum,
758 642 833 708 et
872 656 1024 707 non
1062 632 1328 707 subest
1378 630 1639 704 virtuti
1683 638 1898 704 natu-

355 777 454 827 rae
486 761 793 845 creatae,
826 750 1011 848 quia
1058 750 1252 823 nibil
1315 756 1561 848 potest
1621 757 1897 822 natura

352 879 606 946 creata
645 871 1099 968 producere,
1149 867 1298 942 nisi
1366 867 1625 964 aliquo
1696 890 1899 964 prae-

352 986 748 1085 supposito
786 1014 804 1079 3
843 986 1079 1081 igitur
1117 984 1326 1058 Deus
1359 992 1606 1081 potest
1633 982 1892 1055 imme-

353 1106 551 1179 diate
589 1104 982 1178 materiam
1019 1124 1477 1178 conservare
1504 1101 1668 1174 sine
1712 1100 1898 1173 enti·

356 1231 498 1296 tate
542 1221 692 1295 alia
732 1220 1109 1293 absoluta.

444 1336 732 1424 Quarto
762 1335 898 1426 sic,
925 1359 1076 1409 non
1115 1356 1427 1408 necesse
1470 1341 1586 1408 est
1647 1332 1893 1407 Deum

349 1454 558 1528 aliud
592 1478 635 1527 a
675 1477 755 1527 se
797 1452 1246 1551 simpliciter
1282 1452 1482 1527 velle
1519 1449 1801 1547 3igitur
1831 1467 1897 1539 si

346 1572 532 1645 velit
572 1570 781 1645 aliud
812 1594 856 1645 a
908 1594 1016 1664 se,
1054 1593 1207 1644 non
1269 1578 1383 1643 est
1434 1592 1747 1643 necesse
1804 1591 1897 1643 ex

343 1696 558 1786 parte
601 1687 768 1782 ejus
798 1688 997 1761 velle
1040 1686 1247 1760 aliud
1289 1687 1385 1760 ab
1444 1685 1575 1758 illo
1623 1683 1887 1776 volitO,

348 1807 478 1882 sed
522 1807 773 1881 solum
806 1806 869 1881 si
914 1815 1028 1881 est
1065 1805 1237 1879 talis
1283 1804 1470 1878 ordo
1548 1826 1639 1877 ex
1679 1811 1892 1901 parte

348 1921 786 2010 volitorum,
862 1920 1067 2019 quod
1124 1943 1278 1993 non
1374 1925 1631 2016 posset
1699 1918 1895 1990 velle

350 2061 592 2111 unum
623 2036 788 2111 sine
831 2036 981 2111 alio
1019 2064 1038 2129 ;
1084 2035 1317 2131 igitur
1375 2034 1436 2108 si
1487 2033 1673 2108 velit
1732 2056 1895 2107 ma-

350 2156 617 2229 teriam
651 2177 847 2247 esse,
898 2177 1052 2227 non
1103 2175 1417 2227 necesse
1488 2162 1601 2225 est
1659 2175 1895 2249 prop-

347 2285 460 2348 ter
502 2275 645 2346 hoc
678 2272 882 2369 quod
920 2271 1104 2346 velit
1142 2272 1465 2345 formam
1508 2292 1705 2361 esse,
1744 2268 1890 2342 nisi

346 2392 489 2463 boc
532 2388 656 2480 sit,
691 2388 877 2484 quia
920 2385 1234 2460 materia
1265 2386 1342 2458 in
1387 2385 1699 2460 entitate
1751 2409 1894 2459 sua

348 2507 804 2581 determinat
831 2504 971 2578 sibi
1010 2504 1401 2578 entitatem
1440 2504 1730 2596 formae,
1759 2503 1888 2577 sed

348 2649 437 2700 ex
465 2634 679 2722 parte
724 2621 1067 2725 materiae
1122 2623 1336 2695 nulla
1402 2631 1517 2695 est
1556 2620 1896 2695 necessi-

348 2754 459 2816 tas
490 2740 1056 2815 determinandi
1121 2739 1271 2813 sibi
1330 2739 1667 2837 aliquam
1739 2740 1893 2812 for—

350 2885 575 2935 mam.
643 2859 1052 2951 Probatur,
1124 2881 1279 2930 non
1378 2866 1492 2931 est
1575 2880 1892 2933 necesse

348 2977 739 3073 singulare
781 2975 1170 3071 signatum
1201 2974 1712 3049 determinare
1747 2975 1890 3049 sibi

351 3118 596 3193 genus
665 3092 1107 3168 absolutum
1199 3091 1664 3185 necessarie,
1745 3091 1892 3166 nisi

350 3211 808 3288 determinet
848 3209 992 3284 sibi
1045 3209 1355 3306 aliquod
1414 3209 1745 3308 speciale
1816 3209 1892 3282 in

352 3331 482 3404 illo
524 3352 836 3426 genere,
874 3337 947 3402 et
1005 3350 1231 3401 omne
1293 3327 1496 3424 quod
1548 3327 1897 3401 determi-

352 3456 485 3521 nat
525 3446 667 3520 sibi
703 3445 1068 3543 speciem,
1124 3445 1213 3518 de
1284 3445 1734 3518 necessitate
1778 3445 1899 3517 de-

352 3567 715 3642 terminat
745 3565 890 3639 sibi
921 3587 1077 3638 esse
1100 3564 1177 3636 in
1209 3563 1466 3662 aliquo
1500 3564 1898 3639 individuo

354 3685 565 3759 illius
605 3681 918 3781 speciei.
957 3681 1171 3756 Licet
1210 3681 1415 3756 enim
1495 3682 1734 3780 possit
1791 3682 1900 3754 in-

351 3803 537 3877 stari
592 3802 684 3875 de
753 3799 1147 3875 communi
1214 3800 1501 3897 aliquO,
1538 3809 1789 3875 tamen
1835 3800 1898 3875 si

350 3915 646 4014 aliquid
680 3924 792 3989 est
833 3915 1224 4010 singulare
1280 3915 1697 4011 signatum,
1746 3939 1897 3987 non

354 4034 812 4111 determinat
852 4033 996 4107 sibi
1040 4058 1279 4108 unum
1358 4056 1605 4130 genus
1676 4035 1905 4108 abso-

354 4156 606 4227 lutum
652 4149 1104 4225 necessitate
1147 4150 1524 4243 absoluta,
1561 4150 1708 4224 nisi
1769 4151 1906 4224 de·-

360 4272 722 4346 terminet
764 4293 1004 4343 unum
1039 4268 1368 4367 speciale
1419 4269 1627 4343 illius
1667 4294 1907 4366 gene-

364 4390 473 4464 ris
495 4387 854 4463 absoluti.

466 4507 1011 4600 Confirmatur,
1079 4506 1280 4604 quod
1378 4506 1913 4603 contingenter

368 4649 450 4700 se
496 4625 727 4699 habet.
766 4625 857 4698 ad
892 4623 1286 4720 quodlibet
1318 4623 1648 4721 speciale
1706 4625 1913 4698 illius

367 4742 710 4841 generis,
773 4740 1308 4837 contingenter
1374 4764 1454 4814 se
1516 4742 1744 4815 habet
1800 4751 1917 4816 to-

368 4872 536 4934 tum
585 4882 834 4954 genus
878 4885 896 4952 3
943 4881 1097 4931 non
1158 4857 1360 4932 enim
1433 4868 1681 4956 potest
1748 4883 1913 4934 esse

368 4977 576 5075 quod
612 4999 853 5048 unum
894 4975 1283 5070 singulare
1319 4975 1415 5049 sit
1472 4975 1916 5073 dependens

366 5090 807 5168 necessario
863 5091 955 5164 ad
999 5091 1220 5188 plura
1286 5091 1612 5166 diversae
1681 5093 1916 5168 ratio-

366 5211 491 5284 nis
524 5209 600 5282 in
663 5208 931 5283 eodem
985 5207 1307 5302 ordine3
1353 5208 1588 5304 igitur
1632 5210 1690 5283 si
1767 5235 1917 5286 ma-

364 5327 560 5403 teria
599 5325 978 5423 dependet
1022 5325 1114 5398 ad
1147 5325 1496 5420 sormam,
1544 5329 1915 5403 essentia-

366 5445 540 5518 liter
598 5439 1063 5537 dependebit
1128 5441 1220 5513 ad
1294 5465 1524 5516 unam
1585 5453 1931 5540 tantum,

366 5561 553 5660 quia
589 5557 825 5631 unius
888 5556 1301 5653 singularis
1378 5558 1914 5659 dependentia}

362 5687 481 5752 est
515 5697 722 5749 unus
762 5671 1058 5770 primus
1096 5673 1497 5749 terminus.

587 5816 733 5872 Tou.
768 5812 947 5870 xxm

3466 442 3549 515 17

2100 630 2354 725 DiceS‚
2402 629 2532 705 ubi
2566 630 2707 706 erit
2741 630 2871 704 illa
2912 625 3231 703 materia
3273 623 3351 697 in
3420 648 3547 722 po·
3694 636 3756 707 ’1,

2002 749 2242 823 tentia
2268 749 2360 823 ad
2401 773 2706 823 omnem
2780 748 3097 820 sormam
3136 744 3176 815 ‘?
3207 742 3547 831 Qualiter
3604 752 3871 866 Obiegtio·

2004 865 2232 940 etiam
2275 864 2584 939 habebit
2640 864 2958 938 materia
2999 870 3290 960 partem
3337 866 3548 934 extra
3603 829 3700 866 ω
3768 830 3868 868 uae.

2003 996 2294 1084 partem
2331 985 2495 1060 sine
2529 984 2951 1083 quantitate
2982 982 3021 1054 ‘2

2098 1106 2209 1179 Ad
2272 1105 2603 1204 primum
2673 1104 2868 1196 dice,
2943 1100 3361 1199 quaerendo
3453 1100 3546 1173 ab
3577 1121 3878 1197 Responsio

2003 1222 2381 1320 oppositO,
2438 1220 2565 1294 ubi
2635 1220 2777 1295 erit
2842 1219 3210 1314 AngeluS,
3239 1218 3361 1291 vel
3423 1241 3548 1314 po·
3639 1188 3839 1299 ’Ξξῖἑῗ

2000 1349 2358 1428 testeum
2421 1340 2630 1413 Deus
2708 1361 2966 1412 creare
3036 1336 3201 1410 sine
3271 1334 3427 1427 ubi,
3475 1345 3548 1409 et

2004 1478 2157 1528 non
2193 1453 2335 1528 erit
2377 1452 2619 1549 major
2651 1452 2842 1525 ratio
2885 1473 3121 1548 quare
3156 1474 3309 1523 non
3370 1474 3550 1547 pos-

2002 1583 2116 1647 set
2183 1594 2442 1646 creare
2513 1569 2939 1646 materiam.
3002 1568 3140 1640 Vel
3215 1567 3279 1641 si
3339 1566 3547 1642 dicas

2001 1691 2207 1788 quod
2251 1714 2400 1763 non
2447 1697 2732 1787 posset,
2778 1687 3127 1783 assignes
3172 1684 3354 1758 mibi
3416 1684 3553 1758 ubi

2001 1809 2207 1905 quod
2241 1817 2354 1882 est
2394 1806 2913 1882 necessarium
2951 1805 3268 1900 Aug-elo,
3316 1811 3389 1877 et
3420 1826 3547 1877 as-

2000 1928 2324 2023 signabo
2367 1950 2509 2023 ego
2540 1924 2677 1999 ubi
2734 1922 3256 1999 necessarium
3321 1931 3548 1999 mate-

2000 2043 2162 2118 riae.

2094 2161 2208 2235 Ad
2250 2161 2705 2251 secundum,
2745 2184 2901 2233 non
2947 2168 3062 2233 est
3128 2157 3231 2231 ibi
3303 2156 3546 2253 major
3574 2171 3653 2223 Ad
3682 2185 3874 2225 secun·

1999 2278 2437 2370 difficultaS,
2502 2301 2732 2374 quam
2815 2277 2887 2349 in
2972 2276 3102 2349 illa
3189 2274 3545 2372 quaestio·
3665 2236 3813 2287 ‘¹⁰⁰⁰'

1999 2420 2094 2471 ne
2156 2395 2327 2469 :An
2369 2395 2691 2468 materia
2751 2392 3023 2467 habeat
3078 2391 3543 2488 partibilite-

1997 2519 2146 2588 tem
2178 2509 2426 2585 solum
2443 2533 2591 2609 per
2650 2508 3151 2607 quantitatem
3183 2508 3221 2579 ἱ)
3252 2517 3324 2581 et
3364 2532 3540 2582 sus-

1999 2629 2312 2703 tinendo
2355 2626 2559 2724 quod
2611 2626 2747 2718 sic,
2784 2635 2966 2699 tunc
3026 2634 3225 2698 esset
3292 2625 3541 2698 dicen·

2000 2748 2180 2819 dum
2227 2744 2430 2842 quod
2480 2766 2633 2816 non
2677 2750 2874 2816 esset
2915 2739 3316 2840 partibilis.
3365 2740 3541 2816 Sus·
3573 2761 3795 2812 Materia
3816 2775 3893 2812 se-

1999 2862 2315 2937 tinendo
2343 2872 2597 2935 tamen
2634 2859 2840 2956 quod
2883 2860 3112 2933 habet
3179 2858 3543 2956 partibili·
3573 2830 3896 2961 ξέἶὲξῗειῗζὲ

2003 2988 2260 3068 tatem,
2299 2987 2372 3052 et
2404 3001 2555 3050 non
2618 3000 2754 3074 per
2813 2975 3345 3072 quantitatem,
3408 2977 3542 3050 sed
3573 2955 3871 3064 pefffi‘gssm‘

2001 3098 2074 3170 in
2121 3094 2482 3188 essentia,
2539 3093 2745 3191 quod
2800 3091 3062 3167 verius
3121 3092 3377 3186 cred0,
3424 3092 3547 3167 ad-

2003 3217 2155 3288 huc
2196 3221 2396 3287 esset
2423 3209 2825 3309 partibilis,
2865 3210 2997 3283 sed
3033 3233 3187 3282 non
3233 3210 3548 3284 liaberet

2002 3341 2295 3428 partem
2340 3337 2549 3401 extra
2590 3335 2914 3424 partem,
2961 3325 3157 3398 sicut
3215 3327 3547 3400 locatum

2004 3443 2688 3543 circumscriptive.
2739 3443 2955 3516 Unde
3026 3443 3089 3516 si
3158 3443 3365 3517 Deus
3406 3468 3551 3517 an-

2006 3565 2368 3640 nihilaret
2420 3563 2738 3635 formam
2794 3561 3322 3634 conservando
3389 3585 3552 3634 ma-

2006 3683 2303 3772 teriam,
2342 3704 2495 3754 non
2541 3679 2855 3754 liaberet
2896 3701 3053 3752 esse
3084 3677 3287 3751 aliud
3316 3701 3548 3776 quam

2006 3801 2238 3875 habet
2271 3822 2502 3871 nunc.

2105 3916 2415 4007 Dicunt,
2465 3913 2780 3987 materia
2823 3912 3050 3986 babet
3118 3922 3550 4010 respectum

2010 4036 2101 4111 ad
2135 4035 2383 4107 Deum
2418 4032 2494 4104 in
2566 4030 2858 4104 ratione
2929 4028 3351 4116 efficientis,
3404 4029 3552 4104 dic-

2012 4163 2175 4228 tum
2207 4160 2320 4227 est
2387 4151 2650 4249 prius·
2691 4148 2894 4248 quod
2975 4147 3098 4222 ille
3161 4160 3553 4247 respectus

2012 4294 2167 4344 non
2211 4277 2324 4343 est
2359 4291 2476 4341 res
2535 4266 2684 4339 alia
2725 4265 2819 4338 ab
2879 4265 3213 4339 essentia
3267 4277 3559 4343 creatu-

2016 4409 2150 4459 rae.

2113 4510 2225 4584 Ad
2254 4509 2587 4607 primum
2633 4505 3080 4605 principale,
3120 4508 3289 4582 dico
3356 4510 3558 4606 quod
3718 4521 3783 4588 8.

2019 4628 2123 4702 ibi
2187 4636 2299 4700 cst
2358 4624 2866 4723 aequivocatio
2923 4624 3014 4698 de
3064 4625 3402 4718 ῑιηίίαίες
3451 4637 3912 4707 estAdprgum.

2021 4744 2224 4820 enim
2260 4742 2569 4840 duplex,
2608 4741 2961 4837 quaedam
2998 4741 3414 4817 identitatis
3447 4768 3566 4818 ex·
3597 4714 3916 4836 pssifflgffie.

2027 4861 2241 4936 tremi
2286 4884 2461 4934 cum
2513 4868 2850 4932 extremo
2897 4859 3102 4952 3alia
3161 4863 3561 4960 compositi
3627 4827 3887 4962 ἕξεςζῗᾶῗέ

2026 4976 2491 5054 resultantis.
2542 4974 2961 5071 Loquendo
2994 4976 3084 5049 (le
3119 4976 3366 5075 prima
3403 4981 3565 5054 uni·
3594 4965 3888 5078 nffiffbffig

2021 5107 2172 5171 tate
2245 5120 2260 5170 ε
2335 5101 2623 5191 quanto
2693 5093 2952 5189 aliqua
3054 5105 3235 5169 sunt
3321 5099 3563 5196 magis
3593 5078 3919 5191 ‹103ssqu-

2025 5237 2295 5306 unum,
2381 5219 2585 5283 tanto
2657 5209 2899 5304 magis
2991 5209 3559 5310 inseparabilia.
3596 5204 3914 5267 numentum.

2022 5328 2444 5428 Loquendo
2487 5327 2578 5399 (le
2630 5326 2970 5399 secunda
3047 5328 3364 5424 unitate,
3402 5357 3570 5429 pro-

2023 5447 2301 5547 positio
2335 5453 2449 5520 est
2484 5444 2694 5535 falsa,
2741 5443 2922 5540 quia
2967 5446 3295 5520 maxima
3364 5449 3568 5524 inde-

2022 5562 2439 5664 pendentia
2495 5562 2585 5634 ad
2657 5559 2988 5633 invicem
3068 5573 3247 5636 sunt
3325 5566 3566 5660 magis

2024 5690 2203 5756 nata
2270 5691 2728 5754 concurrere
2789 5676 2881 5749 ad
2959 5661 3218 5752 verius
3288 5705 3557 5774 unum,

3315 5822 3352 5877 2

3584 4151 3605 4176 ⁸
3637 4150 3763 4215 Sup.
3797 4150 3904 4200 d.t.

3585 4228 3638 4278 q.
3671 4218 3715 4265 5.
3749 4217 3802 4265 et
3828 4217 3877 4265 fl.
