4295 6326
685 380 768 448 80
2088 368 2328 439 LIBRI
2380 369 2464 438 lI.

690 568 769 632 ut
855 555 1454 631 intellectionem
1544 562 1617 628 et
1703 550 2147 625 volitionem
2206 576 2226 640 3

686 701 870 773 ergo
940 683 1200 772 posset
1264 672 1580 757 ⁴mereri
1671 681 1747 746 et
1847 666 2237 743 demereri

689 805 864 872 ante
894 795 1061 892 ejus
1115 794 1486 868 unionem
1540 792 1613 864 in
1678 812 1998 887 corpore
2043 815 2061 880 3
2100 785 2233 859 sed

692 916 839 986 hoc
896 921 1124 1003 negat
1190 911 1603 1009 Apostolus
1662 908 1753 981 de
1817 903 2027 978 omni
2088 901 2241 975 alia

696 1030 957 1105 anima
1005 1052 1045 1101 a
1080 1027 1327 1124 prima
1384 1026 1644 1099 anima
1701 1022 1930 1122 primi
2001 1018 2240 1094 homi-

695 1147 845 1239 nis,
896 1144 1000 1219 ad
1024 1145 1245 1218 Hom.
1285 1143 1353 1215 9.
1410 1143 1738 1239 loquens
1771 1139 1862 1213 de
1894 1136 2131 1212 Jacob
2166 1144 2241 1209 et

696 1262 894 1335 Esau
929 1286 944 1346 ;
983 1284 1193 1355 ergO,
1230 1268 1372 1332 etc.

480 1386 545 1452 6.
793 1377 903 1451 Ad
969 1377 1305 1475 primum
1375 1381 1920 1471 argumentum
1984 1371 2056 1441 in
2109 1393 2236 1466 op-

343 1502 659 1568 Adl-rrinc·
697 1494 1060 1594 positum,
1098 1492 1266 1566 dico
1309 1491 1512 1588 quod
1568 1514 1716 1563 non
1768 1510 1994 1562 omne
2036 1509 2235 1565 com-

692 1610 1026 1710 positum
1080 1618 1154 1683 et
1204 1610 1448 1682 forma
1509 1606 1704 1679 liunt
1757 1603 2021 1679 eadem
2094 1603 2236 1675 fac·

692 1729 927 1820 tione,
974 1748 1115 1800 nec
1146 1726 1392 1799 forma
1430 1722 1515 1795 fit
1577 1731 1869 1797 tantum
1928 1741 2063 1818 per
2104 1740 2235 1792 ac-

691 1844 957 1920 cidens
1018 1852 1092 1917 et
1157 1839 1670 1939 compositum
1719 1862 1856 1936 per
1913 1860 2040 1930 se3
2097 1833 2230 1909 sed

689 1962 951 2037 anima
1026 1958 1175 2035 etsi‘
1227 1958 1358 2033 fiat
1416 1958 1493 2030 in
1554 1978 1900 2053 corpore,
1971 1963 2230 2026 tamen

688 2078 840 2152 alia
882 2076 1208 2151 factione
1241 2074 1721 2172 accipitesse,
1750 2072 2017 2146 saltem
2051 2091 2229 2166 quae

687 2192 1053 2292 praecedit
1106 2191 1372 2264 ordine
1437 2188 1845 2263 factionem
1912 2208 2232 2281 compo-

685 2311 834 2386 siti.
884 2313 974 2384 Et
1006 2307 1434 2384 secundum
1481 2307 1625 2379 hoc
1666 2313 1991 2404 possunt
2042 2302 2232 2376 assi-

684 2426 906 2523 gnari
971 2425 1147 2499 duae
1204 2423 1568 2498 factiones
1620 2422 2004 2519 passivae3
2075 2442 2232 2493 nna

689 2547 981 2635 lormac,
1018 2543 1257 2616 altera
1298 2538 1727 2638 compositi.

785 2660 1011 2734 Dices
1041 2658 1244 2756 quod
1319 2658 1559 2730 forma
1618 2679 1768 2729 non
1805 2663 2054 2752 potest
2089 2654 2228 2727 ha-

685 2779 866 2853 bere
921 2785 1211 2873 partem
1281 2773 1401 2849 sui
1461 2773 1553 2847 de
1613 2795 1767 2870 qua
1820 2769 1997 2864 fiat3
2044 2792 2226 2865 ergo

689 2903 1015 2970 creatur.

787 3011 958 3084 Non
998 3011 1227 3102 valet,
1280 3006 1462 3106 quia
1504 3005 1758 3079 dicent
1823 3002 2026 3101 quod
2088 3002 2230 3077 ali-

690 3127 873 3227 quid
918 3123 1447 3225 praesupponit
1479 3122 1742 3198 l‘ormae
1794 3118 2228 3196 necessario

690 3247 782 3321 ad
817 3269 1040 3319 suum
1079 3267 1235 3318 csse
1278 3240 1831 3339 recipiendum.

787 3362 897 3436 Ad
941 3359 1393 3446 secundum,
1453 3357 1721 3433 eodem
1778 3355 1998 3429 modo
2048 3378 2229 3429 cur-

690 3481 786 3553 rit
826 3480 917 3553 de
964 3480 1231 3571 forma,
1277 3500 1453 3574 quae
1518 3474 1793 3573 accipit
1845 3498 2001 3548 6336
2049 3497 2228 3571 pro-

687 3594 1046 3670 ductione
1072 3592 1471 3689 compositi
1502 3622 1517 3681 3
1544 3592 1619 3664 in
1650 3591 1780 3666 tali
1813 3590 2018 3665 enim
2060 3615 2225 3688 pro-

684 3712 1045 3787 ductione
1085 3709 1267 3806 sieri
1307 3708 1540 3782 totius
1608 3716 1721 3783 est
1752 3707 1876 3781 via
1907 3716 1982 3782 et
2034 3707 2226 3781 ratio

684 3826 774 3900 ad
812 3849 968 3900 6336
1000 3824 1261 3921 partis.
1318 3823 1489 3896 Non
1556 3824 1759 3896 valet
1798 3830 2050 3896 autem
2132 3820 2224 3894 de

684 3952 925 4040 parte,
964 3941 1086 4015 cui
1138 3964 1291 4014 non
1330 3948 1707 4037 repugnat
1766 3961 1932 4012 esse
1976 3961 2112 4037 per
2143 3960 2224 4012 36

683 4057 1032 4145 seorsim,
1073 4066 1144 4131 et
1175 4056 1397 4153 cujus
1429 4079 1587 4129 6336
1620 4065 1733 4129 est
1761 4054 1889 4129 via
1920 4054 2013 4127 ad
2055 4075 2222 4128 6336

682 4175 940 4249 totius.
999 4172 1219 4247 Unde
1286 4173 1458 4246 talis
1518 4196 1694 4271 pars
1758 4173 1832 4245 in
1890 4181 2044 4245 toto
2086 4173 2224 4246 ha-

678 4292 804 4366 bet
844 4315 981 4389 per
1012 4315 1091 4364 sc
1117 4313 1302 4383 6336,
1350 4290 1807 4387 inquantum
1842 4288 2221 4363 terminus

679 4408 1116 4501 creationis,
1156 4407 1330 4481 licet
1376 4416 1623 4481 tamen
1662 4430 1836 4504 pars
1878 4406 2050 4480 talis
2092 4407 2218 4480 ha-

678 4528 852 4601 beat
916 4550 1073 4599 6336
1125 4525 1201 4598 in
1268 4535 1418 4598 toto
1473 4548 1609 4622 per
1659 4524 2040 4617 accidens,
2098 4525 2222 4598 in-

679 4651 1056 4739 quantum
1111 4652 1225 4716 est
1297 4640 1722 4715 informans
1795 4640 2216 4736 materiam,

678 4767 931 4833 tamen
968 4781 1122 4830 non
1159 4766 1537 4855 repugnat
1567 4756 1696 4830 tali
1730 4780 1898 4831 esse
1930 4782 2067 4854 per
2107 4782 2216 4852 se,

679 4878 850 4952 ideo
878 4877 1052 4952 talis
1076 4900 1254 4975 pars
1278 4885 1522 4974 potest
1556 4876 1967 4952 terminare
2009 4900 2222 4951 crea-

680 4995 967 5068 tionem
1010 5017 1147 5091 per
1213 5015 1321 5067 se.
1367 4992 1536 5065 Non
1582 4992 1689 5066 sic
1732 5002 1845 5067 est
1899 4993 1991 5067 dc
2051 4993 2222 5068 aliis

683 5108 974 5204 formis,
1041 5133 1367 5207 quarum
1428 5132 1585 5183 6336
1639 5133 1792 5183 non
1851 5118 1991 5203 est,
2071 5108 2222 5184 nisi

682 5234 979 5300 tantum
1023 5226 1099 5299 in
1148 5224 1491 5316 materia,
1527 5225 1709 5322 quia
1739 5226 2091 5301 educitur
2127 5226 2220 5300 de

683 5342 1025 5440 potentia
1059 5340 1431 5435 materiae,
1487 5350 1560 5415 et
1602 5341 1771 5415 ideo
1839 5342 1991 5427 illa,
2045 5365 2222 5439 quae

682 5482 839 5532 non
883 5458 1235 5534 educitur
1292 5456 1383 5531 de
1439 5457 1780 5555 potentia
1848 5458 2216 5554 materiae‚

684 5585 932 5674 potest
966 5597 1100 5674 per
1140 5597 1220 5649 se
1261 5595 1452 5660 esse,
1486 5583 1559 5648 et
1600 5597 1749 5647 non
1797 5574 1970 5649 alia.

368 2682 626 2747 obJectio.

378 3043 600 3095 Solutio.

340 3355 415 3407 Ad
448 3363 642 3402 secun-

428 3417 573 3467 dum.

2830 818 3249 896 QUAESTIO
3294 822 3374 886 Il.

2363 993 2606 1057 Utrum
2657 991 3039 1058 Paradisus
3102 990 3189 1067 si!
3242 990 3426 1056 locus
3478 990 3893 1056 conveniens

2543 1103 2968 1173 habitationi
2996 1107 3327 1172 lzummzae
3359 1113 3629 1173 natura?
3658 1102 3697 1169 P

2345 1296 2541 1354 AlenS.
2566 1300 2621 1352 2.
2655 1307 2799 1367 part.
2833 1303 3030 1370 quaest.
3062 1299 3150 1353 87.
3187 1298 3430 1354 membro
3476 1301 3530 1354 2.
3576 1305 3683 1355 art.
3719 1300 3774 1354 2.
3831 1305 3891 1353 t).

2415 1369 2663 1424 Thomas
2714 1386 2752 1424 1.
2797 1374 2949 1440 part.
2993 1376 3188 1441 quaest.
3244 1371 3368 1427 ⁴02.
3420 1375 3531 1428 art.
3582 1389 3618 1426 1.
3656 1376 3707 1427 et
3734 1374 3788 1426 2.
3824 1371 3890 1426 D.

2418 1446 2730 1497 Bonavent.
2765 1442 2854 1496 hic
2874 1442 3001 1498 dub.
3033 1444 3085 1495 2.
3121 1442 3393 1498 Richard.
3435 1450 3544 1497 art.
3595 1445 3648 1498 2.
3701 1448 3888 1514 quoest.

2412 1513 2467 1568 5.
2505 1512 2764 1567 Per-erius
2791 1514 2886 1567 lib.
2912 1514 2964 1568 3.
3001 1514 3060 1567 in
3091 1513 3282 1571 Genes.
3313 1522 3500 1584 quaest.
3536 1514 3591 1569 3.
3626 1515 3796 1570 Abul.
3831 1517 3892 1569 in

2413 1584 2878 1711 gap.13h.icGenes.
2912 1590 3100 1658 quaest.
3156 1585 3246 1639 98.
3300 1596 3351 1641 et
3401 1586 3521 1642 107.
3574 1585 3783 1643 Scotus
3832 1589 3893 1641 in

2454 1671 2585 1711 xon.
2712 1698 2724 1710 .

2447 1830 2664 1918 Quod
2742 1856 2936 1926 non,
3017 1832 3201 1930 quia
3256 1833 3625 1931 Magister
3708 1833 3887 1909 dicit
4048 1856 4119 1922 1,

2338 1947 2542 2044 quod
2580 1971 2739 2046 prae
2779 1949 3182 2025 altitudine
3225 1950 3531 2047 attingit
3569 1952 3882 2047 globum
3917 1969 4162 2033 Argum.
4210 1976 4254 2021 ι.

2338 2065 2751 2164 Lunarem,
2802 2073 2882 2138 ut
2922 2066 3359 2151 habeturin
3408 2067 3700 2161 littera3
3736 2068 3885 2166 igi-

2336 2190 2462 2254 tur
2502 2204 2656 2254 non
2710 2190 2825 2255 est
2881 2182 3357 2258 conveniens
3427 2184 3882 2259 habitationi

2337 2298 2699 2373 humanae
2729 2308 3052 2373 naturoe.

2434 2415 2652 2509 Item,
2716 2438 2940 2512 aquae
3018 2416 3287 2491 diluvii
3357 2419 3876 2493 ascenderunt
3968 2434 4193 2485 Secun-

2336 2533 2563 2607 altius
2596 2533 3035 2629 quindecim
3096 2534 3376 2609 cubitis
3457 2535 3724 2609 Genes.
3798 2538 3869 2609 7.
4001 2499 4171 2551 ‘lum‘

2334 2650 2544 2724 omni
2589 2660 2869 2738 monte,
2907 2661 2980 2726 et
3019 2675 3176 2726 non
3236 2654 3749 2729 ascenderunt
3784 2656 3878 2730 ad

2336 2767 2789 2842 Paradisum
2825 2795 2843 2862 3
2881 2768 3115 2865 igitur
3144 2781 3258 2844 est
3289 2770 3543 2851 altius.
3592 2771 3741 2846 Sed
3775 2773 3887 2845 ul-

2336 2892 2452 2957 tra
2483 2883 2889 2958 cacumina
2918 2881 3468 2960 altissimorum
3505 2887 3886 2962 montium

2337 3023 2490 3074 non
2526 3009 2641 3075 est
2724 3001 3196 3077 conveniens
3284 3004 3650 3079 habitatio
3736 3006 3887 3081 hu-

2336 3138 2591 3206 mana,
2639 3115 2824 3214 quia
2857 3117 3310 3218 Philosophi
3381 3122 3888 3198 ascendentes

2337 3234 2779 3333 hujusmodi
2814 3246 3137 3325 monteS,
3196 3239 3603 3334 portabant
3641 3262 3886 3336 aquas

2335 3351 2427 3425 ad
2456 3351 3055 3449 ingrossandum
3089 3378 3343 3430 aerem
3373 3383 3392 3450 3
3429 3356 3649 3431 aliter
3674 3358 3883 3430 enim

2334 3492 2490 3542 non
2526 3479 2880 3568 poterant
2946 3471 3293 3569 expirare
3354 3481 3428 3547 et
3496 3473 3883 3572 respirare

2334 3596 2645 3684 propter
2690 3587 3188 3662 subtilitatem
3252 3589 3477 3679 aeriS,
3549 3600 3634 3664 ut
3698 3589 3882 3664 dicit

2333 3701 2647 3776 Solinus
2689 3703 2780 3776 de
2829 3713 3086 3778 monte
3117 3706 3447 3802 Olympi.

2430 3817 2911 3915 Oppositum,
2958 3818 3233 3893 GeneS.
3282 3818 3351 3892 2.
3407 3819 3616 3895 Tulit
3660 3821 3877 3896 Deus

2328 3930 2745 4027 leo-minem,
2801 3941 2874 4008 6ι
2910 3935 3175 4031 posuit
3237 3958 3411 4010 eum
3471 3937 3553 4010 in
3618 3937 3878 4013 Para-

2328 4047 2518 4122 dise.

3978 3871 4241 3925 Contra.

2909 4305 3300 4362 SCHOLIUM.

2397 4458 2709 4514 paradisus
2767 4462 2856 4513 est
2914 4456 3077 4514 locus
3148 4458 3493 4514 habitationi
3555 4465 3723 4531 aptus
3771 4479 3875 4534 pro

2327 4552 2572 4619 utroquo
2629 4545 2890 4602 hominis
2948 4551 3125 4613 statu,
3183 4547 3315 4617 quia
3375 4547 3452 4602 ibi
3514 4550 3695 4604 Adam
3738 4555 3876 4606 ante

2330 4636 2583 4709 lapsum,
2618 4641 2674 4690 et
2713 4642 2864 4707 post,
2899 4636 3051 4691 Elias
3083 4641 3140 4692 et
3170 4636 3386 4706 Enoch,
3414 4641 3621 4693 Genes.
3652 4641 3707 4693 5.
3732 4646 3786 4694 et
3821 4641 3871 4696 4.

2329 4724 2469 4797 Reg.
2498 4725 2552 4780 2.
2596 4724 2719 4780 Non
2752 4734 2838 4780 est
2869 4723 2930 4779 in
2957 4740 3249 4796 suprema,
3281 4724 3368 4780 vel
3401 4726 3595 4782 media
3640 4728 3875 4798 regione

2327 4815 2498 4871 aeris.
2535 4815 2702 4870 Putat
2740 4831 2854 4871 non
2906 4831 3028 4872 6336
3083 4815 3188 4870 sub
3246 4814 3675 4886 AEquinoctiali‚
3738 4819 3876 4889 quia

2325 4904 2480 4959 Zona
2511 4904 2731 4959 torrida
2757 4909 2847 4960 est
2879 4902 3302 4970 inhabitabilis,
3336 4921 3462 4975 quae
3507 4910 3596 4960 est
3642 4911 3873 4962 senten-

2326 4993 2408 5049 tia
2440 4988 2760 5049 Aristotelis
2792 4998 2850 5049 et
2875 4993 3248 5065 antiquorum
3282 5013 3297 5061 3
3353 4999 3547 5050 tamen
3597 5011 3665 5051 ex
3719 4997 3875 5051 navi-

2329 5084 2562 5156 gatione
2591 5083 2978 5155 Hispanorum
3011 5084 3072 5138 in
3125 5099 3270 5139 novo
3324 5084 3479 5151 orbe,
3530 5092 3759 5143 constat
3813 5088 3876 5142 in

2329 5171 2534 5227 multis
2565 5171 2828 5243 partibus
2858 5169 3261 5237 habitabilem,
3309 5178 3367 5226 et
3410 5170 3575 5229 valde
3625 5173 3875 5230 fertilem

2329 5276 2478 5327 esse,
2512 5261 2664 5316 sicut
2695 5267 2748 5317 et
2777 5259 3097 5331 Antipodas
3123 5275 3272 5330 6336,
3305 5277 3452 5331 quos
3492 5265 3732 5334 August.
3782 5265 3870 5321 16.

2327 5349 2492 5406 civit.
2526 5352 2580 5406 9.
2632 5350 2770 5405 Bed.
2821 5348 2921 5406 lib.
2971 5350 3040 5404 de
3088 5353 3197 5404 rat.
3245 5353 3419 5420 temp.
3469 5350 3557 5406 31.
3613 5351 3868 5410 Lactant.

2328 5438 2508 5496 divin.
2538 5440 2784 5496 institut.
2818 5455 2944 5511 cap.
2970 5438 3060 5493 24.
3090 5443 3145 5494 et
3172 5437 3273 5494 alii
3302 5439 3542 5496 omnino
3590 5456 3719 5497 6336
3768 5459 3874 5500 ne·

2327 5532 2498 5599 μοις
2526 5529 2653 5585 vide
2683 5526 2975 5585 Conimhr.
3009 5527 3063 5582 2.
3098 5528 3167 5584 de
3197 5526 3332 5584 Coel.
3352 5543 3480 5600 cap.
3504 5530 3872 5603 14.quaest.1.
