4295 6326
649 274 777 340 666
2112 267 2397 339 INDEX

1872 600 1978 660 De
2035 607 2308 680 conceptu
2372 598 2615 660 Christi.

1059 803 1133 862 Ii.
1184 805 1403 863 Utrum
1430 800 1716 861 Christus
1740 801 1853 861 fuit
1875 808 2219 881 conceptus
2241 802 2371 863 sine
2396 802 2701 882 originale
2712 846 3576 862 .........
3744 802 3864 860 267

1024 901 1131 961 ΙΙΙ.
1183 901 1396 961 Utrum
1430 900 1923 961 incarnationem
1967 901 2285 980 praecessit
2314 901 2717 980 organizatio,
2745 908 2804 961 et
2835 900 3120 962 similiter
3149 900 3473 961 animatio,
3566 944 3580 959 .
3747 902 3869 961 268

1730 1329 2269 1407 DISTINCTIO
2343 1332 2756 1420 QUARTA.

647 1639 1007 1715 QUAESTIO
1091 1645 1137 1705 1.
1189 1649 1404 1709 Utrum
1459 1646 1644 1708 beata
1678 1645 1868 1723 Virgo
1900 1644 2014 1706 fuit
2057 1663 2201 1706 vera
2235 1651 2436 1707 mater
2462 1646 2689 1708 Christi
2701 1691 3574 1710 .........
3743 1645 3866 1705 272

1058 1748 1136 1806 Il.
1184 1748 1407 1807 Utrum
1443 1747 1625 1807 beata
1661 1745 1844 1824 Virgo
1876 1744 1994 1806 fuit
2032 1744 2408 1806 naturaliter
2451 1751 2649 1807 mater
2679 1746 2905 1808 Christi
2915 1792 3573 1811 .......
3704 1745 3866 1806 ibid.

1753 2178 2295 2253 DISTINCTIO
2351 2176 2742 2265 QUINTA.

646 2519 1009 2588 QUAESTIO
1055 2519 1313 2579 UNiOA.
1363 2519 1584 2579 Utrum
1620 2520 1847 2574 natura
1874 2512 2085 2572 divina
2116 2511 2321 2592 potuit
2353 2529 2670 2571 assumere
2694 2529 3023 2590 personam
3060 2518 3360 2573 creatam.
3453 2559 3467 2574 .
3560 2559 3573 2572 .
3745 2512 3867 2575 280

1780 2951 2098 3025 DISTIN
2109 2952 2319 3026 CTIO
2376 2950 2712 3026 SEXTA.

640 3286 1006 3357 QUAESTIO
1092 3286 1139 3346 1.
1188 3290 1409 3349 Utrum
1444 3287 1505 3348 in
1537 3286 1783 3348 Christo
1813 3286 1893 3348 sit
1922 3284 2179 3365 aliquod
2210 3302 2326 3345 esse
2350 3283 2518 3345 aliud
2554 3303 2686 3346 esse
2716 3285 2796 3346 ab
2818 3304 2931 3346 csse
2955 3287 3141 3348 Verbi
3174 3286 3454 3349 increato
3543 3332 3558 3347 .
3732 3289 3855 3349 283

1062 3385 1141 3445 11.
1190 3386 1409 3447 Utrum
1441 3386 1724 3447 Christus
1770 3385 1850 3445 sit
1889 3385 2100 3463 aliqua
2129 3383 2256 3445 duo
2266 3428 3554 3448 .............
3730 3390 3850 3449 287

1043 3487 1146 3550 ΙΙΙ.
1194 3488 1354 3556 Quid
1388 3487 1721 3550 tenendum
1765 3486 1840 3548 de
1881 3483 2285 3565 opinionibus
2324 3483 2743 3562 quorumdam
2795 3485 2898 3546 hic
2907 3532 3561 3550 .......
3734 3491 3855 3554 289

1723 3926 2260 4001 DISTlNCTlO
2317 3925 2496 4000 SEP
2518 3927 2763 4001 ΓΙΜΑ.

643 4243 1001 4315 QUAESTIO
1087 4244 1134 4304 1.
1182 4247 1404 4307 Utrum
1440 4244 1576 4307 haec
1613 4245 1691 4307 sit
1734 4262 1881 4305 vera
1915 4261 1929 4303 ε
1963 4243 2127 4304 Deus
2157 4251 2252 4306 est
2280 4244 2471 4306 homo
2483 4289 2920 4306 .....
2959 4284 2972 4295 ·
3013 4290 3559 4307 ......
3727 4248 3845 4306 293

955 4393 966 4401 .
1044 4344 1122 4405 ΙΙ.
1171 4346 1393 4406 Utrum
1427 4344 1507 4405 sit
1551 4346 1685 4405 haec
1716 4362 1863 4404 vera
1899 4364 1912 4402 ε
1946 4343 2109 4403 Deus
2132 4343 2333 4404 faetus
2372 4348 2465 4404 est
2495 4342 2686 4405 homo
2695 4389 3133 4406 .....
3223 4363 3237 4374 ·
3332 4390 3346 4405 .
3438 4392 3451 4405 .
3546 4391 3559 4403 .
3729 4348 3845 4406 297

1021 4442 1126 4503 111.
1175 4445 1399 4505 Utrum
1435 4444 1567 4506 haec
1594 4445 1674 4505 sit
1705 4462 1889 4504 vera:
1923 4444 2125 4503 Homo
2168 4447 2261 4504 est
2292 4442 2490 4504 factus
2526 4445 2688 4504 Deus
2697 4488 3557 4506 .........
3686 4446 3840 4507 ibid.

1019 4540 1117 4603 lv.
1167 4544 1388 4606 Utrum
1423 4544 1703 4606 Christus
1742 4543 1822 4605 sit
1871 4540 2351 4623 praedestinatus
2409 4561 2540 4604 esse
2572 4544 2762 4604 Filius
2796 4544 2903 4604 Dei
2911 4590 3561 4606 .......
3730 4544 3850 4606 301’

1738 4973 2276 5049 DISTINCTIO
2331 4973 2730 5050 OCTAVA.

641 5304 1005 5377 QUAESTIO
1089 5303 1138 5362 I.
1188 5303 1409 5364 Utrum
1456 5300 1518 5361 in
1549 5298 1799 5361 Christo
1828 5296 1906 5358 sit
1955 5294 2177 5358 filiatio
2219 5294 2406 5360 realis
2454 5294 2535 5356 ad
2589 5294 2877 5368 Matrem,
2911 5293 3034 5355 alia
3088 5313 3122 5355 a
3154 5293 3456 5356 filiatione
3486 5294 3565 5356 ad

1528 5437 3563 5461 ....................
3728 5391 3841 5453 305

1052 5503 1130 5565 11.
1177 5400 1655 5567 Ultssiirmlzeiatio
1687 5497 1916 5560 Christi
1964 5496 2040 5558 ad
2070 5500 2335 5559 Matrem
2360 5494 2440 5557 sit
2469 5494 2692 5556 relatio
2714 5492 3115 5557 accidentalis
3122 5538 3562 5557 .....
3729 5490 3843 5553 306
