4295 6326
595 470 678 537 52
1971 449 2212 517 LIBRI
2260 449 2346 519 11.

595 663 779 718 nere
809 639 1087 714 coelum
1133 632 1643 732 compositum
1686 653 1777 704 ex
1821 625 2139 700 materia

599 770 674 833 et
712 760 980 849 forma,
1018 753 1199 852 quia
1245 751 1321 824 in
1357 745 1935 848 operationibus
1983 742 2143 841 pri-

602 901 746 951 mae
779 874 929 949 diei
964 871 1439 946 fecitcoelum
1474 868 1941 963 Empyreum
1967 884 2142 935 cum

599 991 943 1090 AngeliS,
982 998 1054 1063 et
1089 985 1483 1060 materiam
1520 983 1663 1056 sub
1698 982 1940 1054 forma
1971 1002 2147 1051 con-

602 1107 954 1200 fusioniS,
1027 1112 1101 1178 et
1187 1102 1297 1175 sic
1368 1097 1850 1195 intelligitur,
1937 1093 2143 1192 quod

602 1219 1097 1324 inprincipio
1132 1217 1417 1291 creauit
1475 1215 1688 1289 Deus
1747 1210 2024 1287 eoelum
2079 1216 2154 1283 et

606 1351 916 1425 terram,
946 1337 1222 1410 Genes.
1256 1333 1322 1405 1.
1360 1341 1433 1407 et
1468 1331 1800 1430 primum
1834 1350 2143 1426 corpuS‚

607 1471 680 1535 et
713 1467 976 1557 postea
1023 1450 1380 1553 produxit
1419 1449 1628 1523 Deus
1678 1446 1943 1520 omnia
2000 1444 2151 1518 alia

605 1570 1065 1675 corporalia,
1103 1567 1209 1640 ita
1240 1565 1446 1663 quod
1472 1565 1546 1637 in
1588 1562 1830 1660 primo
1864 1560 1986 1634 die
2015 1558 2154 1633 fuit

620 1691 938 1769 materia
976 1687 1122 1762 sub
1172 1686 1416 1759 forma
1457 1684 1717 1773 chaOS,
1785 1680 1885 1753 ita
1946 1677 2151 1775 quod

608 1814 700 1887 de
762 1811 904 1885 isto
974 1816 1341 1901 tanquam
1398 1800 1489 1874 de
1559 1798 1808 1896 primo
1895 1804 2152 1871 creato

606 1937 873 2029 postea
939 1923 1225 1998 fiebant
1310 1918 1460 1993 alia
1544 1939 1894 2013 corpora,
1976 1935 2153 2010 quae

609 2045 823 2145 prius
855 2049 1073 2116 erant
1129 2037 1273 2112 sub
1306 2035 1550 2108 forma
1598 2028 2147 2106 conclusionis.

610 2162 747 2236 Vel
796 2164 1094 2256 oportet
1148 2152 1400 2226 dicere
1479 2149 1684 2247 quod
1752 2148 1829 2220 in
1909 2145 2154 2246 primo
2254 2220 2258 2222 γ

620 2274 937 2353 instanti
966 2268 1378 2347 creationis
1419 2274 1637 2342 erant
1668 2263 1927 2339 omnia
1977 2286 2159 2360 pro-

613 2396 842 2471 ducta
872 2391 949 2463 in
985 2410 1143 2463 esse
1182 2382 1570 2484 specifico,
1608 2381 1792 2479 quia
1823 2377 2159 2478 postpri-

625 2533 840 2585 mum
883 2507 1179 2581 instans
1212 2499 1620 2576 creationis
1648 2496 1840 2570 nihil
1875 2493 2156 2593 simpli-

614 2629 800 2703 citer
831 2621 1315 2698 causabatur.

298 2763 521 2836 Materia
714 2746 873 2819 Nec
924 2739 1352 2817 secundum
1395 2734 1823 2829 Theologos
1868 2740 1983 2806 est
2022 2754 2163 2829 po-

285 2828 562 2941 coelssitciuae
620 2864 962 2940 nendum
996 2857 1199 2956 quod
1232 2853 1548 2929 materia
1589 2851 1761 2927 coeli
1821 2851 1918 2924 sit
1971 2851 2166 2924 alte-

618 2983 780 3057 rius
821 2976 1139 3053 rationis
1193 2999 1238 3046 a
1297 2969 1618 3046 materia
1679 2968 2159 3060 inferiorum,

618 3098 802 3199 quia
833 3108 1014 3171 tunc
1053 3091 1380 3168 fuissent
1409 3089 1561 3162 duo
1616 3087 1881 3175 chaOS,
1917 3109 2163 3160 unum

613 3245 658 3293 a
698 3216 890 3291 coelo
924 3216 1332 3310 EmpyreO,
1368 3206 1574 3280 aliud
1599 3206 1817 3301 juxta
1848 3204 2164 3300 globum

617 3336 999 3422 lunarem,
1054 3325 1264 3402 aliud
1333 3324 1654 3398 istorum
1710 3320 1789 3393 in
1858 3322 2166 3417 sphaera

616 3449 1071 3524 activorum.
1168 3442 1347 3515 Ideo
1443 3435 2158 3533 incorruptibilitas,

616 3589 849 3664 quam
943 3559 1160 3660 ponit
1245 3556 1681 3650 Theologus
1768 3553 1848 3624 in
1937 3553 2160 3645 coele,

617 3680 1018 3781 {equaliter
1095 3676 1438 3750 salvatur
1532 3694 1671 3769 per
1764 3669 2188 3752 materiam,

618 3799 965 3897 ejusdem
1000 3791 1343 3882 rationiS,
1381 3788 1580 3864 sicut
1605 3809 1742 3884 per
1766 3785 2163 3859 materiam

621 3914 938 3992 alterius
988 3907 1333 4000 rationis,
1414 3903 1597 4002 quia
1672 3910 1889 3977 actus
1956 3900 2166 3974 illius

625 4030 965 4107 materiae
1008 4036 1121 4102 est
1178 4022 1495 4098 alterius
1539 4018 1884 4112 rationiS‚
1931 4042 2160 4117 quam

307 4184 456 4236 una„
485 4186 564 4236 in·
624 4152 721 4225 sit
765 4150 1004 4223 forma
1043 4139 1630 4242 generabilium.
1680 4139 1769 4212 Et
1810 4137 1979 4211 ideo
2023 4160 2165 4233 po—

272 4250 593 4313 ⁰⁰“⁰¹'‘³b⁵‘
626 4276 770 4343 test
812 4274 1050 4339 totum
1085 4255 1593 4357 compositum
1640 4278 1791 4327 non
1837 4277 2004 4328 esse
2048 4276 2164 4327 ca-

269 4312 568 4427 323ἷὲῗὲ
624 4411 770 4486 pax
791 4382 1060 4458 talium
1092 4372 1629 4457 accidentium,
1672 4370 2018 4470 qualium
2048 4378 2164 4445 est

273 4438 573 4493 Doctorem,
622 4502 823 4600 ignis
877 4520 1144 4597 caan,
1191 4503 1419 4589 atque
1466 4489 1636 4564 ideo
1711 4510 1962 4585 neque
2019 4510 2163 4560 coe-

619 4623 777 4694 lum
806 4611 1226 4699 alterabile,
1291 4606 1739 4682 alteratione
1800 4603 2158 4679 tendente

618 4737 711 4812 ad
806 4726 1407 4827 corruptionem,
1502 4745 1753 4821 neque
1818 4732 1931 4796 est
2003 4744 2160 4795 cor-

619 4849 977 4951 ruptibile
1021 4869 1065 4919 a
1101 4852 1253 4918 tota
1291 4849 1566 4915 natura
1607 4848 1887 4931 creata,
1941 4838 2072 4912 sed
2115 4860 2160 4911 a

615 4972 778 5047 solo
810 4967 971 5040 Deo
1019 4968 1265 5061 potest
1319 4957 1705 5053 corrumpi
1766 4955 1858 5030 de
1899 4963 2159 5053 poten-

611 5086 853 5164 tentia
893 5079 1245 5156 ordinata
1285 5073 1451 5149 Dei.
1510 5074 1745 5148 Istum
1806 5073 2157 5147 intellec-

613 5218 774 5281 tum
863 5190 1610 5293 incorruptibilitatis
1683 5189 1854 5264 coeli
1940 5187 2158 5288 ponit

608 5326 1139 5400 Damascenus
1218 5310 1349 5386 lib.
1400 5309 1470 5382 2.
1545 5302 1906 5403 orthfi'd.
1981 5329 2146 5403 cap.

610 5439 729 5516 20.
770 5437 1035 5510 dicens
1074 5427 1279 5527 quod
1313 5422 1593 5500 coelum
1661 5427 2156 5496 conservatur

608 5560 776 5635 Deo
800 5549 1125 5641 volente,
1171 5554 1313 5619 etc.
1352 5543 1780 5638 Elongatur
1829 5536 2032 5613 enim
2105 5564 2153 5614 a

609 5671 953 5774 quolibet
1018 5659 1430 5748 contrarie,
1514 5667 1588 5732 et
1645 5665 1921 5730 natura
1990 5678 2146 5729 non

2250 635 2498 723 potest
2530 625 2607 698 in
2647 625 2900 723 ipsum
2942 645 3217 720 agere3
3256 630 3329 695 et
3387 619 3553 730 istae
3617 625 3797 691 sunt

2251 743 2425 817 duae
2457 766 2713 818 causae
2745 765 2983 841 quare
3017 750 3133 816 est
3160 734 3790 835 incorruptibilis.

2252 860 2401 935 Sed
2435 872 2649 935 estne
2684 862 2827 935 ista
2859 860 3101 933 forma
3155 857 3327 932 coeli
3361 856 3619 931 anima
3659 876 3800 926 sua

2254 1002 2433 1054 secu
2448 979 2680 1052 ndum
2708 977 3133 1073 Theologos
3157 975 3197 1047 ἱ)

2781 1292 3142 1349 SCHOLIUM
3189 1292 3274 1347 lV.

2329 1475 2483 1531 Licet
2542 1476 2897 1547 Augustinus
2953 1475 3265 1545 aliquando
3324 1466 3674 1528 dubitaverit
3732 1489 3802 1526 an

2255 1567 2463 1623 coelum
2504 1573 2653 1622 esset
2684 1567 3048 1638 {animalum,
3089 1571 3281 1619 tamen
3338 1568 3511 1634 negat
3568 1563 3614 1618 ei
3679 1563 3804 1618 ani-

2260 1673 2438 1724 mam,
2472 1654 2614 1711 locis
2649 1656 2741 1710 bic
2774 1654 2981 1723 citatis,
3014 1658 3068 1709 et
3099 1654 3196 1708 lib.
3232 1654 3302 1708 de
3335 1652 3557 1707 duabus
3584 1653 3805 1706 anima·

2259 1745 2366 1802 bus
2398 1762 2447 1801 c.
2485 1747 2536 1799 4.
2570 1750 2626 1800 et
2649 1749 2700 1799 2.
2733 1745 2982 1800 Retract.
3017 1760 3141 1817 cap.
3172 1745 3226 1798 7.
3261 1745 3413 1797 Hier.
3449 1742 3539 1796 blo
3572 1742 3805 1810 citatuS,

2258 1840 2316 1890 et
2344 1852 2472 1906 cap.
2508 1835 2559 1891 4.
2593 1841 2648 1889 et
2680 1835 2766 1890 45.
2807 1838 2864 1890 in
2910 1833 3079 1902 leuia,
3124 1833 3462 1889 Damascen.
3512 1830 3604 1886 bie
3649 1831 3789 1887 cita·

2261 1933 2371 1979 lus.

2359 2137 2787 2236 Dico'quod
2825 2140 3248 2214 secundum
3283 2138 3798 2235 Augustinum

2266 2371 2446 2468 quia
2504 2370 2697 2445 libro
2761 2371 2828 2444 t.
2890 2371 3578 2465 Retraetatz'onum,
3633 2394 3799 2468 cap.

2265 2488 2336 2560 5.
2376 2511 2529 2562 non
2567 2487 3000 2561 retractavit
3041 2488 3417 2581 absolute,
3482 2486 3614 2585 qui
3691 2486 3810 2559 di-

2266 2604 2374 2678 xit
2409 2629 2424 2678 :
2457 2604 2639 2680 Non
2668 2605 2807 2678 hoe
2829 2602 3117 2702 falsum
3147 2628 3305 2678 esse
3336 2604 3533 2698 dim,
3572 2627 3812 2703 neque

2268 2722 2474 2821 qaod
2497 2746 2761 2796 veram
2795 2730 2904 2796 est
2934 2722 3431 2819 reprehende,
3460 2731 3535 2796 et
3562 2733 3810 2796 tamen

2270 2864 2422 2914 non
2468 2841 2806 2914 creditur
2848 2839 3114 2914 fecisse
3157 2841 3440 2914 librum
3485 2850 3653 2937 post
3702 2841 3812 2914 is-

2271 2966 2458 3031 tum.
2492 2956 2862 3030 Similiter
2902 2956 2981 3030 ίη
3013 2956 3476 3030 Enclafriclio
3511 2957 3629 3028 33.
3697 2956 3822 3030 rel

2270 3073 2389 3145 42.
2445 3097 2596 3147 non
2661 3073 2928 3146 habuit
2995 3097 3129 3171 pro
3201 3083 3405 3146 certo
3448 3074 3609 3148 sive
3679 3073 3815 3147 fuit

2271 3189 2585 3277 animal,
2631 3190 2791 3264 sive
2826 3214 3027 3283 non3
3072 3200 3320 3264 tamen
3364 3190 3441 3262 in
3489 3190 3679 3263 libro
3723 3192 3812 3264 de

2271 3309 2474 3383 Vera
2511 3307 2685 3381 Vita
2737 3307 3042 3381 videtur
3107 3332 3393 3406 ponere
3451 3309 3816 3383 determi-

2272 3433 2447 3499 nate
2503 3425 2707 3522 quod
2767 3448 2918 3499 non
2981 3424 3120 3500 fuit
3176 3428 3449 3501 coelum
3516 3426 3817 3500 anima-

2272 3551 2464 3635 tum,
2508 3542 2635 3616 ubi
2660 3543 2841 3615 dicit
2884 3569 2898 3614 ε
2970 3540 3121 3631 Qui
3174 3544 3447 3616 asserit
3495 3567 3816 3640 corpora

2272 3658 2611 3734 coelestz'a
2649 3682 2806 3732 6336
2832 3659 3274 3752 rationalia,
3310 3683 3388 3732 36
3414 3683 3571 3734 6336
3611 3662 3815 3736 irra-

2272 3777 2638 3851 tionalem
2674 3776 3168 3851 demonstrat.
3224 3777 3506 3851 Tamen
3551 3780 3815 3853 exclu-

2272 3893 2476 3966 ditur
2529 3917 2665 3991 per
2735 3895 2906 3986 hoe,
2968 3893 3176 3990 quod
3247 3893 3476 3966 istum
3535 3895 3810 3969 librum

2268 4034 2423 4084 non
2489 4009 2921 4108 composuit
2987 4009 3494 4104 Augustinus,
3564 4014 3675 4085 vel
3747 4015 3810 4086 si

2274 4126 2473 4219 fecit,
2512 4126 2650 4199 fuit
2704 4131 2883 4224 post
2943 4123 3223 4198 libram
3299 4126 3812 4201 Retractatt'o-

2270 4268 2485 4317 nam.
2534 4243 2682 4318 Sed
2716 4243 3270 4332 DamascenuS‚
3310 4268 3476 4341 cap.
3516 4244 3634 4318 20.
3670 4271 3812 4344 po-

2269 4361 2381 4435 nit
2402 4360 2905 4435 determinate
2932 4359 3136 4457 quod
3169 4383 3323 4432 non
3347 4369 3526 4434 sunt
3557 4360 3808 4437 sidera

2268 4479 2657 4570 animata3
2704 4485 2778 4550 et
2818 4475 3341 4572 Hieronymus
3392 4480 3803 4553 concordat

2268 4618 2442 4668 cum
2476 4617 2593 4685 ee,
2630 4615 2794 4689 cap.
2836 4590 2901 4662 1.
2953 4591 3219 4664 Genea.
3254 4591 3319 4663 1.
3357 4593 3376 4613 ’

2265 4828 2373 4901 sic
2417 4850 2553 4924 per
2587 4825 2957 4899 rationem
3008 4847 3023 4896 ε
3061 4823 3400 4897 Materia
3432 4833 3539 4898 est
3567 4851 3808 4925 prop-

2263 4951 2378 5018 ter
2449 4942 2816 5041 formam,
2911 4938 2979 5011 5.
3051 4939 3360 5036 Physic.
3451 4943 3661 5015 Com.
3733 4947 3801 5016 2.

2265 5061 2575 5160 Physic.
2614 5084 2809 5134 com.
2847 5059 2965 5130 26.
3035 5057 3271 5153 igitur
3321 5083 3476 5132 non
3550 5062 3810 5137 unitur

2266 5184 2508 5256 forma
2547 5178 2911 5270 materiae,
2952 5176 3098 5251 nisi
3135 5187 3444 5276 propter
3469 5180 3802 5278 aliquam

2262 5300 2836 5400 perlectionem,
2866 5319 3098 5394 quam
3140 5297 3378 5371 forma
3402 5301 3810 5397 consequi-

2260 5429 2384 5494 tur
2416 5442 2508 5494 ex
2550 5417 2835 5492 unione
2884 5413 3062 5507 ,sed
3107 5436 3431 5512 corpora
3469 5419 3807 5493 coelestia

2258 5561 2413 5612 non
2496 5536 2781 5610 habent
2882 5531 3407 5630 operationem
3496 5536 3807 5610 sensiti-

2257 5678 2430 5729 vam
2482 5678 2497 5740 ;
2545 5649 2778 5749 igitur
2811 5648 2884 5721 in
2925 5649 3138 5722 nullo
3173 5650 3595 5726 deserviret
3636 5677 3804 5729 ma-

3926 2142 4037 2207 10.

2264 2253 2637 2328 dubitatio
2683 2252 2842 2344 suit,
2879 2253 2942 2327 si
2971 2256 3251 2328 coelum
3296 2253 3435 2327 fuit
3481 2253 3796 2346 animal,
3832 2258 4177 2372 ii‘ifflauu‘i'uffi.

3831 4594 3853 4617 ·
3870 4593 4003 4643 vide
4025 4609 4232 4648 enm-

3834 4657 3957 4705 dem
4004 4672 4087 4708 su
4103 4676 4236 4722 per

2365 4708 2732 4784 Similiter
2777 4706 3016 4803 aliqui
3079 4706 3430 4781 nituntur
3477 4711 3799 4806 probare
3839 4719 4204 4831 fffiifflum’

3980 4846 4051 4895 ti.

4092 4802 4235 4840 (3oe-
