4295 6326
121 1828 265 1877 Vide
306 1826 430 1876 Alb.

131 1891 278 1953 Mag.
313 1892 407 1940 hie

147 1957 196 2001 d.
232 1948 286 2003 3.
316 1958 373 2002 et

138 2016 400 2066 Richard.

104 2081 434 2143 quodi-⁴.q.

133 2146 176 2191 5.
206 2148 310 2190 art.
352 2144 398 2190 1.

106 2744 347 2795 Resellitu
358 2757 405 2791 r.

107 2811 401 2922 Prinna-ra·

108 3795 163 3842 ln
197 3808 427 3850 genera·

128 3863 269 3904 hone
308 3871 407 3905 na·

104 3921 260 3969 tutati
310 3922 407 3969 ali·

134 3984 260 4046 qnid
287 3998 405 4032 eor·

128 4048 413 4109 rumpitur.

1543 444 1781 550 olsr„
1816 480 1970 551 ΧΠ.
2023 480 2441 561 QUAESTIO
2492 482 2546 553 1.
3647 484 3686 552 s

465 662 724 741 natur,
792 677 947 728 non
1004 654 1331 754 acquirit
1393 678 1666 730 novam
1731 653 2026 728 realita-

2228 653 2378 728 Sed
2497 653 2774 730 dicitur
2879 654 3005 729 hic
3120 655 3326 753 quod
3455 675 3684 729 omne
3842 683 3910 751 3,

464 776 652 862 tem,
725 769 888 845 sive
950 771 1342 847 entitatem
1409 771 1637 847 aliam
1721 769 2028 846 realiter
2132 792 2372 865 agens
2445 773 2796 846 naturale
2916 770 3236 870 requirit
3321 767 3530 846 aliud
3605 769 3681 842 in
3749 797 4007 867 objectio.

465 887 565 961 ab
654 887 845 985 ipsa,
929 888 1061 963 sed
1144 888 1542 987 perficitur
1624 888 1701 963 in
1781 888 2024 986 gradu

466 1027 636 1078 suae
696 1004 1027 1102 propriae
1088 1005 1426 1081 entitatis
1491 1030 1667 1081 cum
1760 1003 2030 1080 termi-

466 1128 725 1192 natur.
789 1119 900 1194 Ita
979 1119 1256 1195 dicitur
1313 1120 1517 1219 quod
1608 1122 1850 1196 torma
1914 1129 2029 1195 est

468 1235 852 1309 terminus
939 1235 1402 1313 intrinsecus
1488 1237 1857 1331 materiae,
1956 1247 2029 1312 et

468 1350 645 1426 ideo
738 1376 899 1427 rem
977 1353 1314 1452 aliquam
1406 1356 1758 1453 generari
1872 1379 2026 1428 non

468 1477 587 1543 est
669 1469 816 1543 nisi
914 1470 1310 1546 materiam
1406 1471 1671 1571 perfici
1761 1470 2031 1571 acqui·-

469 1587 713 1661 rendo
761 1587 1084 1683 gradum
1141 1588 1642 1665 intrinsecum
1699 1590 2030 1689 propriae

467 1725 639 1777 suae
717 1702 1078 1778 entitatis.
1994 1806 1997 1809 η

570 1818 714 1891 ΑΙίἰ
829 1829 1082 1894 autem
1188 1822 1530 1898 dicentes
1636 1824 2028 1898 materiam

470 1959 631 2008 non
677 1934 980 2011 differre
1022 1961 1067 2011 a
1131 1940 1399 2034 forma,
1462 1939 1730 2015 dicunt
1787 1950 2033 2015 mate-

472 2050 674 2123 riam
791 2050 1161 2149 proficere
1276 2054 1354 2128 in
1460 2057 1780 2130 formam
1886 2058 2030 2131 sub

468 2170 847 2264 gradibus
914 2195 1075 2246 suae
1164 2173 1563 2268 entitatis;
1648 2186 1719 2250 et
1789 2185 2034 2251 mate·-

468 2286 585 2359 ria
694 2296 776 2359 ut
855 2298 970 2361 est
1068 2289 1212 2363 suh
1291 2292 1435 2364 hoc
1520 2292 1850 2366 termino
1910 2292 2034 2366 in-

466 2401 837 2496 trinsecO,
931 2413 1005 2478 et
1080 2406 1618 2504 compositum,
1689 2420 1775 2483 ut
1847 2433 2030 2485 vero

464 2528 588 2593 est
674 2519 817 2593 suh
920 2521 1068 2594 alio
1169 2523 1491 2597 termino
1581 2524 2026 2620 intrinsecO,

462 2645 544 2708 et
605 2634 817 2708 aliud
875 2637 1409 2735 compositum.

571 2749 884 2844 Contra,
950 2775 999 2824 1.
1068 2752 1300 2850 Phys.
1364 2764 1549 2829 text:
1623 2779 1820 2830 com.
1905 2758 2023 2830 60.

464 2875 544 2941 et
614 2866 863 2964 primo
946 2867 1038 2941 de
1121 2880 1461 2965 generat,
1560 2881 1737 2946 text.
1808 2897 2023 2947 com.

460 2981 590 3054 23.
666 2991 741 3056 et
816 2982 933 3055 12.
1016 2982 1357 3084 Metaph.
1441 2995 1623 3061 text.
1692 3012 1886 3064 com.
1953 2991 2022 3063 6.

460 3109 542 3175 et
615 3098 731 3172 10.
840 3097 1079 3177 Omne
1149 3126 1377 3201 aqens
1461 3105 1814 3183 naturale
1894 3107 2030 3184 ali-

458 3216 663 3313 quid
743 3220 1185 3316 corrumpit,
1262 3226 1335 3294 et
1393 3221 1696 3321 aliquid
1744 3224 2029 3322 produ-

457 3334 575 3406 cit
628 3334 713 3408 in
789 3336 1280 3431 qeneratione
1347 3339 1693 3415 naturali
1742 3368 1769 3426 ‚·
1844 3367 2025 3440 ergo

457 3459 769 3546 oportet
836 3448 1049 3548 prius
1133 3475 1299 3528 esse
1360 3454 1649 3552 aliquid
1718 3467 2027 3534 contra-

460 3566 670 3639 rium
752 3565 826 3639 in
897 3570 1365 3663 generando.
1438 3573 1547 3645 Ex
1614 3574 1759 3649 hoc
1823 3576 2026 3650 acci-

461 3684 580 3781 pit
687 3682 1133 3762 Aristoteles
1248 3687 1375 3761 ubi
1479 3713 1714 3789 supra
1814 3691 2024 3766 illam

461 3798 1075 3897 propositionem
1151 3825 1166 3876 :
1280 3801 1522 3879 Omne
1615 3807 1821 3904 quod
1904 3807 2020 3905 fit,

464 3938 571 3990 ex
646 3917 987 4013 opposito
1043 3915 1195 4015 fit‚·
1258 3921 1390 3995 sed
1461 3947 1702 3997 unum
1782 3949 2027 4025 oppo-

465 4033 796 4107 sitorum
918 4057 1072 4108 non
1196 4034 1280 4110 fit
1381 4039 1644 4134 aliud3
1752 4042 2023 4117 albedo

464 4150 679 4225 enim
744 4175 899 4225 non
977 4150 1062 4226 fit
1118 4155 1466 4252 nigredo,
1550 4183 1802 4258 neque
1852 4184 2027 4235 con-

462 4267 731 4341 cordia
783 4265 867 4340 fit
918 4292 1012 4343 ex
1069 4270 1504 4367 discordia3
1566 4298 1749 4374 ergo
1809 4301 2025 4376 opor·

460 4393 573 4457 tet
631 4383 921 4481 aliquid
983 4409 1392 4464 commune
1453 4415 1765 4467 manere
1815 4393 2023 4468 aliud

463 4500 613 4574 suh
698 4508 1023 4599 utroque
1110 4505 1642 4595 terminorum,
1705 4511 1795 4584 Et
1879 4512 2023 4585 hoc

464 4628 584 4691 est
703 4618 811 4692 sic
933 4643 1255 4718 arguere
1320 4647 1335 4698 τ
1431 4626 1673 4701 Omne
1787 4651 2025 4725 agens

462 4734 820 4808 naturale
953 4737 1280 4836 requirit
1400 4742 1817 4840 potentiam
1943 4744 2023 4819 in

466 4873 705 4947 quam
802 4852 985 4948 agit,
1098 4864 1172 4929 et
1286 4857 1488 4932 illam
1603 4862 2024 4959 potentiam

466 4977 932 5043 transmutat
985 4971 1078 5046 de
1118 4975 1495 5072 opposito
1558 4977 1633 5050 in
1712 4978 2024 5077 opposi-

467 5094 629 5157 tum
675 5113 697 5178 3
761 5088 1198 5184 oppositum
1258 5101 1512 5167 autem
1576 5118 1730 5169 non
1785 5105 2027 5172 trans-

467 5201 709 5274 fertur
776 5202 885 5275 sic
963 5202 1039 5277 in
1106 5209 1573 5306 oppositum,
1647 5211 1751 5287 ita
1817 5214 2022 5310 quod

464 5316 660 5390 nihil
755 5331 1145 5397 remaneat
1220 5348 1630 5403 commune
1720 5329 2023 5428 utrique

464 5431 1027 5531 oppositorum,
1107 5463 1263 5516 non
1331 5443 1537 5517 enim
1606 5444 1876 5520 albedo
1941 5444 2025 5520 fit

468 5548 793 5647 nigredo
840 5578 859 5644 3
919 5577 1097 5652 ergo
1138 5556 1429 5656 aliquid
1481 5562 2024 5660 praesupponi-

466 5676 618 5761 tur,
665 5667 878 5767 quod
938 5680 1183 5768 potest
1248 5673 1424 5764 dici,
1497 5678 1642 5752 hoc
1701 5676 1786 5751 fit
1844 5681 2014 5754 hoc.

2134 885 2340 984 quod
2432 893 2633 982 agat,
2742 895 2815 962 et
2907 887 3113 961 aliud
3219 897 3333 963 est
3443 896 3686 962 totum

2135 1002 2817 1100 corrumpendum,
2968 1027 3120 1077 non
3260 1003 3692 1101 subjectum

2141 1142 2463 1194 manens
2542 1118 2743 1194 idem
2832 1120 2976 1193 sub
3054 1129 3377 1218 utroque
3443 1118 3698 1194 termi-

2137 1258 2445 1329 norum,
2509 1218 2642 1310 sed
2703 1235 2957 1333 ipsum
3013 1236 3694 1334 corrumpendum,

2138 1351 2344 1449 quod
2421 1375 2577 1426 non
2651 1363 2909 1427 manet
2982 1352 3211 1428 idem.
3286 1352 3450 1427 Hoc
3516 1376 3703 1427 con-

2136 1465 2490 1542 firmatur
2594 1492 2729 1568 per
2835 1469 3324 1545 Aristotelem
3438 1496 3487 1543 1.
3604 1470 3698 1545 de

2143 1582 2498 1658 Generat.
2560 1591 2744 1659 leoet.
2817 1585 2932 1658 10.
3001 1592 3076 1660 et
3136 1585 3255 1659 23.
3333 1584 3462 1660 ubi
3519 1584 3705 1660 dicit

2139 1700 2345 1799 quod
2433 1703 2825 1798 generatio
2903 1701 3152 1778 differt
3240 1703 3336 1778 ab
3420 1704 3704 1778 altera-

2138 1817 2375 1906 tione,
2470 1819 2654 1916 quia
2737 1819 2815 1892 in
2883 1818 3380 1916 generatione
3456 1829 3699 1893 totum

2138 1934 2412 2009 transit
2503 1934 2581 2009 in
2662 1943 2929 2030 totum,
3010 1936 3142 2011 sed
3249 1935 3324 2009 in
3420 1937 3704 2011 altera-

2136 2050 2346 2126 tione
2429 2074 2606 2149 pars
2695 2050 2967 2126 transit
3057 2051 3135 2125 in
3205 2060 3527 2150 partem,
3628 2061 3702 2126 et

2139 2168 2244 2243 ita
2317 2191 2493 2243 cum
2567 2175 2682 2244 'ex
2749 2192 2953 2266 aqua
3044 2180 3459 2266 generatur
3538 2193 3696 2264 aer,

2138 2294 2296 2359 tota
2358 2296 2562 2384 aqua
2620 2286 2893 2360 transit
2949 2285 3029 2358 in
3099 2294 3342 2361 totum
3413 2309 3696 2377 aerem,

2139 2411 2213 2477 et
2282 2425 2432 2475 non
2507 2411 2763 2477 manet
2852 2401 3143 2501 aliquid
3208 2402 3405 2476 idem
3486 2426 3702 2476 com-

2143 2543 2403 2613 mune,
2520 2519 2651 2594 sed
2749 2528 2993 2594 totum
3097 2528 3213 2594 est
3320 2518 3700 2595 terminus

2138 2659 2186 2710 a
2269 2658 2442 2732 quc,
2525 2644 2597 2710 et
2654 2643 2899 2709 totum
2983 2645 3100 2709 est
3158 2636 3534 2710 terminus
3601 2634 3707 2710 ad

2139 2774 2390 2849 quem.
2464 2748 2685 2825 Unde
2771 2773 3010 2847 agens
3079 2752 3427 2825 naturale
3496 2776 3700 2850 prae-

2138 2867 2508 2968 supponit
2600 2892 2913 2967 passum
3054 2867 3132 2942 in
3229 2869 3435 2967 quod
3512 2869 3694 2967 agit,

2138 2995 2212 3059 et
2329 2986 2474 3060 hoc
2585 3008 2898 3083 passum
3004 2995 3118 3060 est
3218 2994 3693 3084 corruptum,

2137 3125 2294 3177 non
2406 3112 2662 3177 tamen
2785 3100 3180 3201 passivum
3285 3126 3697 3179 commune

2139 3219 2444 3317 utrique
2569 3219 3098 3314 terminorum,
3217 3219 3401 3319 quia
3501 3220 3698 3295 nihil

2135 3360 2547 3412 commune
2618 3337 2769 3411 tale
2856 3348 3137 3431 manet,
3200 3336 3386 3436 quia
3452 3347 3696 3413 totum

2133 3453 2461 3529 vertitur
2518 3453 2598 3527 in
2653 3462 2926 3527 totum.

2234 3571 2542 3665 Contra,
2634 3569 2848 3669 prius
2927 3580 3204 3646 natura
3287 3581 3361 3645 et
3426 3570 3696 3647 ordine
3728 3579 4038 3635 Retutatur.

2135 3688 2789 3787 corrumpendum
2849 3688 3369 3787 corrumpitur
3459 3711 3693 3787 quam

2134 3805 2481 3903 genitum
2571 3815 3047 3902 generatur3
3119 3828 3301 3902 ergo
3392 3806 3470 3879 in
3562 3806 3692 3881 illo

2134 3925 2452 4000 instanti
2541 3935 2866 4017 naturae,
2958 3923 3032 3996 in
3114 3947 3266 4021 quo
3349 3925 3694 4021 genitum

2134 4051 2576 4138 generatur,
2650 4040 2844 4114 nihil
2906 4041 3536 4140 praesupponitur
3585 4064 3702 4116 ac-

2138 4155 2324 4230 tioni
2422 4155 2891 4252 generantiS,
2972 4180 3150 4230 cum
3236 4166 3491 4232 tamen
3573 4156 3704 4231 illa

2133 4272 2230 4347 sit
2284 4272 2539 4366 verior
2588 4281 2660 4346 et
2713 4273 3119 4369 perfectior
3176 4272 3402 4366 acti0,
3466 4295 3700 4370 quam

2134 4389 2523 4489 corruptio
2637 4390 3114 4487 proecedenS,
3233 4411 3408 4487 quae
3535 4398 3698 4463 erat

2133 4510 2288 4584 alia
2361 4509 2557 4588 actio
2625 4509 2836 4607 prior
2890 4509 3186 4603 ordine,
3259 4518 3332 4584 et
3388 4509 3494 4583 ita
3554 4508 3697 4582 ali-

2134 4625 2319 4724 quid
2397 4625 2953 4723 produceretur
3010 4626 3101 4700 de
3172 4626 3442 4699 nihilo.

2233 4751 2460 4827 Dices
2574 4753 2777 4850 quod
2885 4752 3308 4850 producere
3400 4749 3694 4849 aliquid
3849 4750 3916 4818 4.

2133 4865 2227 4940 de
2313 4863 2559 4939 nihilo
2618 4876 2732 4940 est
2801 4864 3237 4964 dupliciter,
3310 4866 3435 4938 vel
3511 4864 3695 4962 quia
3746 4868 4025 4920 mannua.

2134 5006 2289 5056 non
2382 4983 2474 5057 de
2565 4992 2777 5081 parte
2873 4983 3464 5082 praesupposita,
3570 4985 3692 5058 vel

2136 5099 2321 5194 quia
2372 5122 2529 5172 non
2585 5098 2677 5173 de
2709 5099 3038 5174 termino
3093 5099 3689 5199 praesupposito,

2133 5224 2209 5289 et
2273 5215 2405 5289 illo
2477 5216 2699 5290 modo
2763 5240 2913 5292 non
2974 5217 3329 5314 producit
3382 5216 3694 5314 aliquod

2136 5355 2373 5430 agens
2442 5342 2782 5408 creatum
2853 5333 2946 5409 de
3014 5334 3285 5428 nihilo,
3358 5334 3492 5409 sed
3571 5358 3697 5409 ne-

2134 5448 2466 5523 cessario
2569 5449 2908 5547 aliquid
2989 5441 3582 5550 'praesupponit
3669 5478 3689 5543 3

2134 5564 2344 5640 Deus
2403 5573 2661 5641 autem
2726 5565 2920 5661 nihil
2982 5565 3537 5666 praesupponit.

2232 5682 2535 5776 Contra,
2618 5706 2845 5760 omne
2922 5707 3161 5781 agens
3247 5683 3544 5759 habens
3609 5681 3688 5757 in
3724 5685 4016 5740 noscimur.
