4295 6326
1479 422 1707 492 DIST.
1760 419 1881 487 111.
1934 416 2353 497 QUAESTIO
2403 417 2490 484 ll.

421 599 695 691 cendn,
810 624 942 696 eqo
1021 608 1092 675 te
1154 600 1458 696 baptizo
1514 599 1592 671 in
1661 594 1975 669 nomine

429 714 744 808 Christi,
784 726 856 789 et
942 717 1248 791 videtur
1306 713 1508 812 quod
1579 713 1715 805 sic,
1762 710 1968 809 quia,

423 839 505 904 ut
531 840 739 927 patet
772 855 908 929 per
938 832 1463 920 Ambrosium,
1517 840 1587 904 et
1641 826 1972 903 sumitur

415 946 589 1020 Act.
638 948 707 1019 2.
746 955 821 1021 et
855 949 971 1022 14.
1011 948 1427 1047 aliquando
1461 946 1605 1021 sub
1647 944 1789 1018 ista
1824 943 1971 1015 for-

420 1085 544 1135 ma
577 1064 1115 1139 conferebatur
1155 1064 1621 1162 BaptismuS,
1671 1083 1809 1134 nec
1858 1060 1970 1132 le-

415 1179 672 1274 gimus
739 1181 1024 1256 alicubi
1113 1205 1464 1280 expresse
1530 1177 1733 1278 quod
1801 1177 1968 1274 ipsa

416 1293 647 1368 fuerit
707 1305 1066 1372 revocata
1107 1325 1126 1390 3
1164 1320 1345 1394 ergo
1403 1295 1706 1369 videtur
1760 1291 1965 1389 quod

416 1410 668 1484 adhuc
703 1412 848 1486 sub
888 1412 1054 1510 ipsa
1085 1412 1328 1512 possit
1384 1408 1713 1487 conferri
1760 1410 1966 1506 Bap-

416 1527 665 1602 tisma.

90 1656 349 1769 Christtgls
514 1645 728 1735 Item,
764 1645 945 1719 dicit
975 1646 1342 1742 Magister
1365 1646 1444 1719 in
1476 1645 1726 1718 littera
1756 1641 1960 1740 quod

78 1733 361 1846 3333&ss
415 1760 763 1836 Christus
797 1772 909 1837 est
941 1764 1141 1838 idem
1178 1788 1351 1837 cum
1387 1773 1542 1837 tota
1564 1761 1954 1845 Trinitate‚

50 1848 368 1959 tresnxgso-
415 1890 489 1952 et
529 1904 665 1977 per
697 1880 1084 1956 Christum
1120 1881 1571 1978 intelligitur
1627 1902 1952 1975 ungenS,

415 2006 763 2085 unctum,
812 2009 885 2073 et
922 1999 1180 2073 unctio
1222 1999 1411 2097 ipsa.

182 2138 245 2205 8,
512 2115 661 2189 Sed
696 2117 818 2190 hic
852 2110 1121 2191 dubito
1159 2141 1254 2191 an
1291 2116 1464 2215 quis
1516 2126 1716 2191 esset
1765 2117 1956 2212 bap-

412 2232 684 2305 tizatus
760 2231 1230 2309 sufficienter
1282 2234 1562 2308 virtute
1631 2233 1950 2307 istorum

407 2349 847 2436 verborum,
885 2374 1018 2447 eqo
1061 2357 1131 2424 le
1173 2348 1475 2448 baptizo
1511 2351 1590 2424 in
1640 2350 1953 2423 nomine

413 2464 724 2558 Christi,
764 2467 944 2564 quia
986 2468 1247 2540 nullus
1294 2475 1540 2564 potest
1592 2488 1950 2541 revocare

405 2583 653 2680 legem
712 2594 1071 2659 statutam
1148 2610 1191 2660 a
1269 2584 1665 2683 superiore
1751 2584 1945 2682 ejuS,

408 2724 549 2773 nec
616 2702 816 2774 ultra
876 2711 1177 2798 tempus
1255 2701 1780 2799 dispensatum
1854 2700 1949 2773 ab

408 2842 521 2902 e0,
568 2818 670 2891 uti
745 2818 1316 2916 dispensatione
1376 2819 1568 2916 ejus.
1602 2818 1950 2892 Christus

407 2934 735 3008 instituit
798 2936 1279 3033 Baptismum
1353 2936 1543 3027 dari,
1617 2958 1769 3009 non
1870 2934 1948 3007 in

406 3051 719 3126 nomine
762 3076 930 3141 suo,
979 3053 1109 3126 sed
1180 3052 1255 3125 in
1324 3051 1634 3126 nomine
1718 3051 1951 3126 totius

404 3168 789 3242 Trinitatis
883 3169 1263 3266 explicite,
1317 3169 1467 3242 nisi
1538 3170 1725 3243 forte
1813 3193 1950 3266 pro

411 3296 749 3384 tempore
811 3298 1044 3375 cert0,
1095 3300 1168 3364 et
1221 3312 1452 3362 causa
1485 3289 1946 3383 necessaria,

407 3413 487 3476 ut
521 3404 1051 3500 divulgaretur
1082 3429 1362 3479 nomen
1397 3405 1675 3479 Christi
1712 3434 1729 3499 3
1768 3429 1949 3502 ergo

405 3521 716 3594 nomine
778 3521 1055 3595 Christi
1119 3521 1541 3617 divulgato,
1588 3533 1660 3597 et
1717 3547 1951 3599 causa

36 3669 355 3742 papusmps
403 3648 777 3726 cessante,
877 3662 1028 3711 non
1155 3648 1479 3737 possunt
1577 3641 1946 3738 Apostoli,

36 3745 369 3843 mcssss'ffl'ffffl
403 3778 575 3828 cum
636 3754 919 3851 quibus
1013 3754 1538 3852 dispensatum
1639 3757 1774 3830 fuit
1855 3758 1946 3831 ad

53 3856 349 3980 tfflffiffgg
403 3882 708 3968 tempus
744 3870 813 3943 in
862 3872 1174 3946 nomine
1220 3872 1499 3946 Christi
1540 3874 1948 3971 baptizare,

30 3982 373 4097 22¹ss22¹502³²
404 3997 477 4063 et
516 3998 686 4085 post
727 3988 913 4062 illud
972 3997 1277 4086 tempus
1349 3990 1661 4064 formam
1726 3991 1947 4065 insti-

401 4115 638 4180 tutam
710 4129 754 4180 a
817 4104 1144 4192 ChristO,
1202 4106 1327 4181 ubi
1399 4106 1946 4183 invocarentur

399 4245 753 4320 personae
792 4222 1207 4315 Trinitatis,
1244 4223 1680 4319 aliqualiter
1735 4250 1945 4301 revo-

398 4360 597 4412 care.
648 4340 736 4411 Et
765 4337 937 4412 ideo
966 4337 1029 4412 si
1064 4362 1270 4412 nunc
1317 4338 1597 4435 aliquis
1644 4350 1945 4416 tenere-

396 4461 521 4525 tur
560 4477 652 4527 ex
685 4452 936 4527 officio
980 4453 1174 4528 scire
1248 4454 1565 4527 [ormam
1635 4456 1944 4530 institu-

394 4577 547 4642 tam
582 4591 623 4641 a
664 4568 993 4654 Christo,
1041 4579 1114 4641 et
1153 4568 1572 4666 baptizaret
1605 4571 1938 4668 aliquem

394 4683 471 4757 in
516 4686 828 4758 nomine
873 4685 1185 4777 Christi,
1255 4709 1397 4781 ego
1438 4687 1666 4760 credo
1735 4692 1940 4785 quod

396 4802 586 4874 nihil
638 4804 920 4876 faceret
978 4801 1052 4875 in
1108 4802 1389 4876 virtute
1432 4803 1936 4880 Sacramenti.

492 4919 573 4993 Si
632 4930 883 4994 autem
942 4918 1076 4992 fiat
1142 4920 1462 4995 variatio
1514 4924 1937 4996 secundum

395 5038 896 5134 quantitatem
980 5038 1329 5111 addendo
1398 5039 1763 5136 aliquam,
1819 5044 1939 5115 vel

395 5155 845 5231 dimittendo
881 5154 1167 5252 aliquid
1197 5179 1285 5229 ex
1313 5155 1503 5249 istis,
1532 5157 1699 5231 dico
1735 5160 1937 5255 quod

396 5274 456 5349 si
502 5274 789 5371 aliquid
826 5273 1148 5347 addatur
1201 5298 1645 5372 repugnans
1687 5277 1942 5351 verbis

393 5389 976 5489 principalibuS,
1012 5391 1130 5463 vel
1195 5389 1636 5465 diminuens
1706 5394 1943 5467 verba

393 5506 549 5596 illa,
620 5505 810 5579 nihil
883 5503 993 5597 fit,
1066 5504 1247 5601 quia
1341 5530 1496 5579 non
1593 5516 1942 5581 servatur

394 5624 659 5698 forma.

3505 411 3628 477 581

2185 592 2341 666 Nec
2383 591 2605 665 video
2660 583 2865 687 quod
2917 589 3201 664 dictum
3246 583 3629 659 Ambrosii

2085 708 2160 781 in
2200 709 2449 782 littera
2489 708 2584 782 sit
2642 708 2990 782 absolute
3041 727 3308 780 verum
3355 703 3445 777 de
3517 700 3630 774 di-

2087 824 2481 917 missione,
2528 849 2700 899 cum
2738 823 2918 899 dicit
2986 822 3191 919 quod
3252 820 3312 894 si
3348 815 3629 915 aliquis

2081 942 2598 1039 baptizaretur
2630 941 2702 1013 in
2740 940 3050 1013 nomine
3103 938 3331 1011 unius
3363 958 3628 1033 perso-

2080 1083 2323 1153 sonoe,
2369 1058 2786 1137 dummodo
2867 1082 3019 1132 non
3074 1058 3273 1130 male
3339 1053 3627 1128 sentia-

2077 1185 2204 1249 tur
2234 1176 2326 1249 de
2369 1175 2566 1269 aliis,
2630 1174 2833 1271 quod
2885 1197 3064 1249 vere
3134 1180 3334 1246 esset
3391 1170 3626 1268 bapti-

2077 1302 2316 1366 zatus.
2412 1294 2500 1365 Et
2603 1291 2774 1365 ideo
2879 1290 3384 1390 exponendus
3480 1296 3618 1378 est,

2076 1421 2150 1484 et
2191 1409 2600 1485 dicendum
2679 1409 2884 1507 quod
2939 1408 3002 1482 si
3079 1431 3271 1506 puer
3338 1405 3627 1503 expira-

2075 1536 2189 1602 ret
2211 1527 2410 1602 dicto
2458 1529 2538 1602 in
2594 1529 2908 1603 nomine
2945 1526 3237 1619 Patria,
3287 1525 3624 1599 creditur

2074 1645 2280 1742 quod
2305 1646 2515 1719 Deus
2547 1669 2637 1719 ex
2664 1643 3190 1719 misericordia
3223 1641 3616 1716 residuum

2071 1763 2501 1860 supplebit;
2548 1764 2681 1837 sed
2728 1762 2785 1837 si
2833 1761 3206 1837 Sacerdos
3256 1770 3436 1833 tunc
3497 1783 3618 1833 ex-

2067 1882 2381 1979 piraret,
2438 1893 2510 1956 et
2565 1904 2756 1978 puer
2810 1879 3363 1977 superviveret,
3416 1886 3618 1952 esset

2068 1998 2324 2072 denuo
2358 1997 2883 2096 baptizandus.

2167 2116 2275 2190 De
2353 2115 2524 2189 aliis
2609 2113 3164 2188 mutationibus
3262 2135 3609 2185 corrum-

2064 2233 2316 2331 pendo
2351 2232 2610 2321 verba,
2657 2232 2771 2305 vel
2809 2238 3163 2327 corrupte
3215 2229 3601 2327 proferen-

2063 2352 2159 2425 do
2223 2374 2356 2449 per
2424 2348 2735 2423 modum
2807 2347 3253 2423 mutationis
3323 2347 3418 2420 ab
3475 2344 3613 2420 ubi

2062 2492 2237 2567 quae
2280 2467 2462 2543 alibi
2493 2469 2538 2540 ⁶.

2159 2591 2265 2663 Ad
2328 2588 2651 2687 primam
2712 2586 3083 2661 rationem
3152 2585 3229 2658 in
3300 2583 3608 2683 opposi-
3681 2634 3906 2696 etseqq.

2060 2716 2253 2799 tum,
2299 2705 2467 2779 dico
2501 2705 2707 2802 quod
2753 2703 2984 2777 verba
3017 2726 3168 2775 non
3206 2711 3386 2776 sunt
3431 2728 3608 2800 pro-
3769 2724 3833 2790 9,

2062 2824 2225 2922 prie
2300 2824 2538 2897 [orma
2602 2820 3003 2919 Baptismi,
3067 2820 3200 2893 sed
3305 2830 3599 2895 tantum
3666 2812 3928 2926 nffffg‘r,

2061 2942 2548 3041 appropriate
2629 2941 3013 3037 loquendo
3086 2941 3601 3037 comparando
3672 2944 3911 3002 gument.

2061 3062 2229 3158 ipsa
2258 3060 2351 3134 ad
2394 3082 2700 3156 aquam,
2739 3068 2817 3132 ut
2874 3058 2968 3131 ad
3031 3066 3321 3155 partem
3379 3067 3605 3132 mate-

2062 3179 2198 3253 riae
2229 3177 2487 3251 minus
2517 3177 3049 3274 principalem.

2159 3295 2270 3369 Ad
2355 3293 2778 3368 secundum
2866 3292 3035 3367 dico
3124 3293 3330 3392 quod
3437 3285 3602 3367 haec
3635 3321 3715 3371 Aa
3760 3336 3955 3374 secun-

2062 3412 2304 3487 oratio
2346 3434 2483 3507 pro
2535 3419 2690 3484 toto
2763 3418 3100 3507 tempore
3152 3409 3603 3507 prolationis
3726 3386 3871 3437 ‘¹⁰⁰³'

2061 3529 2503 3613 verborum,
2588 3550 2727 3601 nec
2783 3536 2896 3600 est
2948 3549 3159 3620 vera,
3205 3549 3344 3600 nec
3389 3526 3601 3621 salsa,

2063 3645 2193 3721 sed
2287 3653 2584 3737 neutra,
2671 3651 2748 3716 ut
2826 3644 3104 3717 habeat
3205 3642 3600 3717 veritatem

2062 3785 2280 3836 suam
2322 3769 2609 3834 tantum
2654 3759 2732 3831 in
2778 3760 3046 3833 ultimo
3096 3758 3405 3832 instanti
3440 3782 3607 3855 pro-

2063 3878 2369 3952 lationis
2438 3900 2731 3951 eorum.
2839 3875 2946 3949 De
3072 3877 3216 3949 hoc
3310 3875 3606 3949 dicetur

2059 3993 2380 4068 inferius
2423 3994 2500 4067 ίη
2543 3992 2867 4066 materia
2904 3991 3450 4066 Eaclzarz‘sliae.

2155 4111 2395 4185 Aliter
2477 4121 2728 4184 tamen
2836 4118 3083 4205 potest
3167 4108 3311 4181 dici
3395 4110 3597 4205 quod
3649 4122 3921 4174 Aurorma

2061 4231 2226 4303 haec
2259 4227 2540 4302 creatio
2585 4235 2808 4323 prout
2847 4235 2960 4300 est
2993 4249 3199 4317 vera,
3227 4226 3599 4300 estlorma
3651 4191 3930 4312 3332&ss

2058 4344 2458 4441 Baptismi,
2504 4353 2572 4417 et
2644 4352 2824 4415 tunc
2906 4342 2994 4416 ad
3069 4342 3597 4438 probationem

2056 4461 2227 4533 dico
2262 4460 2463 4556 quod
2495 4458 2625 4532 illa
2665 4458 2954 4532 ablutio
2989 4468 3102 4532 est
3133 4459 3343 4555 prior
3397 4458 3602 4532 veri-

2055 4585 2207 4650 tate
2252 4575 2470 4648 istius
2513 4573 3083 4670 propositionis,
3121 4599 3252 4670 eqo
3304 4581 3374 4648 le
3428 4574 3602 4671 bap-

2056 4693 2236 4776 tizo,
2279 4703 2420 4766 etc.
2460 4716 2501 4763 a
2543 4691 2765 4785 cujus
2806 4691 3123 4765 veritate
3185 4692 3414 4765 habet
3473 4690 3602 4765 illa

2056 4807 2477 4907 propositio
2512 4830 2726 4881 suam
2775 4807 3200 4899 veritatem,
3231 4807 3412 4903 quia
3438 4809 3600 4882 haec

2055 4926 2477 5024 propositio
2504 4924 2792 4999 nullam
2818 4925 3287 4998 ablutionem
3318 4926 3596 5022 signat,

2058 5067 2199 5118 nec
2244 5045 2408 5116 haec
2442 5042 2729 5115 ablutio
2786 5053 2898 5115 est
2957 5041 3538 5116 Sacramentum
3580 5071 3594 5128 ;

2056 5161 2186 5234 sed
2225 5169 2404 5233 tunc
2466 5167 2579 5234 est
2642 5162 3251 5245 Sacramentum,
3291 5160 3598 5257 quando

2054 5273 2136 5348 fit
2171 5275 2249 5347 in
2310 5298 2509 5371 aqua
2551 5297 2722 5348 cum
2759 5274 3044 5367 verbiS,
3078 5283 3151 5348 et
3189 5274 3360 5348 ideo
3409 5275 3600 5348 veri-

2059 5400 2170 5465 tas
2205 5391 2424 5465 istius
2458 5391 3002 5490 propositionis
3057 5416 3207 5465 non
3252 5392 3601 5490 sequitur

2056 5508 2668 5594 Sacramentum,
2710 5508 2837 5583 sed
2880 5508 3229 5605 sequitur
3264 5508 3599 5583 ablutio-

2056 5649 2235 5701 nem
2270 5625 2725 5702 naturaliter
2758 5654 2778 5723 3
2812 5626 3018 5702 unde
3057 5625 3261 5700 idem
3308 5635 3422 5700 est
3481 5625 3597 5700 di-

3637 2496 3731 2546 ·In
3753 2497 3923 2554 Oxou.

3671 2575 3817 2617 num.
3846 2570 3924 2618 11.

3632 4315 3785 4374 infra,
3817 4314 3867 4364 d.
3899 4313 3948 4364 8.
4030 4332 4041 4346 ·
