<?xml version="1.0" encoding="UTF-8"?>
<!DOCTYPE html PUBLIC "-//W3C//DTD XHTML 1.0 Transitional//EN"
    "http://www.w3.org/TR/xhtml1/DTD/xhtml1-transitional.dtd">
<html xmlns="http://www.w3.org/1999/xhtml" xml:lang="en" lang="en">
 <head>
  <title>
</title>
<meta http-equiv="Content-Type" content="text/html;charset=utf-8" />
  <meta name='ocr-system' content='tesseract 3.04.00' />
  <meta name='ocr-capabilities' content='ocr_page ocr_carea ocr_par ocr_line ocrx_word'/>
</head>
<body>
  <div class='ocr_page' id='page_1' title='image "./joannisdunsscot00waddgoog_0279.png"; bbox 0 0 4295 6326; ppageno 0'>
   <div class='ocr_carea' id='block_1_1' title="bbox 185 2307 253 2372">
    <p class='ocr_par' dir='ltr' id='par_1_1' title="bbox 185 2307 253 2372">
     <span class='ocr_line' id='line_1_1' title="bbox 185 2307 253 2372; baseline -0.029 0"><span class='ocrx_word' id='word_1_1' title='bbox 185 2307 253 2372; x_wconf 85' lang='lat'><strong>7.</strong></span> 
     </span>
    </p>
   </div>
   <div class='ocr_carea' id='block_1_2' title="bbox 68 2424 391 2665">
    <p class='ocr_par' dir='ltr' id='par_1_2' title="bbox 68 2424 391 2665">
     <span class='ocr_line' id='line_1_2' title="bbox 68 2424 387 2475; baseline -0.006 -1"><span class='ocrx_word' id='word_1_2' title='bbox 68 2429 143 2475; x_wconf 84' lang='lat' dir='ltr'><strong>An</strong></span> <span class='ocrx_word' id='word_1_3' title='bbox 179 2424 387 2474; x_wconf 78' lang='lat' dir='ltr'><strong>assumi</strong></span> 
     </span>
     <span class='ocr_line' id='line_1_3' title="bbox 70 2493 391 2554; baseline -0.012 -15"><span class='ocrx_word' id='word_1_4' title='bbox 70 2493 252 2554; x_wconf 82' lang='lat' dir='ltr'><strong>posset</strong></span> <span class='ocrx_word' id='word_1_5' title='bbox 299 2501 391 2536; x_wconf 85' lang='lat' dir='ltr'><strong>na·</strong></span> 
     </span>
     <span class='ocr_line' id='line_1_4' title="bbox 98 2558 360 2603; baseline -0.011 -1"><span class='ocrx_word' id='word_1_6' title='bbox 98 2558 218 2603; x_wconf 76' lang='lat' dir='ltr'><strong>tura</strong></span> <span class='ocrx_word' id='word_1_7' title='bbox 247 2565 360 2600; x_wconf 87' lang='lat' dir='ltr'><strong>uon</strong></span> 
     </span>
     <span class='ocr_line' id='line_1_5' title="bbox 90 2614 374 2665; baseline -0.011 -1"><span class='ocrx_word' id='word_1_8' title='bbox 90 2619 212 2665; x_wconf 83' lang='lat' dir='ltr'><strong>nata</strong></span> <span class='ocrx_word' id='word_1_9' title='bbox 247 2614 374 2664; x_wconf 74' lang='lat' dir='ltr'><strong>frui.</strong></span> 
     </span>
    </p>
   </div>
   <div class='ocr_carea' id='block_1_3' title="bbox 1519 479 2491 562">
    <p class='ocr_par' dir='ltr' id='par_1_3' title="bbox 1519 479 2491 562">
     <span class='ocr_line' id='line_1_6' title="bbox 1519 479 2491 562; baseline -0.007 -8"><span class='ocrx_word' id='word_1_10' title='bbox 1519 484 1745 556; x_wconf 88' lang='lat' dir='ltr'><strong>DlST.</strong></span> <span class='ocrx_word' id='word_1_11' title='bbox 1799 483 1885 551; x_wconf 85' lang='grc' dir='ltr'><strong>ΙΙ.</strong></span> <span class='ocrx_word' id='word_1_12' title='bbox 1939 479 2357 562; x_wconf 83' lang='lat' dir='ltr'>QUAESTIO</span> <span class='ocrx_word' id='word_1_13' title='bbox 2409 482 2491 549; x_wconf 84' lang='lat'><strong>11.</strong></span> 
     </span>
    </p>
   </div>
   <div class='ocr_carea' id='block_1_4' title="bbox 397 663 1943 1104">
    <p class='ocr_par' dir='ltr' id='par_1_4' title="bbox 397 663 1943 1104">
     <span class='ocr_line' id='line_1_7' title="bbox 397 663 1940 764; baseline -0.005 -24"><span class='ocrx_word' id='word_1_14' title='bbox 397 675 814 764; x_wconf 86' lang='lat' dir='ltr'><strong>poneretur</strong></span> <span class='ocrx_word' id='word_1_15' title='bbox 880 668 957 741; x_wconf 91' lang='lat' dir='ltr'><strong>in</strong></span> <span class='ocrx_word' id='word_1_16' title='bbox 1018 668 1275 741; x_wconf 88' lang='lat' dir='ltr'><strong>anima</strong></span> <span class='ocrx_word' id='word_1_17' title='bbox 1340 663 1764 740; x_wconf 91' lang='lat' dir='ltr'><strong>secundum</strong></span> <span class='ocrx_word' id='word_1_18' title='bbox 1835 683 1940 745; x_wconf 88' lang='lat' dir='ltr'><strong>se,</strong></span> 
     </span>
     <span class='ocr_line' id='line_1_8' title="bbox 399 781 1943 882; baseline -0.004 -26"><span class='ocrx_word' id='word_1_19' title='bbox 399 785 459 857; x_wconf 93' lang='lat' dir='ltr'><strong>si</strong></span> <span class='ocrx_word' id='word_1_20' title='bbox 497 808 648 857; x_wconf 91' lang='lat' dir='ltr'><strong>non</strong></span> <span class='ocrx_word' id='word_1_21' title='bbox 694 794 895 859; x_wconf 90' lang='lat' dir='ltr'><strong>esset</strong></span> <span class='ocrx_word' id='word_1_22' title='bbox 926 781 1346 882; x_wconf 87' lang='lat' dir='ltr'><strong>assumpta,</strong></span> <span class='ocrx_word' id='word_1_23' title='bbox 1394 781 1575 880; x_wconf 86' lang='lat' dir='ltr'><strong>quia</strong></span> <span class='ocrx_word' id='word_1_24' title='bbox 1615 803 1750 878; x_wconf 87' lang='lat' dir='ltr'><strong>per</strong></span> <span class='ocrx_word' id='word_1_25' title='bbox 1800 781 1943 851; x_wconf 90' lang='lat' dir='ltr'><strong>hoc</strong></span> 
     </span>
     <span class='ocr_line' id='line_1_9' title="bbox 400 904 1943 1000; baseline -0.006 -23"><span class='ocrx_word' id='word_1_26' title='bbox 400 904 647 977; x_wconf 92' lang='lat' dir='ltr'><strong>solum</strong></span> <span class='ocrx_word' id='word_1_27' title='bbox 745 904 949 1000; x_wconf 90' lang='lat' dir='ltr'><strong>quod</strong></span> <span class='ocrx_word' id='word_1_28' title='bbox 1045 912 1159 977; x_wconf 86' lang='lat' dir='ltr'><strong>est</strong></span> <span class='ocrx_word' id='word_1_29' title='bbox 1268 909 1687 998; x_wconf 88' lang='lat' dir='ltr'><strong>assumpta,</strong></span> <span class='ocrx_word' id='word_1_30' title='bbox 1790 920 1943 971; x_wconf 90' lang='lat' dir='ltr'><strong>non</strong></span> 
     </span>
     <span class='ocr_line' id='line_1_10' title="bbox 401 1016 1791 1104; baseline -0.006 -8"><span class='ocrx_word' id='word_1_31' title='bbox 401 1022 832 1096; x_wconf 86' lang='lat' dir='ltr'><strong>elevaretur</strong></span> <span class='ocrx_word' id='word_1_32' title='bbox 874 1021 1016 1096; x_wconf 90' lang='lat' dir='ltr'><strong>nisi</strong></span> <span class='ocrx_word' id='word_1_33' title='bbox 1045 1020 1143 1104; x_wconf 58' lang='lat' dir='ltr'><strong>‚ad</strong></span> <span class='ocrx_word' id='word_1_34' title='bbox 1189 1016 1791 1094; x_wconf 79' lang='lat' dir='ltr'><strong>subsistentiam.</strong></span> 
     </span>
    </p>
   </div>
   <div class='ocr_carea' id='block_1_5' title="bbox 936 1352 1413 1410">
    <p class='ocr_par' dir='ltr' id='par_1_5' title="bbox 936 1352 1413 1410">
     <span class='ocr_line' id='line_1_11' title="bbox 936 1352 1413 1410; baseline -0.002 0"><span class='ocrx_word' id='word_1_35' title='bbox 936 1352 1297 1410; x_wconf 79' lang='lat' dir='ltr'>SCHOLIUM</span> <span class='ocrx_word' id='word_1_36' title='bbox 1339 1355 1413 1409; x_wconf 83' lang='lat'><strong>11.</strong></span> 
     </span>
    </p>
   </div>
   <div class='ocr_carea' id='block_1_6' title="bbox 404 1497 1954 2117">
    <p class='ocr_par' dir='ltr' id='par_1_6' title="bbox 404 1497 1954 2117">
     <span class='ocr_line' id='line_1_12' title="bbox 474 1497 1951 1569; baseline -0.003 -10"><span class='ocrx_word' id='word_1_37' title='bbox 474 1504 746 1560; x_wconf 75' lang='lat' dir='ltr'>Naturam</span> <span class='ocrx_word' id='word_1_38' title='bbox 808 1519 921 1557; x_wconf 88' lang='lat' dir='ltr'><strong>non</strong></span> <span class='ocrx_word' id='word_1_39' title='bbox 979 1499 1318 1556; x_wconf 78' lang='lat' dir='ltr'>rationalem</span> <span class='ocrx_word' id='word_1_40' title='bbox 1389 1497 1610 1555; x_wconf 78' lang='lat' dir='ltr'><strong>assumi</strong></span> <span class='ocrx_word' id='word_1_41' title='bbox 1671 1513 1839 1569; x_wconf 87' lang='lat' dir='ltr'><strong>posse</strong></span> <span class='ocrx_word' id='word_1_42' title='bbox 1917 1515 1951 1554; x_wconf 86' lang='lat' dir='ltr'><strong>a</strong></span> 
     </span>
     <span class='ocr_line' id='line_1_13' title="bbox 405 1588 1949 1661; baseline -0.005 -12"><span class='ocrx_word' id='word_1_43' title='bbox 405 1594 613 1659; x_wconf 89' lang='lat' dir='ltr'><strong>Verbo,</strong></span> <span class='ocrx_word' id='word_1_44' title='bbox 650 1597 738 1648; x_wconf 86' lang='lat' dir='ltr'><strong>est</strong></span> <span class='ocrx_word' id='word_1_45' title='bbox 769 1599 967 1647; x_wconf 83' lang='lat' dir='ltr'><strong>contra</strong></span> <span class='ocrx_word' id='word_1_46' title='bbox 995 1588 1224 1645; x_wconf 87' lang='lat' dir='ltr'><strong>chric.</strong></span> <span class='ocrx_word' id='word_1_47' title='bbox 1258 1588 1458 1661; x_wconf 87' lang='lat' dir='ltr'><strong>quodl.</strong></span> <span class='ocrx_word' id='word_1_48' title='bbox 1491 1590 1545 1643; x_wconf 91' lang='lat'><strong>3.</strong></span> <span class='ocrx_word' id='word_1_49' title='bbox 1598 1604 1653 1659; x_wconf 85' lang='lat' dir='ltr'><strong>q.</strong></span> <span class='ocrx_word' id='word_1_50' title='bbox 1703 1590 1759 1643; x_wconf 88' lang='lat'><strong>5.</strong></span> <span class='ocrx_word' id='word_1_51' title='bbox 1810 1588 1949 1643; x_wconf 89' lang='lat' dir='ltr'><strong>Car-</strong></span> 
     </span>
     <span class='ocr_line' id='line_1_14' title="bbox 404 1679 1951 1753; baseline -0.004 -14"><span class='ocrx_word' id='word_1_52' title='bbox 404 1685 562 1740; x_wconf 83' lang='lat' dir='ltr'><strong>thus.</strong></span> <span class='ocrx_word' id='word_1_53' title='bbox 590 1683 683 1738; x_wconf 78' lang='lat' dir='ltr'><strong>hic</strong></span> <span class='ocrx_word' id='word_1_54' title='bbox 714 1699 767 1753; x_wconf 80' lang='lat' dir='ltr'><strong>q.</strong></span> <span class='ocrx_word' id='word_1_55' title='bbox 802 1699 840 1738; x_wconf 86' lang='lat'><strong>1.</strong></span> <span class='ocrx_word' id='word_1_56' title='bbox 877 1686 984 1736; x_wconf 81' lang='lat' dir='ltr'><strong>art.</strong></span> <span class='ocrx_word' id='word_1_57' title='bbox 1022 1681 1077 1736; x_wconf 88' lang='grc'><strong>2.</strong></span> <span class='ocrx_word' id='word_1_58' title='bbox 1112 1681 1211 1735; x_wconf 88' lang='lat' dir='ltr'><strong>sed</strong></span> <span class='ocrx_word' id='word_1_59' title='bbox 1246 1685 1336 1736; x_wconf 87' lang='lat' dir='ltr'><strong>est</strong></span> <span class='ocrx_word' id='word_1_60' title='bbox 1365 1679 1722 1745; x_wconf 83' lang='lat' dir='ltr'><strong>communis,</strong></span> <span class='ocrx_word' id='word_1_61' title='bbox 1765 1683 1821 1733; x_wconf 91' lang='lat' dir='ltr'><strong>et</strong></span> <span class='ocrx_word' id='word_1_62' title='bbox 1861 1694 1951 1734; x_wconf 85' lang='lat' dir='ltr'><strong>ra·</strong></span> 
     </span>
     <span class='ocr_line' id='line_1_15' title="bbox 406 1771 1951 1843; baseline -0.004 -13"><span class='ocrx_word' id='word_1_63' title='bbox 406 1776 486 1831; x_wconf 82' lang='lat' dir='ltr'><strong>tio</strong></span> <span class='ocrx_word' id='word_1_64' title='bbox 522 1775 692 1831; x_wconf 82' lang='lat' dir='ltr'><strong>unica</strong></span> <span class='ocrx_word' id='word_1_65' title='bbox 723 1773 961 1843; x_wconf 79' lang='lat' dir='ltr'><strong>sufficit,</strong></span> <span class='ocrx_word' id='word_1_66' title='bbox 994 1788 1127 1827; x_wconf 89' lang='lat' dir='ltr'><strong>cum</strong></span> <span class='ocrx_word' id='word_1_67' title='bbox 1160 1788 1226 1827; x_wconf 82' lang='lat' dir='ltr'><strong>cx</strong></span> <span class='ocrx_word' id='word_1_68' title='bbox 1261 1771 1696 1843; x_wconf 77' lang='lat' dir='ltr'><strong>imperfectione</strong></span> <span class='ocrx_word' id='word_1_69' title='bbox 1745 1775 1951 1825; x_wconf 83' lang='lat' dir='ltr'><strong>natura</strong></span> 
     </span>
     <span class='ocr_line' id='line_1_16' title="bbox 408 1860 1954 1935; baseline -0.005 -12"><span class='ocrx_word' id='word_1_70' title='bbox 408 1866 483 1923; x_wconf 83' lang='lat' dir='ltr'><strong>sit</strong></span> <span class='ocrx_word' id='word_1_71' title='bbox 513 1864 937 1935; x_wconf 86' lang='lat' dir='ltr'><strong>assumptibilis</strong></span> <span class='ocrx_word' id='word_1_72' title='bbox 959 1869 1013 1920; x_wconf 88' lang='lat' dir='ltr'><strong>et</strong></span> <span class='ocrx_word' id='word_1_73' title='bbox 1048 1862 1356 1933; x_wconf 83' lang='lat' dir='ltr'><strong>naturalis,</strong></span> <span class='ocrx_word' id='word_1_74' title='bbox 1392 1879 1516 1933; x_wconf 81' lang='lat' dir='ltr'><strong>quae</strong></span> <span class='ocrx_word' id='word_1_75' title='bbox 1543 1867 1632 1918; x_wconf 90' lang='lat' dir='ltr'><strong>est</strong></span> <span class='ocrx_word' id='word_1_76' title='bbox 1662 1860 1791 1917; x_wconf 76' lang='lat' dir='ltr'><strong>aliis</strong></span> <span class='ocrx_word' id='word_1_77' title='bbox 1823 1878 1954 1933; x_wconf 85' lang='lat' dir='ltr'><strong>per-</strong></span> 
     </span>
     <span class='ocr_line' id='line_1_17' title="bbox 410 1950 1952 2025; baseline -0.005 -12"><span class='ocrx_word' id='word_1_78' title='bbox 410 1957 632 2023; x_wconf 81' lang='lat' dir='ltr'><strong>fectior,</strong></span> <span class='ocrx_word' id='word_1_79' title='bbox 666 1958 971 2025; x_wconf 84' lang='lat' dir='ltr'><strong>assumpta</strong></span> <span class='ocrx_word' id='word_1_80' title='bbox 1002 1955 1100 2020; x_wconf 83' lang='lat' dir='ltr'><strong>sit,</strong></span> <span class='ocrx_word' id='word_1_81' title='bbox 1134 1952 1320 2009; x_wconf 89' lang='lat' dir='ltr'><strong>multo</strong></span> <span class='ocrx_word' id='word_1_82' title='bbox 1356 1952 1541 2024; x_wconf 83' lang='lat' dir='ltr'><strong>magis</strong></span> <span class='ocrx_word' id='word_1_83' title='bbox 1573 1950 1696 2008; x_wconf 74' lang='lat' dir='ltr'><strong>alim</strong></span> <span class='ocrx_word' id='word_1_84' title='bbox 1734 1955 1952 2007; x_wconf 75' lang='lat' dir='ltr'><strong>naturae</strong></span> 
     </span>
     <span class='ocr_line' id='line_1_18' title="bbox 411 2046 927 2117; baseline -0.006 -15"><span class='ocrx_word' id='word_1_85' title='bbox 411 2046 631 2103; x_wconf 80' lang='lat' dir='ltr'><strong>assumi</strong></span> <span class='ocrx_word' id='word_1_86' title='bbox 662 2053 927 2117; x_wconf 86' lang='lat' dir='ltr'><strong>possunt.</strong></span> 
     </span>
    </p>
   </div>
   <div class='ocr_carea' id='block_1_7' title="bbox 421 2296 1967 3683">
    <p class='ocr_par' dir='ltr' id='par_1_7' title="bbox 421 2296 1967 3683">
     <span class='ocr_line' id='line_1_19' title="bbox 512 2296 1960 2393; baseline -0.003 -21"><span class='ocrx_word' id='word_1_87' title='bbox 512 2298 623 2372; x_wconf 94' lang='lat' dir='ltr'><strong>De</strong></span> <span class='ocrx_word' id='word_1_88' title='bbox 692 2296 1031 2372; x_wconf 88' lang='lat' dir='ltr'><strong>secundo</strong></span> <span class='ocrx_word' id='word_1_89' title='bbox 1089 2296 1462 2370; x_wconf 86' lang='lat' dir='ltr'><strong>articulo:</strong></span> <span class='ocrx_word' id='word_1_90' title='bbox 1510 2298 1625 2369; x_wconf 85' lang='lat' dir='ltr'><strong>An</strong></span> <span class='ocrx_word' id='word_1_91' title='bbox 1703 2304 1960 2393; x_wconf 87' lang='lat' dir='ltr'><strong>posset</strong></span> 
     </span>
     <span class='ocr_line' id='line_1_20' title="bbox 421 2409 1960 2490; baseline -0.005 0"><span class='ocrx_word' id='word_1_92' title='bbox 421 2414 710 2490; x_wconf 80' lang='lat' dir='ltr'><strong>assumi</strong></span> <span class='ocrx_word' id='word_1_93' title='bbox 751 2423 1026 2488; x_wconf 87' lang='lat' dir='ltr'><strong>natura</strong></span> <span class='ocrx_word' id='word_1_94' title='bbox 1068 2436 1221 2486; x_wconf 90' lang='lat' dir='ltr'><strong>non</strong></span> <span class='ocrx_word' id='word_1_95' title='bbox 1268 2421 1443 2486; x_wconf 90' lang='lat' dir='ltr'><strong>nata</strong></span> <span class='ocrx_word' id='word_1_96' title='bbox 1482 2412 1624 2485; x_wconf 81' lang='lat' dir='ltr'><strong>frui</strong></span> <span class='ocrx_word' id='word_1_97' title='bbox 1664 2412 1704 2483; x_wconf 70' lang='grc' dir='ltr'><strong>ἱ)</strong></span> <span class='ocrx_word' id='word_1_98' title='bbox 1760 2409 1960 2483; x_wconf 82' lang='lat' dir='ltr'><strong>Dicit</strong></span> 
     </span>
     <span class='ocr_line' id='line_1_21' title="bbox 424 2527 1961 2626; baseline -0.005 -22"><span class='ocrx_word' id='word_1_99' title='bbox 424 2531 620 2605; x_wconf 90' lang='lat' dir='ltr'><strong>idem</strong></span> <span class='ocrx_word' id='word_1_100' title='bbox 699 2530 982 2604; x_wconf 86' lang='lat' dir='ltr'><strong>Doctor</strong></span> <span class='ocrx_word' id='word_1_101' title='bbox 1039 2529 1242 2626; x_wconf 90' lang='lat' dir='ltr'><strong>quod</strong></span> <span class='ocrx_word' id='word_1_102' title='bbox 1327 2551 1510 2621; x_wconf 84' lang='lat' dir='ltr'><strong>non,</strong></span> <span class='ocrx_word' id='word_1_103' title='bbox 1593 2527 1776 2624; x_wconf 87' lang='lat' dir='ltr'><strong>quia</strong></span> <span class='ocrx_word' id='word_1_104' title='bbox 1864 2549 1961 2599; x_wconf 66' lang='grc' dir='ltr'><strong>εει)</strong></span> 
     </span>
     <span class='ocr_line' id='line_1_22' title="bbox 423 2645 1959 2746; baseline -0.005 -24"><span class='ocrx_word' id='word_1_105' title='bbox 423 2653 687 2746; x_wconf 76' lang='lat' dir='ltr'><strong>quarto</strong></span> <span class='ocrx_word' id='word_1_106' title='bbox 878 2645 1615 2746; x_wconf 71' lang='lat' dir='ltr'><strong>Metaplzysicorum,</strong></span> <span class='ocrx_word' id='word_1_107' title='bbox 1777 2652 1959 2716; x_wconf 89' lang='lat' dir='ltr'><strong>tunc</strong></span> 
     </span>
     <span class='ocr_line' id='line_1_23' title="bbox 422 2761 1955 2862; baseline -0.004 -23"><span class='ocrx_word' id='word_1_108' title='bbox 422 2764 1031 2862; x_wconf 89' lang='lat' dir='ltr'><strong>unumquodque</strong></span> <span class='ocrx_word' id='word_1_109' title='bbox 1099 2762 1378 2837; x_wconf 87' lang='lat' dir='ltr'><strong>dicitur</strong></span> <span class='ocrx_word' id='word_1_110' title='bbox 1435 2761 1955 2858; x_wconf 77' lang='lat' dir='ltr'><strong>singulariter,</strong></span> 
     </span>
     <span class='ocr_line' id='line_1_24' title="bbox 421 2880 1956 2982; baseline -0.005 -23"><span class='ocrx_word' id='word_1_111' title='bbox 421 2908 594 2959; x_wconf 86' lang='lat' dir='ltr'><strong>cum</strong></span> <span class='ocrx_word' id='word_1_112' title='bbox 626 2891 874 2982; x_wconf 89' lang='lat' dir='ltr'><strong>potest</strong></span> <span class='ocrx_word' id='word_1_113' title='bbox 905 2882 981 2955; x_wconf 92' lang='lat' dir='ltr'><strong>in</strong></span> <span class='ocrx_word' id='word_1_114' title='bbox 1017 2881 1539 2979; x_wconf 78' lang='lat' dir='ltr'><strong>operationem</strong></span> <span class='ocrx_word' id='word_1_115' title='bbox 1576 2880 1907 2954; x_wconf 78' lang='lat' dir='ltr'><strong>debitam</strong></span> <span class='ocrx_word' id='word_1_116' title='bbox 1939 2906 1956 2972; x_wconf 92' lang='lat'>;</span> 
     </span>
     <span class='ocr_line' id='line_1_25' title="bbox 421 2999 1964 3099; baseline -0.001 -25"><span class='ocrx_word' id='word_1_117' title='bbox 421 3002 652 3098; x_wconf 82' lang='lat' dir='ltr'><strong>igitur</strong></span> <span class='ocrx_word' id='word_1_118' title='bbox 692 3025 846 3074; x_wconf 89' lang='lat' dir='ltr'><strong>non</strong></span> <span class='ocrx_word' id='word_1_119' title='bbox 890 3008 1134 3099; x_wconf 90' lang='lat' dir='ltr'><strong>potest</strong></span> <span class='ocrx_word' id='word_1_120' title='bbox 1210 2999 1418 3072; x_wconf 79' lang='lat' dir='ltr'><strong>illabi</strong></span> <span class='ocrx_word' id='word_1_121' title='bbox 1480 2999 1754 3096; x_wconf 90' lang='lat' dir='ltr'><strong>illapsu</strong></span> <span class='ocrx_word' id='word_1_122' title='bbox 1827 3021 1964 3094; x_wconf 81' lang='lat' dir='ltr'><strong>ge-</strong></span> 
     </span>
     <span class='ocr_line' id='line_1_26' title="bbox 421 3115 1966 3215; baseline -0.002 -23"><span class='ocrx_word' id='word_1_123' title='bbox 421 3117 662 3193; x_wconf 86' lang='lat' dir='ltr'><strong>nerali</strong></span> <span class='ocrx_word' id='word_1_124' title='bbox 732 3118 808 3192; x_wconf 92' lang='lat' dir='ltr'><strong>in</strong></span> <span class='ocrx_word' id='word_1_125' title='bbox 870 3116 1095 3192; x_wconf 87' lang='lat' dir='ltr'><strong>aliam</strong></span> <span class='ocrx_word' id='word_1_126' title='bbox 1167 3125 1547 3207; x_wconf 82' lang='lat' dir='ltr'><strong>naturam,</strong></span> <span class='ocrx_word' id='word_1_127' title='bbox 1582 3115 1729 3190; x_wconf 90' lang='lat' dir='ltr'><strong>nisi</strong></span> <span class='ocrx_word' id='word_1_128' title='bbox 1798 3116 1966 3215; x_wconf 88' lang='lat' dir='ltr'><strong>ipsa</strong></span> 
     </span>
     <span class='ocr_line' id='line_1_27' title="bbox 424 3233 1961 3335; baseline -0.003 -25"><span class='ocrx_word' id='word_1_129' title='bbox 424 3235 662 3335; x_wconf 89' lang='lat' dir='ltr'><strong>possit</strong></span> <span class='ocrx_word' id='word_1_130' title='bbox 740 3235 818 3307; x_wconf 90' lang='lat' dir='ltr'><strong>in</strong></span> <span class='ocrx_word' id='word_1_131' title='bbox 915 3233 1438 3331; x_wconf 80' lang='lat' dir='ltr'><strong>operationem</strong></span> <span class='ocrx_word' id='word_1_132' title='bbox 1523 3234 1961 3329; x_wconf 82' lang='lat' dir='ltr'><strong>generalem</strong></span> 
     </span>
     <span class='ocr_line' id='line_1_28' title="bbox 424 3349 1962 3448; baseline -0.003 -20"><span class='ocrx_word' id='word_1_133' title='bbox 424 3360 1021 3448; x_wconf 84' lang='lat' dir='ltr'><strong>consequentem</strong></span> <span class='ocrx_word' id='word_1_134' title='bbox 1081 3349 1381 3445; x_wconf 83' lang='lat' dir='ltr'><strong>3igitur</strong></span> <span class='ocrx_word' id='word_1_135' title='bbox 1440 3373 1577 3424; x_wconf 90' lang='lat' dir='ltr'><strong>nec</strong></span> <span class='ocrx_word' id='word_1_136' title='bbox 1683 3349 1962 3447; x_wconf 90' lang='lat' dir='ltr'><strong>illapsu</strong></span> 
     </span>
     <span class='ocr_line' id='line_1_29' title="bbox 423 3467 1967 3568; baseline -0.003 -23"><span class='ocrx_word' id='word_1_137' title='bbox 423 3469 759 3568; x_wconf 87' lang='lat' dir='ltr'><strong>speciali,</strong></span> <span class='ocrx_word' id='word_1_138' title='bbox 806 3467 951 3541; x_wconf 92' lang='lat' dir='ltr'><strong>nisi</strong></span> <span class='ocrx_word' id='word_1_139' title='bbox 998 3467 1127 3540; x_wconf 91' lang='lat' dir='ltr'><strong>illa</strong></span> <span class='ocrx_word' id='word_1_140' title='bbox 1167 3476 1442 3541; x_wconf 86' lang='lat' dir='ltr'><strong>natura</strong></span> <span class='ocrx_word' id='word_1_141' title='bbox 1500 3467 1739 3565; x_wconf 91' lang='lat' dir='ltr'><strong>possit</strong></span> <span class='ocrx_word' id='word_1_142' title='bbox 1779 3491 1967 3565; x_wconf 91' lang='lat' dir='ltr'><strong>ope-</strong></span> 
     </span>
     <span class='ocr_line' id='line_1_30' title="bbox 424 3582 1965 3683; baseline -0.002 -22"><span class='ocrx_word' id='word_1_143' title='bbox 424 3587 576 3662; x_wconf 89' lang='lat' dir='ltr'><strong>rari</strong></span> <span class='ocrx_word' id='word_1_144' title='bbox 619 3583 1102 3683; x_wconf 84' lang='lat' dir='ltr'><strong>specialiter3</strong></span> <span class='ocrx_word' id='word_1_145' title='bbox 1151 3582 1382 3677; x_wconf 83' lang='lat' dir='ltr'><strong>igitur</strong></span> <span class='ocrx_word' id='word_1_146' title='bbox 1422 3584 1611 3657; x_wconf 90' lang='lat' dir='ltr'><strong>nulli</strong></span> <span class='ocrx_word' id='word_1_147' title='bbox 1667 3593 1965 3658; x_wconf 83' lang='lat' dir='ltr'><strong>naturae</strong></span> 
     </span>
    </p>
   </div>
   <div class='ocr_carea' id='block_1_8' title="bbox 369 3699 1967 3802">
    <p class='ocr_par' dir='ltr' id='par_1_8' title="bbox 369 3699 1967 3802">
     <span class='ocr_line' id='line_1_31' title="bbox 369 3699 1967 3802; baseline -0.003 -24"><span class='ocrx_word' id='word_1_148' title='bbox 369 3712 670 3802; x_wconf 90' lang='lat' dir='ltr'><strong>·potest</strong></span> <span class='ocrx_word' id='word_1_149' title='bbox 738 3701 946 3776; x_wconf 90' lang='lat' dir='ltr'><strong>Deus</strong></span> <span class='ocrx_word' id='word_1_150' title='bbox 1040 3699 1248 3773; x_wconf 89' lang='lat' dir='ltr'><strong>illabi</strong></span> <span class='ocrx_word' id='word_1_151' title='bbox 1345 3700 1775 3797; x_wconf 85' lang='lat' dir='ltr'><strong>specialiter</strong></span> <span class='ocrx_word' id='word_1_152' title='bbox 1833 3725 1967 3799; x_wconf 90' lang='lat' dir='ltr'><strong>per</strong></span> 
     </span>
    </p>
   </div>
   <div class='ocr_carea' id='block_1_9' title="bbox 96 4858 415 5115">
    <p class='ocr_par' dir='ltr' id='par_1_9' title="bbox 96 4858 415 5037">
     <span class='ocr_line' id='line_1_32' title="bbox 96 4858 409 4910; baseline 0.01 -6"><span class='ocrx_word' id='word_1_153' title='bbox 96 4858 284 4910; x_wconf 72' lang='lat' dir='ltr'><strong>Natura</strong></span> <span class='ocrx_word' id='word_1_154' title='bbox 297 4872 409 4909; x_wconf 87' lang='lat' dir='ltr'><strong>uon</strong></span> 
     </span>
     <span class='ocr_line' id='line_1_33' title="bbox 119 4924 396 4973; baseline 0.007 -4"><span class='ocrx_word' id='word_1_155' title='bbox 119 4924 396 4973; x_wconf 69' lang='lat' dir='ltr'><strong>rationalis</strong></span> 
     </span>
     <span class='ocr_line' id='line_1_34' title="bbox 107 4994 415 5037; baseline 0.006 -4"><span class='ocrx_word' id='word_1_156' title='bbox 107 4994 180 5035; x_wconf 76' lang='lat' dir='ltr'><strong>est</strong></span> <span class='ocrx_word' id='word_1_157' title='bbox 207 5000 415 5037; x_wconf 75' lang='lat' dir='ltr'><strong>assum-</strong></span> 
     </span>
    </p>

    <p class='ocr_par' dir='ltr' id='par_1_10' title="bbox 171 5050 386 5115">
     <span class='ocr_line' id='line_1_35' title="bbox 171 5050 386 5115; baseline -0.005 -15"><span class='ocrx_word' id='word_1_158' title='bbox 171 5050 386 5115; x_wconf 79' lang='lat' dir='ltr'><strong>ptibilis.</strong></span> 
     </span>
    </p>
   </div>
   <div class='ocr_carea' id='block_1_10' title="bbox 72 5354 93 5709">
    <p class='ocr_par' dir='ltr' id='par_1_11' title="bbox 70 5226 93 5709">
     <span class='ocr_line' id='line_1_36' title="bbox 72 5354 93 5709; baseline 0 -376"><span class='ocrx_word' id='word_1_159' title='bbox 72 5354 93 5709; x_wconf 22' lang='grc' dir='ltr'>ὃ</span> 
     </span>
    </p>
   </div>
   <div class='ocr_carea' id='block_1_11' title="bbox 424 3816 1996 5673">
    <p class='ocr_par' dir='ltr' id='par_1_12' title="bbox 424 3816 1971 4362">
     <span class='ocr_line' id='line_1_37' title="bbox 430 3816 1964 3913; baseline -0.003 -18"><span class='ocrx_word' id='word_1_160' title='bbox 430 3820 824 3907; x_wconf 88' lang='lat' dir='ltr'><strong>unionem,</strong></span> <span class='ocrx_word' id='word_1_161' title='bbox 877 3816 1019 3889; x_wconf 90' lang='lat' dir='ltr'><strong>nisi</strong></span> <span class='ocrx_word' id='word_1_162' title='bbox 1082 3816 1212 3889; x_wconf 88' lang='lat' dir='ltr'><strong>illa</strong></span> <span class='ocrx_word' id='word_1_163' title='bbox 1278 3817 1518 3913; x_wconf 89' lang='lat' dir='ltr'><strong>possit</strong></span> <span class='ocrx_word' id='word_1_164' title='bbox 1559 3818 1731 3911; x_wconf 82' lang='lat' dir='ltr'><strong>frui,</strong></span> <span class='ocrx_word' id='word_1_165' title='bbox 1791 3842 1964 3893; x_wconf 86' lang='lat' dir='ltr'><strong>cum</strong></span> 
     </span>
     <span class='ocr_line' id='line_1_38' title="bbox 424 3932 1970 4035; baseline -0.001 -26"><span class='ocrx_word' id='word_1_166' title='bbox 424 3936 595 4035; x_wconf 76' lang='lat' dir='ltr'><strong>frui</strong></span> <span class='ocrx_word' id='word_1_167' title='bbox 658 3934 753 4007; x_wconf 91' lang='lat' dir='ltr'><strong>sit</strong></span> <span class='ocrx_word' id='word_1_168' title='bbox 820 3932 1159 4029; x_wconf 82' lang='lat' dir='ltr'><strong>operatio</strong></span> <span class='ocrx_word' id='word_1_169' title='bbox 1229 3955 1765 4031; x_wconf 83' lang='lat' dir='ltr'><strong>consequens3</strong></span> <span class='ocrx_word' id='word_1_170' title='bbox 1836 3935 1970 4030; x_wconf 84' lang='lat' dir='ltr'><strong>igi-</strong></span> 
     </span>
     <span class='ocr_line' id='line_1_39' title="bbox 429 4050 1966 4147; baseline -0.002 -21"><span class='ocrx_word' id='word_1_171' title='bbox 429 4062 555 4126; x_wconf 90' lang='lat' dir='ltr'><strong>tur</strong></span> <span class='ocrx_word' id='word_1_172' title='bbox 629 4050 842 4123; x_wconf 89' lang='lat' dir='ltr'><strong>nulla</strong></span> <span class='ocrx_word' id='word_1_173' title='bbox 903 4057 1174 4122; x_wconf 89' lang='lat' dir='ltr'><strong>natura</strong></span> <span class='ocrx_word' id='word_1_174' title='bbox 1249 4058 1499 4146; x_wconf 90' lang='lat' dir='ltr'><strong>potest</strong></span> <span class='ocrx_word' id='word_1_175' title='bbox 1571 4051 1966 4147; x_wconf 86' lang='lat' dir='ltr'><strong>personari</strong></span> 
     </span>
     <span class='ocr_line' id='line_1_40' title="bbox 431 4165 1971 4270; baseline -0.001 -26"><span class='ocrx_word' id='word_1_176' title='bbox 431 4166 975 4270; x_wconf 83' lang='lat' dir='ltr'><strong>personalitate</strong></span> <span class='ocrx_word' id='word_1_177' title='bbox 1016 4165 1303 4260; x_wconf 85' lang='lat' dir='ltr'><strong>divina,</strong></span> <span class='ocrx_word' id='word_1_178' title='bbox 1349 4166 1497 4241; x_wconf 91' lang='lat' dir='ltr'><strong>nisi</strong></span> <span class='ocrx_word' id='word_1_179' title='bbox 1533 4178 1806 4244; x_wconf 88' lang='lat' dir='ltr'><strong>natura</strong></span> <span class='ocrx_word' id='word_1_180' title='bbox 1845 4192 1971 4243; x_wconf 87' lang='lat' dir='ltr'><strong>ra-</strong></span> 
     </span>
     <span class='ocr_line' id='line_1_41' title="bbox 434 4270 1402 4362; baseline -0.009 0"><span class='ocrx_word' id='word_1_181' title='bbox 434 4284 766 4362; x_wconf 71' lang='lat' dir='ltr'><strong>fionahs.</strong></span> <span class='ocrx_word' id='word_1_182' title='bbox 1392 4270 1402 4281; x_wconf 79' lang='grc'>’</span> 
     </span>
    </p>

    <p class='ocr_par' dir='ltr' id='par_1_13' title="bbox 435 4400 1996 5673">
     <span class='ocr_line' id='line_1_42' title="bbox 531 4400 1977 4497; baseline 0 -22"><span class='ocrx_word' id='word_1_183' title='bbox 531 4402 716 4475; x_wconf 90' lang='lat' dir='ltr'><strong>Dico</strong></span> <span class='ocrx_word' id='word_1_184' title='bbox 762 4409 1012 4473; x_wconf 88' lang='lat' dir='ltr'><strong>tamen</strong></span> <span class='ocrx_word' id='word_1_185' title='bbox 1057 4400 1523 4497; x_wconf 85' lang='lat' dir='ltr'><strong>oppositum,</strong></span> <span class='ocrx_word' id='word_1_186' title='bbox 1570 4402 1775 4497; x_wconf 88' lang='lat' dir='ltr'><strong>quod</strong></span> <span class='ocrx_word' id='word_1_187' title='bbox 1826 4402 1977 4475; x_wconf 88' lang='lat' dir='ltr'><strong>alia</strong></span> 
     </span>
     <span class='ocr_line' id='line_1_43' title="bbox 435 4516 1975 4613; baseline -0.003 -18"><span class='ocrx_word' id='word_1_188' title='bbox 435 4529 713 4595; x_wconf 89' lang='lat' dir='ltr'><strong>natura</strong></span> <span class='ocrx_word' id='word_1_189' title='bbox 778 4524 1024 4613; x_wconf 89' lang='lat' dir='ltr'><strong>potest</strong></span> <span class='ocrx_word' id='word_1_190' title='bbox 1098 4516 1389 4589; x_wconf 88' lang='lat' dir='ltr'><strong>assumi</strong></span> <span class='ocrx_word' id='word_1_191' title='bbox 1456 4516 1535 4590; x_wconf 89' lang='lat' dir='ltr'><strong>in</strong></span> <span class='ocrx_word' id='word_1_192' title='bbox 1609 4518 1975 4592; x_wconf 88' lang='lat' dir='ltr'><strong>unitatem</strong></span> 
     </span>
     <span class='ocr_line' id='line_1_44' title="bbox 437 4631 1978 4735; baseline -0.003 -22"><span class='ocrx_word' id='word_1_193' title='bbox 437 4633 841 4735; x_wconf 88' lang='lat' dir='ltr'><strong>suppositi,</strong></span> <span class='ocrx_word' id='word_1_194' title='bbox 878 4631 1061 4729; x_wconf 90' lang='lat' dir='ltr'><strong>quia</strong></span> <span class='ocrx_word' id='word_1_195' title='bbox 1091 4632 1241 4733; x_wconf 84' lang='lat' dir='ltr'><strong>alia</strong></span> <span class='ocrx_word' id='word_1_196' title='bbox 1270 4642 1518 4730; x_wconf 88' lang='lat' dir='ltr'><strong>potest</strong></span> <span class='ocrx_word' id='word_1_197' title='bbox 1547 4632 1978 4731; x_wconf 87' lang='lat' dir='ltr'><strong>dependere</strong></span> 
     </span>
     <span class='ocr_line' id='line_1_45' title="bbox 440 4750 1981 4854; baseline -0.003 -23"><span class='ocrx_word' id='word_1_198' title='bbox 440 4752 956 4854; x_wconf 87' lang='lat' dir='ltr'><strong>dependentia</strong></span> <span class='ocrx_word' id='word_1_199' title='bbox 1012 4751 1104 4824; x_wconf 89' lang='lat' dir='ltr'><strong>ad</strong></span> <span class='ocrx_word' id='word_1_200' title='bbox 1182 4750 1723 4841; x_wconf 87' lang='lat' dir='ltr'><strong>extrinsecum,</strong></span> <span class='ocrx_word' id='word_1_201' title='bbox 1807 4774 1981 4848; x_wconf 84' lang='lat' dir='ltr'><strong>quae</strong></span> 
     </span>
     <span class='ocr_line' id='line_1_46' title="bbox 443 4868 1984 4967; baseline -0.003 -18"><span class='ocrx_word' id='word_1_202' title='bbox 443 4884 557 4949; x_wconf 90' lang='lat' dir='ltr'><strong>est</strong></span> <span class='ocrx_word' id='word_1_203' title='bbox 620 4871 712 4945; x_wconf 91' lang='lat' dir='ltr'><strong>ad</strong></span> <span class='ocrx_word' id='word_1_204' title='bbox 782 4868 1292 4966; x_wconf 90' lang='lat' dir='ltr'><strong>suppositum,</strong></span> <span class='ocrx_word' id='word_1_205' title='bbox 1374 4868 1555 4963; x_wconf 89' lang='lat' dir='ltr'><strong>qnia</strong></span> <span class='ocrx_word' id='word_1_206' title='bbox 1650 4892 1742 4943; x_wconf 85' lang='lat' dir='ltr'><strong>ex</strong></span> <span class='ocrx_word' id='word_1_207' title='bbox 1831 4892 1984 4967; x_wconf 89' lang='lat' dir='ltr'><strong>quo</strong></span> 
     </span>
     <span class='ocr_line' id='line_1_47' title="bbox 449 4986 1987 5084; baseline -0.005 -18"><span class='ocrx_word' id='word_1_208' title='bbox 449 4999 722 5065; x_wconf 88' lang='lat' dir='ltr'><strong>natura</strong></span> <span class='ocrx_word' id='word_1_209' title='bbox 784 4986 1175 5061; x_wconf 88' lang='lat' dir='ltr'><strong>rationalis</strong></span> <span class='ocrx_word' id='word_1_210' title='bbox 1215 4994 1461 5082; x_wconf 90' lang='lat' dir='ltr'><strong>potest</strong></span> <span class='ocrx_word' id='word_1_211' title='bbox 1521 4986 1628 5061; x_wconf 92' lang='lat' dir='ltr'><strong>sic</strong></span> <span class='ocrx_word' id='word_1_212' title='bbox 1697 4986 1987 5084; x_wconf 89' lang='lat' dir='ltr'><strong>depen-</strong></span> 
     </span>
     <span class='ocr_line' id='line_1_48' title="bbox 449 5102 1991 5201; baseline -0.003 -17"><span class='ocrx_word' id='word_1_213' title='bbox 449 5111 655 5201; x_wconf 88' lang='lat' dir='ltr'><strong>dere,</strong></span> <span class='ocrx_word' id='word_1_214' title='bbox 687 5107 927 5179; x_wconf 90' lang='lat' dir='ltr'><strong>multo</strong></span> <span class='ocrx_word' id='word_1_215' title='bbox 977 5102 1246 5176; x_wconf 84' lang='lat' dir='ltr'><strong>fortius</strong></span> <span class='ocrx_word' id='word_1_216' title='bbox 1287 5125 1798 5201; x_wconf 82' lang='lat' dir='ltr'><strong>quaecumque</strong></span> <span class='ocrx_word' id='word_1_217' title='bbox 1841 5105 1991 5179; x_wconf 88' lang='lat' dir='ltr'><strong>alia</strong></span> 
     </span>
     <span class='ocr_line' id='line_1_49' title="bbox 450 5220 1990 5321; baseline -0.004 -19"><span class='ocrx_word' id='word_1_218' title='bbox 450 5236 728 5317; x_wconf 88' lang='lat' dir='ltr'><strong>creata,</strong></span> <span class='ocrx_word' id='word_1_219' title='bbox 774 5221 957 5321; x_wconf 88' lang='lat' dir='ltr'><strong>quia</strong></span> <span class='ocrx_word' id='word_1_220' title='bbox 1029 5220 1322 5295; x_wconf 88' lang='lat' dir='ltr'><strong>ratione</strong></span> <span class='ocrx_word' id='word_1_221' title='bbox 1392 5221 1990 5319; x_wconf 81' lang='lat' dir='ltr'><strong>imperfectionis</strong></span> 
     </span>
     <span class='ocr_line' id='line_1_50' title="bbox 452 5337 1992 5440; baseline -0.004 -21"><span class='ocrx_word' id='word_1_222' title='bbox 452 5353 590 5432; x_wconf 86' lang='lat' dir='ltr'><strong>est,</strong></span> <span class='ocrx_word' id='word_1_223' title='bbox 659 5339 863 5440; x_wconf 91' lang='lat' dir='ltr'><strong>quod</strong></span> <span class='ocrx_word' id='word_1_224' title='bbox 968 5347 1243 5410; x_wconf 86' lang='lat' dir='ltr'><strong>natura</strong></span> <span class='ocrx_word' id='word_1_225' title='bbox 1346 5337 1774 5435; x_wconf 86' lang='lat' dir='ltr'><strong>dependeat</strong></span> <span class='ocrx_word' id='word_1_226' title='bbox 1848 5342 1992 5413; x_wconf 89' lang='lat' dir='ltr'><strong>hac</strong></span> 
     </span>
     <span class='ocr_line' id='line_1_51' title="bbox 452 5456 1987 5558; baseline -0.004 -22"><span class='ocrx_word' id='word_1_227' title='bbox 452 5456 989 5558; x_wconf 88' lang='lat' dir='ltr'><strong>dependentia,</strong></span> <span class='ocrx_word' id='word_1_228' title='bbox 1026 5477 1202 5551; x_wconf 79' lang='lat' dir='ltr'><strong>quae</strong></span> <span class='ocrx_word' id='word_1_229' title='bbox 1230 5463 1345 5529; x_wconf 92' lang='lat' dir='ltr'><strong>est</strong></span> <span class='ocrx_word' id='word_1_230' title='bbox 1373 5456 1465 5528; x_wconf 91' lang='lat' dir='ltr'><strong>ad</strong></span> <span class='ocrx_word' id='word_1_231' title='bbox 1508 5458 1987 5555; x_wconf 90' lang='lat' dir='ltr'><strong>suppositum</strong></span> 
     </span>
     <span class='ocr_line' id='line_1_52' title="bbox 454 5572 1996 5673; baseline -0.004 -20"><span class='ocrx_word' id='word_1_232' title='bbox 454 5577 768 5653; x_wconf 89' lang='lat' dir='ltr'><strong>alterius</strong></span> <span class='ocrx_word' id='word_1_233' title='bbox 800 5586 1097 5648; x_wconf 80' lang='lat' dir='ltr'><strong>naturoe</strong></span> <span class='ocrx_word' id='word_1_234' title='bbox 1130 5600 1147 5665; x_wconf 92' lang='lat'>;</span> <span class='ocrx_word' id='word_1_235' title='bbox 1185 5572 1418 5668; x_wconf 81' lang='lat' dir='ltr'><strong>igitur</strong></span> <span class='ocrx_word' id='word_1_236' title='bbox 1449 5574 1510 5647; x_wconf 92' lang='lat' dir='ltr'><strong>si</strong></span> <span class='ocrx_word' id='word_1_237' title='bbox 1546 5575 1733 5648; x_wconf 91' lang='lat' dir='ltr'><strong>illud</strong></span> <span class='ocrx_word' id='word_1_238' title='bbox 1777 5598 1996 5673; x_wconf 88' lang='lat' dir='ltr'><strong>repu-</strong></span> 
     </span>
    </p>
   </div>
   <div class='ocr_carea' id='block_1_12' title="bbox 3468 472 3595 540">
    <p class='ocr_par' dir='ltr' id='par_1_14' title="bbox 3468 472 3595 540">
     <span class='ocr_line' id='line_1_53' title="bbox 3468 472 3595 540; baseline 0 0"><span class='ocrx_word' id='word_1_239' title='bbox 3468 472 3595 540; x_wconf 77' lang='lat'><strong>259</strong></span> 
     </span>
    </p>
   </div>
   <div class='ocr_carea' id='block_1_13' title="bbox 2051 653 3960 5556">
    <p class='ocr_par' dir='ltr' id='par_1_15' title="bbox 2051 653 3617 2393">
     <span class='ocr_line' id='line_1_54' title="bbox 2052 653 3589 755; baseline -0.005 -25"><span class='ocrx_word' id='word_1_240' title='bbox 2052 665 2363 755; x_wconf 90' lang='lat' dir='ltr'><strong>propter</strong></span> <span class='ocrx_word' id='word_1_241' title='bbox 2457 654 3000 752; x_wconf 82' lang='lat' dir='ltr'><strong>perfectionem</strong></span> <span class='ocrx_word' id='word_1_242' title='bbox 3098 653 3589 727; x_wconf 85' lang='lat' dir='ltr'><strong>intrinsecam</strong></span> 
     </span>
     <span class='ocr_line' id='line_1_55' title="bbox 2051 769 3598 847; baseline -0.005 -1"><span class='ocrx_word' id='word_1_243' title='bbox 2051 772 2198 847; x_wconf 90' lang='lat' dir='ltr'><strong>sibi</strong></span> <span class='ocrx_word' id='word_1_244' title='bbox 2233 772 2765 845; x_wconf 84' lang='lat' dir='ltr'><strong>inhaerentem.</strong></span> <span class='ocrx_word' id='word_1_245' title='bbox 2802 770 2949 845; x_wconf 86' lang='lat' dir='ltr'><strong>Sed</strong></span> <span class='ocrx_word' id='word_1_246' title='bbox 3003 769 3217 844; x_wconf 88' lang='lat' dir='ltr'><strong>nulla</strong></span> <span class='ocrx_word' id='word_1_247' title='bbox 3247 777 3598 842; x_wconf 89' lang='lat' dir='ltr'><strong>creatura</strong></span> 
     </span>
     <span class='ocr_line' id='line_1_56' title="bbox 2053 885 3617 985; baseline -0.009 -21"><span class='ocrx_word' id='word_1_248' title='bbox 2053 889 2282 964; x_wconf 89' lang='lat' dir='ltr'><strong>habet</strong></span> <span class='ocrx_word' id='word_1_249' title='bbox 2315 889 2393 961; x_wconf 92' lang='lat' dir='ltr'><strong>in</strong></span> <span class='ocrx_word' id='word_1_250' title='bbox 2449 911 2529 963; x_wconf 92' lang='lat' dir='ltr'><strong>se</strong></span> <span class='ocrx_word' id='word_1_251' title='bbox 2592 887 2957 984; x_wconf 87' lang='lat' dir='ltr'><strong>majorem</strong></span> <span class='ocrx_word' id='word_1_252' title='bbox 3021 885 3617 985; x_wconf 72' lang='lat' dir='ltr'><strong>perfectionem,</strong></span> 
     </span>
     <span class='ocr_line' id='line_1_57' title="bbox 2054 1002 3596 1104; baseline -0.004 -24"><span class='ocrx_word' id='word_1_253' title='bbox 2054 1030 2289 1104; x_wconf 91' lang='lat' dir='ltr'><strong>quam</strong></span> <span class='ocrx_word' id='word_1_254' title='bbox 2340 1014 2616 1079; x_wconf 91' lang='lat' dir='ltr'><strong>natura</strong></span> <span class='ocrx_word' id='word_1_255' title='bbox 2684 1003 3222 1079; x_wconf 86' lang='lat' dir='ltr'><strong>intellectualis</strong></span> <span class='ocrx_word' id='word_1_256' title='bbox 3281 1031 3298 1096; x_wconf 91' lang='lat'>;</span> <span class='ocrx_word' id='word_1_257' title='bbox 3362 1002 3596 1098; x_wconf 78' lang='lat' dir='ltr'><strong>igitur</strong></span> 
     </span>
     <span class='ocr_line' id='line_1_58' title="bbox 2052 1118 3594 1217; baseline -0.004 -21"><span class='ocrx_word' id='word_1_258' title='bbox 2052 1146 2207 1196; x_wconf 91' lang='lat' dir='ltr'><strong>non</strong></span> <span class='ocrx_word' id='word_1_259' title='bbox 2255 1121 2482 1195; x_wconf 89' lang='lat' dir='ltr'><strong>habet</strong></span> <span class='ocrx_word' id='word_1_260' title='bbox 2524 1121 2600 1193; x_wconf 93' lang='lat' dir='ltr'><strong>in</strong></span> <span class='ocrx_word' id='word_1_261' title='bbox 2644 1143 2723 1195; x_wconf 91' lang='lat' dir='ltr'><strong>se</strong></span> <span class='ocrx_word' id='word_1_262' title='bbox 2757 1120 2983 1194; x_wconf 88' lang='lat' dir='ltr'><strong>aliam</strong></span> <span class='ocrx_word' id='word_1_263' title='bbox 3019 1118 3594 1217; x_wconf 83' lang='lat' dir='ltr'><strong>perfectionem,</strong></span> 
     </span>
     <span class='ocr_line' id='line_1_59' title="bbox 2054 1236 3598 1339; baseline -0.004 -26"><span class='ocrx_word' id='word_1_264' title='bbox 2054 1247 2624 1339; x_wconf 85' lang='lat' dir='ltr'><strong>propterquam</strong></span> <span class='ocrx_word' id='word_1_265' title='bbox 2695 1247 3073 1335; x_wconf 84' lang='lat' dir='ltr'><strong>repugnat</strong></span> <span class='ocrx_word' id='word_1_266' title='bbox 3129 1236 3274 1310; x_wconf 86' lang='lat' dir='ltr'><strong>sibi</strong></span> <span class='ocrx_word' id='word_1_267' title='bbox 3307 1236 3598 1333; x_wconf 92' lang='lat' dir='ltr'><strong>depen-</strong></span> 
     </span>
     <span class='ocr_line' id='line_1_60' title="bbox 2054 1352 3594 1453; baseline -0.003 -23"><span class='ocrx_word' id='word_1_268' title='bbox 2054 1356 2235 1432; x_wconf 91' lang='lat' dir='ltr'><strong>dere</strong></span> <span class='ocrx_word' id='word_1_269' title='bbox 2298 1358 2439 1431; x_wconf 89' lang='lat' dir='ltr'><strong>hac</strong></span> <span class='ocrx_word' id='word_1_270' title='bbox 2516 1354 3054 1453; x_wconf 84' lang='lat' dir='ltr'><strong>dependentia,</strong></span> <span class='ocrx_word' id='word_1_271' title='bbox 3118 1364 3191 1429; x_wconf 90' lang='lat' dir='ltr'><strong>et</strong></span> <span class='ocrx_word' id='word_1_272' title='bbox 3255 1352 3594 1428; x_wconf 90' lang='lat' dir='ltr'><strong>Verbum</strong></span> 
     </span>
     <span class='ocr_line' id='line_1_61' title="bbox 2055 1471 3600 1573; baseline -0.004 -25"><span class='ocrx_word' id='word_1_273' title='bbox 2055 1482 2305 1573; x_wconf 86' lang='lat' dir='ltr'><strong>potest</strong></span> <span class='ocrx_word' id='word_1_274' title='bbox 2353 1473 2768 1547; x_wconf 90' lang='lat' dir='ltr'><strong>terminare</strong></span> <span class='ocrx_word' id='word_1_275' title='bbox 2836 1471 3454 1570; x_wconf 88' lang='lat' dir='ltr'><strong>dependentiam,</strong></span> <span class='ocrx_word' id='word_1_276' title='bbox 3492 1471 3600 1544; x_wconf 91' lang='lat' dir='ltr'><strong>si-</strong></span> 
     </span>
     <span class='ocr_line' id='line_1_62' title="bbox 2057 1590 3601 1690; baseline -0.002 -23"><span class='ocrx_word' id='word_1_277' title='bbox 2057 1603 2186 1667; x_wconf 90' lang='lat' dir='ltr'><strong>cut</strong></span> <span class='ocrx_word' id='word_1_278' title='bbox 2225 1590 2813 1690; x_wconf 91' lang='lat' dir='ltr'><strong>dependentiam</strong></span> <span class='ocrx_word' id='word_1_279' title='bbox 2860 1598 3156 1664; x_wconf 83' lang='lat' dir='ltr'><strong>naturae</strong></span> <span class='ocrx_word' id='word_1_280' title='bbox 3212 1590 3601 1664; x_wconf 88' lang='lat' dir='ltr'><strong>rationalis</strong></span> 
     </span>
     <span class='ocr_line' id='line_1_63' title="bbox 2058 1708 3605 1806; baseline -0.004 -20"><span class='ocrx_word' id='word_1_281' title='bbox 2058 1722 2360 1787; x_wconf 82' lang='lat' dir='ltr'><strong>creatae.</strong></span> <span class='ocrx_word' id='word_1_282' title='bbox 2401 1710 2594 1797; x_wconf 87' lang='lat' dir='ltr'><strong>Quia</strong></span> <span class='ocrx_word' id='word_1_283' title='bbox 2653 1709 2716 1783; x_wconf 94' lang='lat' dir='ltr'><strong>si</strong></span> <span class='ocrx_word' id='word_1_284' title='bbox 2795 1708 3134 1782; x_wconf 88' lang='lat' dir='ltr'><strong>Verbum</strong></span> <span class='ocrx_word' id='word_1_285' title='bbox 3192 1731 3339 1780; x_wconf 93' lang='lat' dir='ltr'><strong>non</strong></span> <span class='ocrx_word' id='word_1_286' title='bbox 3404 1715 3605 1806; x_wconf 90' lang='lat' dir='ltr'><strong>esset</strong></span> 
     </span>
     <span class='ocr_line' id='line_1_64' title="bbox 2059 1826 3598 1931; baseline -0.006 -24"><span class='ocrx_word' id='word_1_287' title='bbox 2059 1853 2417 1931; x_wconf 90' lang='lat' dir='ltr'><strong>persona,</strong></span> <span class='ocrx_word' id='word_1_288' title='bbox 2489 1829 2619 1902; x_wconf 90' lang='lat' dir='ltr'><strong>sed</strong></span> <span class='ocrx_word' id='word_1_289' title='bbox 2708 1837 3000 1901; x_wconf 88' lang='lat' dir='ltr'><strong>tantum</strong></span> <span class='ocrx_word' id='word_1_290' title='bbox 3086 1826 3598 1924; x_wconf 90' lang='lat' dir='ltr'><strong>suppositum,</strong></span> 
     </span>
     <span class='ocr_line' id='line_1_65' title="bbox 2060 1942 3606 2045; baseline -0.003 -25"><span class='ocrx_word' id='word_1_291' title='bbox 2060 1955 2318 2045; x_wconf 93' lang='lat' dir='ltr'><strong>posset</strong></span> <span class='ocrx_word' id='word_1_292' title='bbox 2351 1945 2759 2020; x_wconf 86' lang='lat' dir='ltr'><strong>terminare</strong></span> <span class='ocrx_word' id='word_1_293' title='bbox 2792 1942 3378 2041; x_wconf 90' lang='lat' dir='ltr'><strong>dependentiam</strong></span> <span class='ocrx_word' id='word_1_294' title='bbox 3426 1942 3606 2040; x_wconf 90' lang='lat' dir='ltr'><strong>lapi-</strong></span> 
     </span>
     <span class='ocr_line' id='line_1_66' title="bbox 2062 2060 3604 2160; baseline -0.003 -22"><span class='ocrx_word' id='word_1_295' title='bbox 2062 2064 2206 2157; x_wconf 86' lang='lat' dir='ltr'><strong>dis,</strong></span> <span class='ocrx_word' id='word_1_296' title='bbox 2244 2074 2317 2138; x_wconf 92' lang='lat' dir='ltr'><strong>et</strong></span> <span class='ocrx_word' id='word_1_297' title='bbox 2358 2062 2611 2160; x_wconf 90' lang='lat' dir='ltr'><strong>ipsum</strong></span> <span class='ocrx_word' id='word_1_298' title='bbox 2660 2061 3169 2159; x_wconf 83' lang='lat' dir='ltr'><strong>suppositare,</strong></span> <span class='ocrx_word' id='word_1_299' title='bbox 3208 2069 3290 2135; x_wconf 92' lang='lat' dir='ltr'><strong>ut</strong></span> <span class='ocrx_word' id='word_1_300' title='bbox 3330 2060 3393 2133; x_wconf 93' lang='lat' dir='ltr'><strong>si</strong></span> <span class='ocrx_word' id='word_1_301' title='bbox 3449 2084 3604 2134; x_wconf 92' lang='lat' dir='ltr'><strong>non</strong></span> 
     </span>
     <span class='ocr_line' id='line_1_67' title="bbox 2062 2175 3608 2273; baseline -0.003 -20"><span class='ocrx_word' id='word_1_302' title='bbox 2062 2189 2264 2253; x_wconf 88' lang='lat' dir='ltr'><strong>esset</strong></span> <span class='ocrx_word' id='word_1_303' title='bbox 2331 2185 2628 2251; x_wconf 75' lang='lat' dir='ltr'><strong>naturae</strong></span> <span class='ocrx_word' id='word_1_304' title='bbox 2696 2175 3299 2268; x_wconf 88' lang='lat' dir='ltr'><strong>intellectualis;</strong></span> <span class='ocrx_word' id='word_1_305' title='bbox 3374 2175 3608 2273; x_wconf 79' lang='lat' dir='ltr'><strong>igitur</strong></span> 
     </span>
     <span class='ocr_line' id='line_1_68' title="bbox 2063 2302 3578 2393; baseline -0.005 -24"><span class='ocrx_word' id='word_1_306' title='bbox 2063 2320 2217 2370; x_wconf 91' lang='lat' dir='ltr'><strong>non</strong></span> <span class='ocrx_word' id='word_1_307' title='bbox 2252 2302 2524 2393; x_wconf 89' lang='lat' dir='ltr'><strong>potest.</strong></span> <span class='ocrx_word' id='word_1_308' title='bbox 3577 2359 3578 2362; x_wconf 74' lang='grc'>,</span> 
     </span>
    </p>

    <p class='ocr_par' dir='ltr' id='par_1_16' title="bbox 2065 2408 3960 5556">
     <span class='ocr_line' id='line_1_69' title="bbox 2155 2408 3843 2508; baseline 0.001 -24"><span class='ocrx_word' id='word_1_309' title='bbox 2155 2413 2438 2486; x_wconf 89' lang='lat' dir='ltr'><strong>Tamen</strong></span> <span class='ocrx_word' id='word_1_310' title='bbox 2477 2411 2598 2484; x_wconf 85' lang='lat' dir='ltr'><strong>hic</strong></span> <span class='ocrx_word' id='word_1_311' title='bbox 2632 2419 2744 2484; x_wconf 89' lang='lat' dir='ltr'><strong>est</strong></span> <span class='ocrx_word' id='word_1_312' title='bbox 2812 2408 3247 2503; x_wconf 78' lang='lat' dir='ltr'><strong>difficultaS,</strong></span> <span class='ocrx_word' id='word_1_313' title='bbox 3284 2410 3346 2483; x_wconf 92' lang='lat' dir='ltr'><strong>si</strong></span> <span class='ocrx_word' id='word_1_314' title='bbox 3417 2411 3607 2508; x_wconf 92' lang='lat' dir='ltr'><strong>lapis</strong></span> <span class='ocrx_word' id='word_1_315' title='bbox 3777 2437 3843 2502; x_wconf 65' lang='lat'><strong>8,</strong></span> 
     </span>
     <span class='ocr_line' id='line_1_70' title="bbox 2065 2526 3930 2628; baseline -0.002 -25"><span class='ocrx_word' id='word_1_316' title='bbox 2065 2528 2306 2628; x_wconf 91' lang='lat' dir='ltr'><strong>possit</strong></span> <span class='ocrx_word' id='word_1_317' title='bbox 2343 2527 2739 2624; x_wconf 90' lang='lat' dir='ltr'><strong>personari</strong></span> <span class='ocrx_word' id='word_1_318' title='bbox 2798 2526 3339 2624; x_wconf 86' lang='lat' dir='ltr'><strong>personalitate</strong></span> <span class='ocrx_word' id='word_1_319' title='bbox 3406 2527 3608 2601; x_wconf 87' lang='lat' dir='ltr'><strong>divi·</strong></span> <span class='ocrx_word' id='word_1_320' title='bbox 3668 2554 3750 2603; x_wconf 69' lang='lat' dir='ltr'><strong>An</strong></span> <span class='ocrx_word' id='word_1_321' title='bbox 3794 2551 3930 2615; x_wconf 76' lang='lat' dir='ltr'><strong>lapis</strong></span> 
     </span>
     <span class='ocr_line' id='line_1_71' title="bbox 2066 2620 3960 2743; baseline 0.004 -24"><span class='ocrx_word' id='word_1_322' title='bbox 2066 2670 2192 2735; x_wconf 84' lang='lat' dir='ltr'><strong>na,</strong></span> <span class='ocrx_word' id='word_1_323' title='bbox 2263 2654 2424 2720; x_wconf 89' lang='lat' dir='ltr'><strong>esto</strong></span> <span class='ocrx_word' id='word_1_324' title='bbox 2486 2645 2689 2743; x_wconf 90' lang='lat' dir='ltr'><strong>quod</strong></span> <span class='ocrx_word' id='word_1_325' title='bbox 2792 2644 3026 2742; x_wconf 88' lang='lat' dir='ltr'><strong>possit</strong></span> <span class='ocrx_word' id='word_1_326' title='bbox 3110 2620 3960 2742; x_wconf 60' lang='lat' dir='ltr'><strong>suppositari,¹&#39;⁰?3325‘.³“</strong></span> 
     </span>
     <span class='ocr_line' id='line_1_72' title="bbox 2067 2763 3608 2862; baseline 0.001 -25"><span class='ocrx_word' id='word_1_327' title='bbox 2067 2763 2345 2838; x_wconf 86' lang='lat' dir='ltr'><strong>dicitur</strong></span> <span class='ocrx_word' id='word_1_328' title='bbox 2417 2763 2620 2861; x_wconf 89' lang='lat' dir='ltr'><strong>quod</strong></span> <span class='ocrx_word' id='word_1_329' title='bbox 2692 2763 2886 2861; x_wconf 91' lang='lat' dir='ltr'><strong>lapis</strong></span> <span class='ocrx_word' id='word_1_330' title='bbox 2953 2787 3106 2836; x_wconf 90' lang='lat' dir='ltr'><strong>non</strong></span> <span class='ocrx_word' id='word_1_331' title='bbox 3178 2774 3425 2862; x_wconf 89' lang='lat' dir='ltr'><strong>potest</strong></span> <span class='ocrx_word' id='word_1_332' title='bbox 3505 2766 3608 2841; x_wconf 93' lang='lat' dir='ltr'><strong>ibi</strong></span> 
     </span>
     <span class='ocr_line' id='line_1_73' title="bbox 2070 2879 3610 2979; baseline 0.002 -25"><span class='ocrx_word' id='word_1_333' title='bbox 2070 2879 2496 2979; x_wconf 89' lang='lat' dir='ltr'><strong>personari,</strong></span> <span class='ocrx_word' id='word_1_334' title='bbox 2553 2880 2685 2953; x_wconf 90' lang='lat' dir='ltr'><strong>sed</strong></span> <span class='ocrx_word' id='word_1_335' title='bbox 2764 2888 3012 2977; x_wconf 90' lang='lat' dir='ltr'><strong>potest</strong></span> <span class='ocrx_word' id='word_1_336' title='bbox 3072 2882 3610 2979; x_wconf 90' lang='lat' dir='ltr'><strong>hypostasiari,</strong></span> 
     </span>
     <span class='ocr_line' id='line_1_74' title="bbox 2071 2995 3616 3097; baseline 0 -24"><span class='ocrx_word' id='word_1_337' title='bbox 2071 2997 2254 3096; x_wconf 84' lang='lat' dir='ltr'><strong>quia</strong></span> <span class='ocrx_word' id='word_1_338' title='bbox 2284 3005 2398 3072; x_wconf 90' lang='lat' dir='ltr'><strong>est</strong></span> <span class='ocrx_word' id='word_1_339' title='bbox 2454 2995 2554 3070; x_wconf 89' lang='lat' dir='ltr'><strong>ibi</strong></span> <span class='ocrx_word' id='word_1_340' title='bbox 2616 2995 3090 3093; x_wconf 84' lang='lat' dir='ltr'><strong>distinguere</strong></span> <span class='ocrx_word' id='word_1_341' title='bbox 3145 2999 3616 3097; x_wconf 88' lang='lat' dir='ltr'><strong>hypostasim</strong></span> 
     </span>
     <span class='ocr_line' id='line_1_75' title="bbox 2070 3113 3622 3214; baseline 0.003 -25"><span class='ocrx_word' id='word_1_342' title='bbox 2070 3124 2142 3189; x_wconf 88' lang='lat' dir='ltr'><strong>et</strong></span> <span class='ocrx_word' id='word_1_343' title='bbox 2173 3135 2581 3213; x_wconf 89' lang='lat' dir='ltr'><strong>personam</strong></span> <span class='ocrx_word' id='word_1_344' title='bbox 2623 3140 2641 3207; x_wconf 84' lang='lat'>3</span> <span class='ocrx_word' id='word_1_345' title='bbox 2679 3113 3114 3212; x_wconf 87' lang='lat' dir='ltr'><strong>hypostasis</strong></span> <span class='ocrx_word' id='word_1_346' title='bbox 3179 3125 3426 3214; x_wconf 91' lang='lat' dir='ltr'><strong>potest</strong></span> <span class='ocrx_word' id='word_1_347' title='bbox 3489 3117 3622 3193; x_wconf 90' lang='lat' dir='ltr'><strong>de-</strong></span> 
     </span>
     <span class='ocr_line' id='line_1_76' title="bbox 2070 3230 3666 3331; baseline 0.001 -24"><span class='ocrx_word' id='word_1_348' title='bbox 2070 3230 2566 3331; x_wconf 85' lang='lat' dir='ltr'><strong>pendentiam</strong></span> <span class='ocrx_word' id='word_1_349' title='bbox 2641 3231 2917 3328; x_wconf 88' lang='lat' dir='ltr'><strong>lapidis</strong></span> <span class='ocrx_word' id='word_1_350' title='bbox 2979 3232 3424 3329; x_wconf 88' lang='lat' dir='ltr'><strong>terminare,</strong></span> <span class='ocrx_word' id='word_1_351' title='bbox 3487 3235 3666 3310; x_wconf 39' lang='lat' dir='ltr'><strong>sed*</strong></span> 
     </span>
     <span class='ocr_line' id='line_1_77' title="bbox 2073 3348 3624 3447; baseline 0.001 -22"><span class='ocrx_word' id='word_1_352' title='bbox 2073 3375 2230 3425; x_wconf 90' lang='lat' dir='ltr'><strong>non</strong></span> <span class='ocrx_word' id='word_1_353' title='bbox 2302 3348 2808 3447; x_wconf 89' lang='lat' dir='ltr'><strong>personalitas</strong></span> <span class='ocrx_word' id='word_1_354' title='bbox 2877 3348 3172 3444; x_wconf 88' lang='lat' dir='ltr'><strong>divina;</strong></span> <span class='ocrx_word' id='word_1_355' title='bbox 3256 3352 3387 3425; x_wconf 93' lang='lat' dir='ltr'><strong>sed</strong></span> <span class='ocrx_word' id='word_1_356' title='bbox 3479 3352 3624 3427; x_wconf 88' lang='lat' dir='ltr'><strong>ista</strong></span> 
     </span>
     <span class='ocr_line' id='line_1_78' title="bbox 2073 3467 3619 3564; baseline 0.001 -21"><span class='ocrx_word' id='word_1_357' title='bbox 2073 3467 2460 3543; x_wconf 88' lang='lat' dir='ltr'><strong>distinctio</strong></span> <span class='ocrx_word' id='word_1_358' title='bbox 2502 3489 2658 3539; x_wconf 88' lang='lat' dir='ltr'><strong>non</strong></span> <span class='ocrx_word' id='word_1_359' title='bbox 2702 3468 2930 3561; x_wconf 88' lang='lat' dir='ltr'><strong>valet,</strong></span> <span class='ocrx_word' id='word_1_360' title='bbox 2960 3467 3144 3564; x_wconf 89' lang='lat' dir='ltr'><strong>quia</strong></span> <span class='ocrx_word' id='word_1_361' title='bbox 3177 3469 3402 3544; x_wconf 88' lang='lat' dir='ltr'><strong>realis</strong></span> <span class='ocrx_word' id='word_1_362' title='bbox 3436 3470 3619 3544; x_wconf 91' lang='lat' dir='ltr'><strong>unio</strong></span> 
     </span>
     <span class='ocr_line' id='line_1_79' title="bbox 2073 3583 3618 3661; baseline 0 -1"><span class='ocrx_word' id='word_1_363' title='bbox 2073 3586 2305 3661; x_wconf 88' lang='lat' dir='ltr'><strong>habet</strong></span> <span class='ocrx_word' id='word_1_364' title='bbox 2397 3583 2809 3658; x_wconf 89' lang='lat' dir='ltr'><strong>terminum</strong></span> <span class='ocrx_word' id='word_1_365' title='bbox 2927 3584 3237 3658; x_wconf 87' lang='lat' dir='ltr'><strong>realem.</strong></span> <span class='ocrx_word' id='word_1_366' title='bbox 3300 3585 3449 3660; x_wconf 89' lang='lat' dir='ltr'><strong>Sed</strong></span> <span class='ocrx_word' id='word_1_367' title='bbox 3540 3587 3618 3660; x_wconf 90' lang='lat' dir='ltr'><strong>in</strong></span> 
     </span>
     <span class='ocr_line' id='line_1_80' title="bbox 2072 3701 3616 3799; baseline 0.001 -24"><span class='ocrx_word' id='word_1_368' title='bbox 2072 3703 2326 3778; x_wconf 89' lang='lat' dir='ltr'><strong>Verbo</strong></span> <span class='ocrx_word' id='word_1_369' title='bbox 2383 3723 2714 3799; x_wconf 89' lang='lat' dir='ltr'><strong>persona</strong></span> <span class='ocrx_word' id='word_1_370' title='bbox 2782 3709 2856 3774; x_wconf 87' lang='lat' dir='ltr'><strong>et</strong></span> <span class='ocrx_word' id='word_1_371' title='bbox 2928 3701 3360 3799; x_wconf 88' lang='lat' dir='ltr'><strong>hypostasis</strong></span> <span class='ocrx_word' id='word_1_372' title='bbox 3463 3728 3616 3777; x_wconf 91' lang='lat' dir='ltr'><strong>non</strong></span> 
     </span>
     <span class='ocr_line' id='line_1_81' title="bbox 2073 3816 3621 3920; baseline 0.001 -27"><span class='ocrx_word' id='word_1_373' title='bbox 2073 3826 2399 3920; x_wconf 89' lang='lat' dir='ltr'><strong>possunt</strong></span> <span class='ocrx_word' id='word_1_374' title='bbox 2473 3816 2842 3912; x_wconf 84' lang='lat' dir='ltr'><strong>distingui</strong></span> <span class='ocrx_word' id='word_1_375' title='bbox 2913 3816 3055 3891; x_wconf 88' lang='lat' dir='ltr'><strong>nisi</strong></span> <span class='ocrx_word' id='word_1_376' title='bbox 3158 3818 3478 3914; x_wconf 86' lang='lat' dir='ltr'><strong>ratione,</strong></span> <span class='ocrx_word' id='word_1_377' title='bbox 3548 3828 3621 3894; x_wconf 90' lang='lat' dir='ltr'><strong>et</strong></span> 
     </span>
     <span class='ocr_line' id='line_1_82' title="bbox 2072 3933 3620 4012; baseline -0.001 0"><span class='ocrx_word' id='word_1_378' title='bbox 2072 3936 2450 4012; x_wconf 88' lang='lat' dir='ltr'><strong>terminus</strong></span> <span class='ocrx_word' id='word_1_379' title='bbox 2485 3933 2710 4008; x_wconf 89' lang='lat' dir='ltr'><strong>realis</strong></span> <span class='ocrx_word' id='word_1_380' title='bbox 2765 3933 2956 4007; x_wconf 91' lang='lat' dir='ltr'><strong>nihil</strong></span> <span class='ocrx_word' id='word_1_381' title='bbox 3027 3938 3462 4011; x_wconf 83' lang='lat' dir='ltr'><strong>necessario</strong></span> <span class='ocrx_word' id='word_1_382' title='bbox 3495 3938 3620 4010; x_wconf 91' lang='lat' dir='ltr'><strong>in-</strong></span> 
     </span>
     <span class='ocr_line' id='line_1_83' title="bbox 2076 4051 3613 4150; baseline -0.001 -20"><span class='ocrx_word' id='word_1_383' title='bbox 2076 4054 2339 4148; x_wconf 88' lang='lat' dir='ltr'><strong>cludit,</strong></span> <span class='ocrx_word' id='word_1_384' title='bbox 2378 4051 2584 4150; x_wconf 88' lang='lat' dir='ltr'><strong>quod</strong></span> <span class='ocrx_word' id='word_1_385' title='bbox 2624 4061 2737 4125; x_wconf 85' lang='lat' dir='ltr'><strong>est</strong></span> <span class='ocrx_word' id='word_1_386' title='bbox 2767 4073 2905 4124; x_wconf 91' lang='lat' dir='ltr'><strong>ens</strong></span> <span class='ocrx_word' id='word_1_387' title='bbox 2955 4052 3204 4125; x_wconf 89' lang='lat' dir='ltr'><strong>solum</strong></span> <span class='ocrx_word' id='word_1_388' title='bbox 3266 4054 3613 4145; x_wconf 85' lang='lat' dir='ltr'><strong>rationis,</strong></span> 
     </span>
     <span class='ocr_line' id='line_1_84' title="bbox 2078 4170 3622 4272; baseline 0 -24"><span class='ocrx_word' id='word_1_389' title='bbox 2078 4176 2248 4249; x_wconf 92' lang='lat' dir='ltr'><strong>ideo</strong></span> <span class='ocrx_word' id='word_1_390' title='bbox 2282 4171 2473 4245; x_wconf 91' lang='lat' dir='ltr'><strong>nihil</strong></span> <span class='ocrx_word' id='word_1_391' title='bbox 2517 4170 2936 4258; x_wconf 87' lang='lat' dir='ltr'><strong>estdicere,</strong></span> <span class='ocrx_word' id='word_1_392' title='bbox 2974 4173 3179 4268; x_wconf 91' lang='lat' dir='ltr'><strong>quod</strong></span> <span class='ocrx_word' id='word_1_393' title='bbox 3241 4174 3433 4271; x_wconf 89' lang='lat' dir='ltr'><strong>lapis</strong></span> <span class='ocrx_word' id='word_1_394' title='bbox 3483 4199 3622 4272; x_wconf 92' lang='lat' dir='ltr'><strong>po-</strong></span> 
     </span>
     <span class='ocr_line' id='line_1_85' title="bbox 2078 4287 3621 4388; baseline 0 -23"><span class='ocrx_word' id='word_1_395' title='bbox 2078 4302 2224 4367; x_wconf 90' lang='lat' dir='ltr'><strong>test</strong></span> <span class='ocrx_word' id='word_1_396' title='bbox 2265 4287 2803 4388; x_wconf 86' lang='lat' dir='ltr'><strong>hypostasiari,</strong></span> <span class='ocrx_word' id='word_1_397' title='bbox 2850 4297 2924 4362; x_wconf 89' lang='lat' dir='ltr'><strong>et</strong></span> <span class='ocrx_word' id='word_1_398' title='bbox 2982 4312 3134 4362; x_wconf 91' lang='lat' dir='ltr'><strong>non</strong></span> <span class='ocrx_word' id='word_1_399' title='bbox 3192 4293 3621 4387; x_wconf 88' lang='lat' dir='ltr'><strong>personari,</strong></span> 
     </span>
     <span class='ocr_line' id='line_1_86' title="bbox 2083 4405 3625 4508; baseline -0.001 -24"><span class='ocrx_word' id='word_1_400' title='bbox 2083 4417 2459 4508; x_wconf 89' lang='lat' dir='ltr'><strong>quantum</strong></span> <span class='ocrx_word' id='word_1_401' title='bbox 2493 4413 2607 4480; x_wconf 93' lang='lat' dir='ltr'><strong>est</strong></span> <span class='ocrx_word' id='word_1_402' title='bbox 2647 4428 2739 4479; x_wconf 86' lang='lat' dir='ltr'><strong>ex</strong></span> <span class='ocrx_word' id='word_1_403' title='bbox 2791 4414 3005 4502; x_wconf 89' lang='lat' dir='ltr'><strong>parte</strong></span> <span class='ocrx_word' id='word_1_404' title='bbox 3065 4405 3323 4496; x_wconf 85' lang='lat' dir='ltr'><strong>Verbi,</strong></span> <span class='ocrx_word' id='word_1_405' title='bbox 3374 4417 3625 4484; x_wconf 90' lang='lat' dir='ltr'><strong>tamen</strong></span> 
     </span>
     <span class='ocr_line' id='line_1_87' title="bbox 2084 4520 3633 4622; baseline 0.001 -24"><span class='ocrx_word' id='word_1_406' title='bbox 2084 4525 2146 4598; x_wconf 92' lang='lat' dir='ltr'><strong>si</strong></span> <span class='ocrx_word' id='word_1_407' title='bbox 2204 4532 2459 4621; x_wconf 87' lang='lat' dir='ltr'><strong>posset</strong></span> <span class='ocrx_word' id='word_1_408' title='bbox 2527 4520 3066 4619; x_wconf 89' lang='lat' dir='ltr'><strong>hypostasiari,</strong></span> <span class='ocrx_word' id='word_1_409' title='bbox 3105 4530 3178 4596; x_wconf 92' lang='lat' dir='ltr'><strong>et</strong></span> <span class='ocrx_word' id='word_1_410' title='bbox 3244 4547 3397 4596; x_wconf 90' lang='lat' dir='ltr'><strong>non</strong></span> <span class='ocrx_word' id='word_1_411' title='bbox 3469 4548 3633 4622; x_wconf 90' lang='lat' dir='ltr'><strong>per-</strong></span> 
     </span>
     <span class='ocr_line' id='line_1_88' title="bbox 2087 4637 3636 4739; baseline 0 -22"><span class='ocrx_word' id='word_1_412' title='bbox 2087 4640 2373 4730; x_wconf 86' lang='lat' dir='ltr'><strong>sonari,</strong></span> <span class='ocrx_word' id='word_1_413' title='bbox 2422 4641 2564 4713; x_wconf 89' lang='lat' dir='ltr'><strong>hoc</strong></span> <span class='ocrx_word' id='word_1_414' title='bbox 2605 4638 2749 4712; x_wconf 86' lang='lat' dir='ltr'><strong>erit</strong></span> <span class='ocrx_word' id='word_1_415' title='bbox 2781 4637 3071 4711; x_wconf 90' lang='lat' dir='ltr'><strong>ratione</strong></span> <span class='ocrx_word' id='word_1_416' title='bbox 3115 4638 3417 4736; x_wconf 82' lang='lat' dir='ltr'><strong>lapidis,</strong></span> <span class='ocrx_word' id='word_1_417' title='bbox 3452 4644 3636 4739; x_wconf 88' lang='lat' dir='ltr'><strong>quia</strong></span> 
     </span>
     <span class='ocr_line' id='line_1_89' title="bbox 2078 4754 3637 4859; baseline 0.002 -27"><span class='ocrx_word' id='word_1_418' title='bbox 2078 4757 2495 4859; x_wconf 77' lang='lat' dir='ltr'><strong>personari</strong></span> <span class='ocrx_word' id='word_1_419' title='bbox 2557 4754 2738 4828; x_wconf 88' lang='lat' dir='ltr'><strong>dicit</strong></span> <span class='ocrx_word' id='word_1_420' title='bbox 2800 4754 3001 4827; x_wconf 87' lang='lat' dir='ltr'><strong>uniri</strong></span> <span class='ocrx_word' id='word_1_421' title='bbox 3087 4777 3467 4853; x_wconf 71' lang='lat' dir='ltr'><strong>personae,</strong></span> <span class='ocrx_word' id='word_1_422' title='bbox 3563 4771 3637 4835; x_wconf 89' lang='lat' dir='ltr'><strong>et</strong></span> 
     </span>
     <span class='ocr_line' id='line_1_90' title="bbox 2093 4870 3637 4973; baseline 0 -25"><span class='ocrx_word' id='word_1_423' title='bbox 2093 4874 2299 4972; x_wconf 88' lang='lat' dir='ltr'><strong>quod</strong></span> <span class='ocrx_word' id='word_1_424' title='bbox 2331 4872 2428 4946; x_wconf 93' lang='lat' dir='ltr'><strong>sit</strong></span> <span class='ocrx_word' id='word_1_425' title='bbox 2472 4870 2640 4944; x_wconf 87' lang='lat' dir='ltr'><strong>talis</strong></span> <span class='ocrx_word' id='word_1_426' title='bbox 2683 4878 3005 4959; x_wconf 60' lang='lat' dir='ltr'><strong>naturae,</strong></span> <span class='ocrx_word' id='word_1_427' title='bbox 3044 4892 3219 4967; x_wconf 67' lang='lat' dir='ltr'><strong>quse</strong></span> <span class='ocrx_word' id='word_1_428' title='bbox 3288 4883 3402 4947; x_wconf 91' lang='lat' dir='ltr'><strong>est</strong></span> <span class='ocrx_word' id='word_1_429' title='bbox 3458 4899 3637 4973; x_wconf 88' lang='lat' dir='ltr'><strong>per-</strong></span> 
     </span>
     <span class='ocr_line' id='line_1_91' title="bbox 2093 4982 3637 5087; baseline -0.001 -20"><span class='ocrx_word' id='word_1_430' title='bbox 2093 4989 2463 5067; x_wconf 88' lang='lat' dir='ltr'><strong>sonabilis</strong></span> <span class='ocrx_word' id='word_1_431' title='bbox 2523 4987 2596 5060; x_wconf 90' lang='lat' dir='ltr'><strong>in</strong></span> <span class='ocrx_word' id='word_1_432' title='bbox 2658 5010 2738 5061; x_wconf 90' lang='lat' dir='ltr'><strong>se</strong></span> <span class='ocrx_word' id='word_1_433' title='bbox 2799 5014 2816 5079; x_wconf 88' lang='lat'>;</span> <span class='ocrx_word' id='word_1_434' title='bbox 2884 4986 3055 5061; x_wconf 91' lang='lat' dir='ltr'><strong>ideo</strong></span> <span class='ocrx_word' id='word_1_435' title='bbox 3125 4982 3637 5087; x_wconf 80' lang='lat' dir='ltr'><strong>dependentia</strong></span> 
     </span>
     <span class='ocr_line' id='line_1_92' title="bbox 2095 5103 3633 5208; baseline 0 -25"><span class='ocrx_word' id='word_1_436' title='bbox 2095 5107 2371 5208; x_wconf 89' lang='lat' dir='ltr'><strong>lapidis</strong></span> <span class='ocrx_word' id='word_1_437' title='bbox 2405 5113 2651 5204; x_wconf 90' lang='lat' dir='ltr'><strong>potest</strong></span> <span class='ocrx_word' id='word_1_438' title='bbox 2690 5103 3085 5178; x_wconf 87' lang='lat' dir='ltr'><strong>terminari</strong></span> <span class='ocrx_word' id='word_1_439' title='bbox 3128 5106 3222 5179; x_wconf 89' lang='lat' dir='ltr'><strong>ad</strong></span> <span class='ocrx_word' id='word_1_440' title='bbox 3263 5106 3633 5204; x_wconf 88' lang='lat' dir='ltr'><strong>Verbum,</strong></span> 
     </span>
     <span class='ocr_line' id='line_1_93' title="bbox 2100 5222 3634 5321; baseline 0.001 -23"><span class='ocrx_word' id='word_1_441' title='bbox 2100 5233 2183 5299; x_wconf 90' lang='lat' dir='ltr'><strong>ut</strong></span> <span class='ocrx_word' id='word_1_442' title='bbox 2207 5244 2537 5321; x_wconf 86' lang='lat' dir='ltr'><strong>persona</strong></span> <span class='ocrx_word' id='word_1_443' title='bbox 2579 5231 2717 5314; x_wconf 90' lang='lat' dir='ltr'><strong>est,</strong></span> <span class='ocrx_word' id='word_1_444' title='bbox 2764 5227 2837 5294; x_wconf 91' lang='lat' dir='ltr'><strong>et</strong></span> <span class='ocrx_word' id='word_1_445' title='bbox 2899 5222 3189 5293; x_wconf 88' lang='lat' dir='ltr'><strong>assumi</strong></span> <span class='ocrx_word' id='word_1_446' title='bbox 3245 5247 3289 5296; x_wconf 91' lang='lat' dir='ltr'><strong>a</strong></span> <span class='ocrx_word' id='word_1_447' title='bbox 3353 5224 3634 5300; x_wconf 90' lang='lat' dir='ltr'><strong>Verb0.</strong></span> 
     </span>
     <span class='ocr_line' id='line_1_94' title="bbox 2097 5336 3753 5436; baseline 0.002 -25"><span class='ocrx_word' id='word_1_448' title='bbox 2097 5340 2268 5432; x_wconf 88' lang='lat' dir='ltr'><strong>Vel,</strong></span> <span class='ocrx_word' id='word_1_449' title='bbox 2313 5349 2475 5413; x_wconf 88' lang='lat' dir='ltr'><strong>esto</strong></span> <span class='ocrx_word' id='word_1_450' title='bbox 2508 5336 2712 5434; x_wconf 88' lang='lat' dir='ltr'><strong>quod</strong></span> <span class='ocrx_word' id='word_1_451' title='bbox 2742 5338 3159 5434; x_wconf 73' lang='lat' dir='ltr'><strong>personari</strong></span> <span class='ocrx_word' id='word_1_452' title='bbox 3186 5362 3336 5411; x_wconf 89' lang='lat' dir='ltr'><strong>non</strong></span> <span class='ocrx_word' id='word_1_453' title='bbox 3399 5341 3643 5436; x_wconf 81' lang='lat' dir='ltr'><strong>signi-</strong></span> <span class='ocrx_word' id='word_1_454' title='bbox 3747 5352 3753 5357; x_wconf 81' lang='grc'><strong>’</strong></span> 
     </span>
     <span class='ocr_line' id='line_1_95' title="bbox 2102 5454 3646 5556; baseline 0.001 -27"><span class='ocrx_word' id='word_1_455' title='bbox 2102 5456 2275 5531; x_wconf 86' lang='lat' dir='ltr'><strong>ficet</strong></span> <span class='ocrx_word' id='word_1_456' title='bbox 2317 5456 2533 5548; x_wconf 91' lang='lat' dir='ltr'><strong>illud,</strong></span> <span class='ocrx_word' id='word_1_457' title='bbox 2581 5454 2788 5553; x_wconf 89' lang='lat' dir='ltr'><strong>quod</strong></span> <span class='ocrx_word' id='word_1_458' title='bbox 2824 5462 3099 5527; x_wconf 86' lang='lat' dir='ltr'><strong>natura</strong></span> <span class='ocrx_word' id='word_1_459' title='bbox 3139 5455 3451 5530; x_wconf 89' lang='lat' dir='ltr'><strong>uniatur</strong></span> <span class='ocrx_word' id='word_1_460' title='bbox 3482 5482 3646 5556; x_wconf 88' lang='lat' dir='ltr'><strong>per-</strong></span> 
     </span>
    </p>
   </div>
   <div class='ocr_carea' id='block_1_14' title="bbox 2103 5573 3646 5672">
    <p class='ocr_par' dir='ltr' id='par_1_17' title="bbox 2103 5573 3646 5672">
     <span class='ocr_line' id='line_1_96' title="bbox 2103 5573 3646 5672; baseline 0.001 -23"><span class='ocrx_word' id='word_1_461' title='bbox 2103 5600 2343 5655; x_wconf 80' lang='lat' dir='ltr'><strong>sonae.</strong></span> <span class='ocrx_word' id='word_1_462' title='bbox 2409 5575 2540 5649; x_wconf 91' lang='lat' dir='ltr'><strong>sed</strong></span> <span class='ocrx_word' id='word_1_463' title='bbox 2645 5573 2847 5672; x_wconf 89' lang='lat' dir='ltr'><strong>quod</strong></span> <span class='ocrx_word' id='word_1_464' title='bbox 2911 5582 3184 5647; x_wconf 89' lang='lat' dir='ltr'><strong>natura</strong></span> <span class='ocrx_word' id='word_1_465' title='bbox 3245 5576 3320 5648; x_wconf 90' lang='lat' dir='ltr'><strong>in</strong></span> <span class='ocrx_word' id='word_1_466' title='bbox 3382 5600 3461 5651; x_wconf 90' lang='lat' dir='ltr'><strong>se</strong></span> <span class='ocrx_word' id='word_1_467' title='bbox 3551 5577 3646 5651; x_wconf 86' lang='lat' dir='ltr'><strong>sit</strong></span> 
     </span>
    </p>
   </div>
   <div class='ocr_carea' id='block_1_15' title="bbox 3654 4165 3964 4344">
    <p class='ocr_par' dir='ltr' id='par_1_18' title="bbox 3654 4165 3964 4344">
     <span class='ocr_line' id='line_1_97' title="bbox 3682 4165 3937 4231; baseline 0.008 -16"><span class='ocrx_word' id='word_1_468' title='bbox 3682 4165 3842 4231; x_wconf 85' lang='lat' dir='ltr'><strong>Lapis</strong></span> <span class='ocrx_word' id='word_1_469' title='bbox 3870 4180 3937 4217; x_wconf 82' lang='lat' dir='ltr'><strong>au</strong></span> 
     </span>
     <span class='ocr_line' id='line_1_98' title="bbox 3654 4230 3964 4344; baseline -0.01 -61"><span class='ocrx_word' id='word_1_470' title='bbox 3654 4230 3964 4344; x_wconf 51' lang='lat' dir='ltr'><strong>persoinsabi·</strong></span> 
     </span>
    </p>
   </div>
   <div class='ocr_carea' id='block_1_16' title="bbox 80 5690 3644 6183">
    <p class='ocr_par' dir='ltr' id='par_1_19' title="bbox 80 5690 3644 6183">
     <span class='ocr_line' id='line_1_99' title="bbox 80 5690 3644 6183; baseline 0 -415"><span class='ocrx_word' id='word_1_471' title='bbox 80 5714 119 6183; x_wconf 48' lang='grc' dir='ltr'>ἱ</span> <span class='ocrx_word' id='word_1_472' title='bbox 458 5701 724 5791; x_wconf 84' lang='lat' dir='ltr'><strong>gnaret</strong></span> <span class='ocrx_word' id='word_1_473' title='bbox 791 5690 1019 5766; x_wconf 90' lang='lat' dir='ltr'><strong>alicui</strong></span> <span class='ocrx_word' id='word_1_474' title='bbox 1115 5698 1442 5785; x_wconf 80' lang='lat' dir='ltr'><strong>naturae,</strong></span> <span class='ocrx_word' id='word_1_475' title='bbox 1543 5694 1687 5766; x_wconf 91' lang='lat' dir='ltr'><strong>hoc</strong></span> <span class='ocrx_word' id='word_1_476' title='bbox 1798 5702 1999 5767; x_wconf 91' lang='lat' dir='ltr'><strong>esset</strong></span> <span class='ocrx_word' id='word_1_477' title='bbox 2103 5691 2640 5791; x_wconf 90' lang='lat' dir='ltr'><strong>personabilis,</strong></span> <span class='ocrx_word' id='word_1_478' title='bbox 2716 5699 2969 5763; x_wconf 89' lang='lat' dir='ltr'><strong>tamen</strong></span> <span class='ocrx_word' id='word_1_479' title='bbox 3040 5691 3184 5764; x_wconf 85' lang='lat' dir='ltr'><strong>hoc</strong></span> <span class='ocrx_word' id='word_1_480' title='bbox 3253 5704 3644 5789; x_wconf 87' lang='lat' dir='ltr'><strong>connotat,</strong></span> 
     </span>
    </p>
   </div>
  </div>
 </body>
</html>
