4295 6326
443 1465 550 1531 10.

350 1581 391 1629 Ο
432 1580 541 1629 inio
568 1580 610 1629 3.

420 1642 585 1691 eoric.

353 1704 536 1768 quodi.
565 1707 611 1754 3.

346 1770 538 1833 quaest.
570 1770 615 1818 4.

442 5187 546 5252 11.

352 5299 613 5351 ilenricus

337 5363 609 5414 refellitur.

1207 836 1567 894 SCllOLlUM
1608 835 1699 892 lv,

753 983 1052 1039 Sententia
1083 981 1334 1050 Henrici,
1370 982 1657 1053 potentias
1684 997 1812 1037 esse
1843 982 1996 1036 idem
2022 982 2228 1037 animm

683 1072 944 1129 realitate
974 1071 1257 1137 absoluta,
1292 1073 1387 1125 sed
1423 1070 1706 1142 distingui
1742 1072 1813 1125 nb
1854 1088 1918 1126 ea
1968 1072 2228 1127 realitate

681 1162 970 1230 relativa3
1020 1161 1311 1216 refutatur
1361 1162 1506 1227 fuse,
1556 1166 1611 1215 et
1659 1160 1986 1216 ostenditur
2025 1160 2228 1216 Heusi-

681 1268 837 1315 oum.
873 1252 928 1306 in
965 1253 1168 1307 multis
1191 1251 1297 1307 sibi
1332 1252 1742 1307 contradicere.

774 1448 1023 1523 Tertia
1081 1449 1205 1522 via
1272 1458 1409 1536 est,
1484 1450 1688 1548 quod
1745 1474 1896 1522 non
1967 1450 2229 1524 distin-

675 1565 937 1660 guitur
1004 1565 1309 1640 realiter
1376 1567 1469 1640 ab
1521 1566 1853 1642 essentia
1912 1566 2220 1663 animae,

678 1707 818 1758 nec
866 1684 1065 1757 inter
1131 1708 1211 1759 se
1270 1709 1346 1759 re
1408 1685 1785 1779 absoluta,
1849 1688 1980 1760 sed
2054 1695 2223 1760 tan-

680 1813 839 1876 tum
910 1811 1090 1876 sunt
1155 1802 1513 1877 distincta
1570 1826 1649 1877 re
1719 1805 1982 1897 relata,
2042 1804 2224 1902 quia

676 1918 933 1993 anima
1048 1943 1204 1993 non
1300 1920 1579 1993 dicitur
1672 1931 1885 1994 actus
1979 1931 2217 2015 extra,

676 2034 858 2133 quia
951 2035 1021 2107 9.
1120 2035 1457 2132 Metaph.
1558 2045 1734 2110 text.
1840 2034 1955 2107 15.
2059 2037 2222 2109 Po-

673 2152 912 2226 tentia
978 2152 1478 2249 distinquitm·
1528 2176 1674 2251 per
1739 2160 1970 2239 actae,
2049 2163 2121 2227 et
2180 2177 2220 2227 e

674 2277 1017 2361 contra3
1117 2269 1349 2363 igitur
1434 2278 1648 2343 actus
1719 2277 1794 2343 et
1880 2270 2223 2366 potentia

673 2395 853 2458 sunt
916 2385 1296 2478 relativa3
1361 2386 1696 2460 essentia
1763 2386 1996 2482 igitur
2049 2385 2223 2459 ani-

671 2526 816 2576 moe
895 2502 1373 2576 considerata
1426 2503 1569 2576 sub
1640 2502 1765 2576 tali
1833 2513 2216 2600 respectu,

670 2617 949 2692 dicitur
1041 2617 1215 2691 talis
1281 2618 1648 2715 potentia,
1721 2628 1795 2693 et
1852 2619 1961 2693 sic
2031 2643 2222 2693 con-

671 2733 1002 2808 siderata
1081 2733 1223 2808 sub
1293 2734 1442 2807 alio
1522 2744 1870 2831 respectu
1942 2734 2222 2809 dicitur

670 2848 820 2923 alia
888 2849 1249 2945 potentia.
1312 2847 1562 2935 Quare
1630 2858 1885 2923 autem
1963 2850 2220 2925 deter-

672 2965 1010 3038 minatur
1066 2964 1326 3039 anima
1371 2965 1464 3039 ad
1516 2968 1707 3041 tales
1766 2969 2223 3067 respectus?

669 3080 966 3157 Dicitur
1060 3082 1262 3180 quod
1359 3083 1452 3158 ad
1513 3094 1904 3183 respectus
2009 3110 2222 3184 orga-

670 3199 885 3274 nicos
954 3199 1507 3275 determinatur
1569 3201 1828 3277 anima
1904 3226 2041 3300 per
2097 3228 2218 3278 or-

671 3340 899 3413 gana,
963 3315 1160 3391 sicut
1218 3315 1310 3390 ad
1370 3325 1789 3415 respectus,
1854 3319 1986 3415 qui
2042 3331 2223 3394 sunt

671 3433 767 3506 ad
821 3432 1238 3530 potentiam
1304 3433 1776 3531 operativam
1862 3435 2217 3530 activam,

680 3557 758 3622 ut
826 3549 918 3621 ad
979 3548 1450 3625 intellectum
1504 3563 1883 3648 agentem,
1957 3562 2030 3626 et
2099 3578 2221 3627 vo-

673 3667 1076 3758 luntatem,
1163 3667 1719 3743 determinatur
1794 3669 2052 3743 anima
2127 3694 2220 3743 ex

675 3805 784 3873 se,
855 3781 973 3855 vel
1067 3805 1159 3855 ex
1253 3784 1822 3880 comparatione
1912 3785 2005 3858 ad
2084 3785 2219 3859 ob-

665 3897 984 3994 jectum,
1058 3898 1259 3972 circa
1347 3901 1551 3996 quod
1632 3902 1786 3976 illae
1858 3904 2220 4000 potentiae

676 4022 878 4087 natae
946 4023 1125 4088 sunt
1185 4037 1466 4109 agere;
1549 4017 1679 4090 sed
1778 4019 1868 4091 ad
1948 4030 2223 4116 poten-

673 4128 853 4202 tiam
921 4128 1389 4227 operativam
1470 4139 1544 4203 et
1608 4132 2022 4228 passivam,
2086 4134 2222 4207 (le-

676 4244 1129 4317 terminatur
1257 4244 1517 4318 anima
1630 4270 1765 4344 per
1887 4258 2216 4346 recepta,

674 4360 870 4434 sicut
966 4359 1399 4435 intellectus
1493 4363 1880 4460 possibilis
1971 4365 2220 4438 deter-

675 4475 1012 4549 minatur
1121 4500 1257 4574 per
1369 4478 1703 4577 speciem
1804 4490 2215 4578 receptam.

670 4593 783 4666 Ad
872 4594 1017 4665 hoc
1112 4594 1490 4690 allegatur
1580 4598 2059 4693 Augustinus
2145 4598 2214 4672 9.

671 4709 763 4783 de
823 4709 1097 4783 Trinil.
1149 4709 1217 4781 5.
1280 4712 1483 4807 quod
1553 4714 1891 4809 potentia
1944 4715 2224 4789 dicitur

671 4813 1052 4920 relative;
1122 4839 1196 4902 et
1249 4828 1378 4902 lib.
1444 4829 1534 4902 de
1599 4830 1868 4929 spiritu
1932 4842 2004 4906 et
2051 4833 2225 4907 ani-

676 4967 849 5036 mae,
921 4943 1102 5041 quia
1162 4947 1505 5041 potentia
1577 4953 1687 5020 est
1750 4948 1949 5023 idem
2022 4952 2228 5047 quod

673 5061 1021 5134 essentia.

773 5174 917 5248 Sed
964 5174 1150 5248 illud
1205 5201 1357 5249 uon
1401 5178 1627 5251 solvit
1681 5181 2218 5276 quaestionem,

675 5294 859 5391 quia
911 5317 1061 5365 non
1127 5294 1502 5389 quaeritur
1559 5295 1649 5370 de
1711 5299 2076 5393 potentia,
2144 5311 2224 5375 ut

674 5410 853 5484 dicit
903 5419 1361 5507 respectum,
1416 5434 1548 5485 seu
1605 5437 1740 5510 pro
1796 5414 2221 5494 intentione

672 5525 1034 5613 nominiS,
1110 5526 1241 5600 sed
1311 5526 1403 5600 de
1473 5528 1849 5627 principio
1944 5556 2079 5629 per
2138 5558 2220 5608 se

669 5651 742 5716 et
818 5639 1281 5716 immediate.
1381 5642 1730 5719 Potentia
1826 5647 2027 5721 enim
2126 5649 2219 5725 de

2086 436 2327 509 LIBRI
2376 439 2458 509 11.

2338 641 2418 692 se
2481 627 2907 716 respectum
2989 617 3197 710 dicit,
3279 626 3354 692 et
3429 639 3582 690 non
3661 616 3882 690 abso-

2337 736 2614 827 lutum,
2722 734 2870 808 nisi
2972 733 3548 819 connotand03
3676 756 3883 806 nunc

2334 862 2588 926 autem
2659 850 3129 950 impossibile
3194 860 3308 925 est
3384 849 3588 947 quod
3661 850 3875 945 illud,

2334 969 2536 1068 quod
2619 982 2733 1043 est
2799 993 2934 1067 per
3010 991 3090 1043 se
3160 967 3622 1066 principium
3693 991 3881 1065 ope-

2333 1088 2580 1181 randi,
2652 1096 3158 1185 componatur
3214 1110 3304 1161 ex
3375 1096 3719 1183 respectu
3806 1095 3880 1161 et

2332 1205 2857 1290 fundamento,
2968 1227 3059 1278 ex
3163 1203 3282 1277 his
3382 1203 3586 1277 enim
3684 1202 3875 1275 nihil

2332 1347 2467 1421 per
2525 1346 2604 1397 se
2668 1345 2903 1397 unum
2964 1321 3109 1414 Γῆς
3182 1322 3334 1395 imo
3403 1343 3544 1395 nec
3603 1320 3679 1392 in
3759 1319 3876 1393 di-
3957 1343 4189 1418 Potentia

2329 1439 2557 1532 vinis,
2642 1439 2769 1512 ubi
2855 1446 3151 1511 tantum
3248 1436 3514 1511 rotatio
3605 1408 4219 1519 transit⁰81¹13¹ssssffl·

2330 1579 2466 1653 per
2566 1555 3068 1648 identitatem,
3186 1552 3368 1650 quia
3462 1560 3874 1649 utrumque
3905 1531 4202 1645 rssffit'iffuss‘.

2330 1682 2534 1748 tenet
2602 1671 2986 1770 propriam
3076 1670 3588 1745 actualitatem
3643 1697 3662 1763 ;
3726 1668 3874 1764 igi-

2328 1800 2452 1863 tur
2521 1791 2757 1864 multo
2825 1789 3121 1882 fortine,
3189 1788 3314 1862 ubi
3377 1786 3643 1861 relatio
3715 1808 3870 1859 non

2329 1907 2621 1982 transit.
2688 1908 2878 1981 Cum
2941 1907 3173 2002 igitur
3238 1928 3376 2004 per
3441 1928 3522 1980 se
3598 1903 3874 2003 princi-

2329 2024 2542 2123 pium
2628 2024 2994 2123 operandi
3064 2023 3160 2098 sit
3222 2047 3359 2121 per
3425 2048 3505 2097 se
3600 2046 3868 2116 unum,

2330 2142 2801 2240 impossibile
2869 2150 2984 2216 est
3048 2142 3249 2238 quod
3322 2140 3662 2215 includat
3736 2140 3874 2214 ab-

2326 2258 2663 2332 solutum
2725 2266 2797 2332 et
2857 2257 3396 2355 respectivum.

2425 2376 2640 2468 Item,
2717 2375 3080 2472 potentia,
3150 2396 3326 2471 quae
3404 2383 3519 2449 est
3576 2399 3713 2472 per
3789 2398 3870 2450 se

2326 2491 2787 2590 principium
2922 2492 3321 2588 operandi,
3432 2503 3546 2566 est
3655 2493 3873 2590 prius

2325 2619 2603 2683 natura
2656 2607 2957 2701 effectu,
3021 2608 3094 2681 id
3163 2619 3301 2700 est,
3361 2608 3869 2706 operatione3

2325 2726 2459 2800 sed
2545 2725 2883 2824 potentia
2948 2747 3124 2799 cum
3206 2733 3556 2823 respectu
3652 2750 3873 2801 coas-

2325 2852 2659 2941 sumpt0‚
2763 2850 2876 2916 est
2971 2841 3200 2914 simul
3294 2863 3468 2915 cum
3565 2840 3870 2937 effectu,

2322 2961 2507 3060 quia
2565 2959 2708 3034 sub
2763 2960 2893 3033 illo
2953 2967 3298 3056 respectu
3369 2967 3483 3032 est
3549 2961 3873 3035 correla-

2324 3078 2565 3152 tivum
2627 3086 2977 3176 respectu
3046 3075 3541 3175 operationis.

2421 3198 2635 3290 Item,
2719 3197 3056 3295 potentia
3121 3195 3429 3295 passiva
3523 3196 3871 3292 proxima

2323 3339 2479 3388 non
2538 3324 2653 3389 est
2722 3324 3140 3412 respectuS,
3213 3339 3355 3390 nec
3432 3323 3864 3413 respectum

2323 3431 2788 3524 includens;
2863 3431 3094 3527 igitur
3162 3454 3302 3505 nec
3370 3431 3641 3505 activa.
3705 3432 3867 3505 An·-

2326 3547 2682 3621 tecedens
2741 3556 2970 3645 patet,
3053 3547 3235 3643 quia
3295 3548 3633 3645 potentia
3690 3571 3870 3645 pas-

2323 3663 2489 3737 siva
2571 3673 2682 3738 est
2771 3686 2905 3761 per
2998 3687 3077 3738 se
3172 3688 3349 3762 pars
3435 3663 3864 3762 compositi,

2325 3784 2529 3881 quod
2589 3794 2703 3858 est
2769 3807 2904 3881 per
2960 3807 3040 3857 se
3109 3806 3373 3856 unum.

2427 3901 2640 3992 Item,
2698 3899 2824 3973 ille
2889 3899 3171 3974 Doctor
3236 3899 3451 3997 ponit
3511 3900 3875 3973 volunta-
3947 3906 4234 3966 Arnuitur

2327 4025 2473 4091 tem
2534 4015 2986 4089 nobiliorem
3051 4015 3438 4090 intellectu
3513 4014 3867 4107 realiter3
3908 3967 4261 4104 ιῖιῗᾞίέιῗῖζᾶ

2327 4132 2456 4206 sed
2546 4154 2716 4205 cum
2816 4130 3017 4205 idem
3106 4131 3200 4204 sit
3285 4096 4259 4206 fundamentummb'dcissssifa‘

2329 4247 2642 4322 istarum
2699 4248 3242 4345 potentiarum,
3288 4257 3361 4319 et
3412 4271 3546 4344 per
3585 4246 3870 4345 ipsum,

2329 4374 2721 4463 respectus
2813 4373 2925 4438 est
3020 4363 3218 4437 idem
3316 4387 3491 4437 cum
3597 4364 3876 4438 funda-

2331 4489 2650 4566 mento;
2734 4478 2967 4576 igitur
3063 4502 3220 4553 una
3301 4479 3642 4578 potentia
3717 4504 3870 4553 non

2329 4608 2443 4674 est
2492 4598 2797 4673 realitas
2855 4597 3188 4672 nobilior
3244 4597 3421 4691 alia,
3480 4598 3663 4695 quia
3716 4599 3879 4671 l'un-

2327 4716 2772 4791 damentum
2843 4726 2952 4791 est
3020 4716 3327 4814 penitus
3369 4715 3599 4791 idem.

2427 4839 2640 4921 Item,
2691 4832 3121 4907 intellectus
3171 4842 3244 4906 et
3296 4833 3655 4907 voluntas
3695 4843 3880 4907 sunt

2329 4949 2528 5023 idem
2605 4950 2680 5022 in
2752 4948 3168 5042 absolut03
3242 4948 3474 5044 igitur
3519 4973 3672 5022 non
3735 4975 3880 5024 va-

2330 5068 2626 5140 riantur
2680 5066 2931 5163 specie
2987 5089 3123 5162 per
3176 5074 3638 5163 respectum,
3696 5068 3883 5164 quia

2329 5209 2500 5257 cum
2602 5183 2755 5256 sint
2840 5183 3033 5256 idem
3114 5182 3486 5272 absolute,
3583 5183 3647 5257 si
3743 5210 3880 5259 va-

2332 5303 2626 5376 rientur
2691 5325 2827 5398 per
2905 5311 3335 5399 respectum
3403 5300 3678 5398 objecti
3764 5304 3881 5377 al-

2328 5417 2566 5492 terius
2718 5417 2997 5515 speciei
3166 5417 3873 5516 supervenientem,

2323 5534 2558 5630 igitur
2639 5533 3076 5608 intellectus
3153 5533 3295 5608 erit
3370 5534 3631 5630 plures
3734 5559 3878 5632 po-

2328 5651 2585 5727 tentiae
2665 5650 3106 5745 formaliter,
3196 5660 3270 5726 et
3334 5652 3694 5726 voluntas
3772 5653 3876 5727 si-
