4295 6326
1396 385 1618 452 DIST.
1672 383 1860 451 xln.
1916 382 2334 463 QUAESTIO
2389 384 2625 453 UNlC.
3529 384 3611 451 47

418 560 692 633 dicitur
734 560 902 654 Sol,
930 561 1066 635 etsi
1113 584 1265 634 non
1304 561 1442 633 fuit
1480 561 1959 646 tunclucens

420 687 623 750 tanta
664 677 833 751 luce
868 679 1064 751 sicut
1105 701 1338 751 nunc.

508 793 617 866 Ad
652 793 889 884 aliud,
935 794 1137 891 quod
1215 794 1694 889 Augustinus
1753 793 1960 867 acci-

418 910 523 1005 pit
556 908 813 982 lumen
865 934 997 1006 pro
1057 910 1323 1007 spiritu
1394 909 1807 1002 luminoso,
1840 920 1960 983 ta-

416 1027 559 1098 lem
598 1024 803 1097 enim
859 1024 1206 1123 spiritum
1253 1025 1586 1122 appellat
1644 1025 1961 1099 Avicen-

416 1163 508 1212 na
554 1139 815 1213 lumen
849 1142 967 1213 vel
1014 1139 1287 1231 lucem,
1334 1140 1403 1211 6.
1470 1140 1955 1214 Naturalium

410 1265 604 1351 part.
643 1257 712 1327 9.

508 1372 619 1443 Ad
654 1372 861 1445 aliud
925 1372 1120 1462 dico,
1150 1372 1354 1468 quod
1401 1374 1525 1445 lux
1570 1381 1683 1445 est
1741 1372 1958 1469 prin-

402 1487 689 1584 cipium
747 1488 1120 1561 alterandi
1181 1498 1253 1561 et
1329 1488 1788 1585 disponendi
1862 1490 1955 1562 ad

398 1604 983 1697 generationem
1031 1606 1511 1698 substantiae,
1557 1616 1629 1680 et
1679 1606 1751 1678 in
1814 1615 1959 1679 ter-

406 1720 619 1792 mino
679 1721 1108 1794 substantia
1176 1722 1528 1818 producit
1590 1722 1956 1795 substan-

398 1836 620 1923 tiam,
648 1846 717 1909 et
766 1859 920 1907 non
954 1838 1082 1909 lux
1117 1836 1653 1911 substantiam.

494 1952 614 2025 Ad
658 1952 867 2025 aliud
926 1954 1335 2049 respondet
1411 1954 1831 2044 Avicenna,
1879 1954 1948 2023 6.

394 2068 909 2142 Natural-ium
973 2077 1174 2164 part.
1235 2068 1304 2141 3.
1353 2094 1517 2167 cap.
1612 2072 1682 2141 2.
1747 2069 1953 2166 quod

392 2184 493 2257 ibi
609 2194 789 2257 sunt
881 2186 1141 2279 aliqua
1243 2186 1526 2258 similia
1622 2185 1949 2283 corpori,

391 2324 578 2372 cum
628 2300 907 2373 dicitur
939 2300 1199 2373 radius
1230 2300 1476 2396 frangi
1538 2303 1660 2375 vel
1707 2322 1957 2373 move*

392 2416 480 2500 ri,
521 2425 677 2489 etc.

488 2533 623 2607 Ad
656 2534 893 2624 aliud,
926 2558 1100 2607 cum
1163 2535 1441 2608 dicitur
1480 2537 1684 2632 quod
1728 2537 1957 2610 habet

389 2675 554 2723 esse
614 2652 816 2724 reale
852 2650 928 2722 in
976 2651 1252 2743 medio,
1282 2661 1356 2724 et
1404 2676 1555 2725 non
1594 2653 1956 2726 intentio-

391 2769 609 2854 nale,
699 2767 869 2840 dico
947 2768 1145 2864 quod
1237 2768 1466 2843 habet
1546 2778 1954 2866 utrumque

389 2908 556 2958 esse
594 2885 681 2957 in
718 2885 997 2976 medio,
1036 2884 1219 2982 quia
1258 2893 1332 2959 et
1381 2894 1493 2958 est
1540 2908 1660 2960 res
1727 2894 1801 2959 et
1849 2887 1959 2958 in-

393 3003 648 3076 tentio
688 3002 763 3074 in
804 3003 1080 3076 medio.

119 796 180 842 Ad
205 803 369 841 secun-

183 856 312 904 dum.

161 1345 220 1417 Αᾲ
247 1350 335 1394 ter·

183 1416 307 1457 unm.

120 1927 173 1975 Ad
201 1939 341 1989 quar-

172 1996 275 2037 tum

121 2539 176 2585 Ad
201 2539 335 2601 quin-

165 2610 271 2650 tum.

187 3124 239 3188 8.
490 3120 610 3194 Ad
721 3119 1045 3217 primam
1153 3118 1714 3217 probationem,
1787 3120 1956 3196 dico

100 3239 334 3354 ,gffilffiffi
388 3239 603 3335 quod
648 3237 1021 3334 quaelibet
1052 3238 1292 3310 forma
1326 3248 1572 3333 potest
1610 3239 1959 3313 denomi-

128 3367 328 3462 fominqt
386 3379 584 3429 nare
633 3354 1153 3452 suppositum,
1188 3354 1266 3426 in
1309 3376 1462 3450 quo
1495 3364 1635 3447 est,
1672 3366 1746 3429 et
1786 3355 1955 3430 ideo

128 3443 327 3548 ‘tffifiii
384 3471 596 3545 sicut
669 3470 1002 3543 dicimus
1042 3493 1295 3544 aerem
1358 3493 1524 3545 esse
1568 3471 1958 3546 illumina-

131 3561 320 3613 ΨΜ·
384 3602 585 3683 tum,
628 3589 698 3663 si
742 3590 855 3664 sic
884 3598 1083 3663 esset
1137 3612 1416 3663 nomen
1479 3589 1950 3688 impositum,

378 3733 540 3805 quo
653 3706 960 3804 species
1050 3705 1328 3779 coloris
1421 3706 1957 3783 denominaret

379 3824 741 3899 medium
789 3822 1423 3914 intentionaliter,
1472 3834 1730 3919 posset
1769 3850 1955 3899 con-

2069 558 2234 633 cedi
2276 559 2407 633 illo
2451 561 2704 654 mode,
2741 584 2872 636 aer
2927 558 3257 643 albinam,
3299 557 3423 633 vel
3467 555 3611 631 ali-

2069 699 2225 772 quo
2292 677 2441 752 alio
2520 677 2885 764 nomine:
2949 679 3080 753 sed
3158 697 3370 749 nunc
3452 696 3608 747 non

2072 797 2448 871 habemus
2498 820 2780 872 nomen
2851 795 3290 893 impositum
3336 791 3427 867 ad
3490 791 3613 863 de-

2072 912 2631 987 nominandum
2727 913 3089 992 colorem,
3150 908 3299 984 nisi
3376 907 3616 982 nomi-

2073 1053 2259 1103 nare
2351 1030 2776 1125 subjectum
2914 1026 3337 1101 secundum
3423 1045 3609 1114 esse,

2071 1149 2273 1244 quod
2321 1148 2550 1221 habet
2591 1146 2663 1219 in
2697 1146 3067 1242 subjecto,
3108 1143 3237 1217 ubi
3307 1152 3417 1215 est
3476 1142 3615 1214 sor-

2073 1261 2423 1355 maliter3
2495 1261 2569 1334 in
2642 1260 3031 1358 proposito
3077 1258 3453 1331 babemus
3490 1254 3612 1327 lu-

2070 1401 2246 1451 cens
2278 1385 2350 1452 et
2389 1376 2939 1451 illuminatum.
3237 1387 3245 1393 ’

2169 1493 2275 1566 Ad
2320 1492 2544 1568 aliam
2593 1491 3152 1589 probationem,
3200 1511 3373 1561 cum
3423 1487 3614 1559 dici-

2074 1609 2494 1700 tur‚lumen
2535 1608 2606 1680 in
2658 1607 2903 1681 medio
2946 1604 3278 1682 excludit
3318 1603 3617 1700 opposi-

2075 1734 2259 1817 tum,
2297 1723 2494 1816 dice,
2532 1723 2736 1821 quod
2796 1745 3067 1794 verum
3136 1729 3248 1794 est
3315 1719 3618 1816 opposi-

2071 1850 2226 1911 tum
2273 1838 2675 1936 privative,
2721 1838 2829 1912 sic
2870 1837 3075 1935 quod
3137 1858 3291 1909 non
3336 1844 3450 1908 est
3510 1834 3610 1907 ibi

2068 1953 2408 2026 carentia
2441 1952 2756 2026 luminis
2793 1980 2809 2044 ;
2848 1951 3061 2027 etsie
3102 1948 3398 2047 species
3456 1946 3610 2021 albi

2068 2067 2143 2139 in
2192 2067 2440 2142 medio
2474 2067 2806 2142 excludit
2856 2066 3292 2163 oppositum
3356 2064 3614 2161 priva-

2067 2184 2247 2270 tive,
2284 2185 2467 2282 quia
2507 2209 2657 2257 non
2706 2194 2819 2257 est
2876 2183 2979 2257 ibi
3047 2181 3382 2276 carentia
3449 2201 3613 2277 spe-

2067 2303 2238 2393 ciei,
2277 2303 2405 2376 sed
2477 2326 2627 2374 non
2691 2300 3025 2375 excludit
3091 2299 3424 2397 speciem
3468 2299 3608 2371 ob-

3637 2281 3813 2332 Unum
3847 2281 3933 2332 lu-

3671 2358 3796 2393 men
3822 2358 3932 2394 non

2058 2419 2240 2516 jecti
2284 2417 2646 2493 contrarii
2701 2416 2880 2490 albi.
2916 2416 3040 2488 Sic
3081 2438 3222 2488 nec
3275 2414 3610 2488 excludit
3667 2406 3904 2458 0¹⁰¹&st

2073 2560 2310 2608 unum
2355 2536 2610 2608 lumen
2659 2532 2867 2606 aliud
2920 2533 3181 2604 lumen
3242 2553 3287 2604 a
3328 2528 3605 2615 medi0,

2069 2652 2253 2747 quia
2291 2652 2534 2725 stetlae
2566 2659 2641 2724 et
2689 2650 2820 2722 Sol
2880 2647 3104 2722 simul
3170 2645 3613 2720 illuminant

2074 2769 2440 2844 medium.

2167 2889 2273 2961 Ad
2365 2888 2660 2962 tertiam
2768 2884 3296 2983 probationem
3412 2881 3608 2967 dice,

2070 3005 2275 3103 quod
2318 3004 2516 3077 sicut
2584 3003 2814 3076 habet
2880 3001 3256 3074 actionem
3322 2998 3609 3071 realem

2070 3122 2143 3195 in
2195 3120 2473 3213 medie,
2510 3118 2617 3194 sic
2652 3117 2882 3192 habet
2917 3116 3149 3191 talem
3217 3113 3612 3190 entitatem

2074 3239 2352 3313 realem
2388 3236 2464 3309 in
2506 3235 2780 3327 medio,
2828 3257 3003 3332 quae
3057 3231 3420 3329 competit
3487 3229 3616 3302 tali

2070 3354 2379 3445 actioni,
2425 3353 2609 3450 quia
2650 3353 2919 3425 alterat
2985 3359 3058 3424 et
3123 3346 3462 3445 disponit
3520 3344 3613 3419 ad

2069 3471 2593 3547 inductionem
2672 3465 3150 3558 substantiae,
3198 3474 3272 3539 et
3337 3463 3412 3536 in
3465 3472 3619 3535 ter-

2074 3591 2278 3663 mino
2356 3585 2785 3661 substantia
2847 3581 3201 3682 producit
3250 3580 3616 3654 substan-

2073 3712 2276 3784 tiam.

3728 2469 3893 2519 aliud.
