4295 6326
646 393 776 464 476

649 569 757 644 tia
794 581 868 646 et
919 574 1214 650 meritis
1294 575 1842 652 conferendum
1894 601 1940 652 a
1995 577 2186 671 Dec,

649 710 809 761 non
851 701 1106 788 posset
1144 695 1375 769 homo
1436 695 1602 770 sine
1662 719 1797 794 spe
1848 719 2183 794 sperare.

295 813 622 929 nessa-agitur
651 806 831 881 Ideo
882 832 1057 905 spes
1112 821 1226 885 est
1275 811 1546 906 virtus,
1618 838 1774 911 qua
1839 814 2189 889 desidero

418 893 530 943 μ’
648 922 838 998 mihi
877 923 1159 1000 bonum
1203 928 1669 1024 proveniens
1710 954 1801 1005 ex
1845 931 2090 1026 gratia
2116 941 2191 1005 et

648 1038 968 1134 meritiS,
1041 1065 1191 1115 non
1266 1067 1440 1141 quae
1517 1045 1779 1139 insint,
1833 1046 1964 1121 sed
2012 1071 2187 1144 quae

645 1155 983 1254 primum
1017 1170 1428 1259 sperantur
1461 1170 1541 1235 ut
1580 1161 1899 1259 objecta.

1166 1476 1528 1535 SCHOLIUM
1574 1478 1659 1534 IV.

712 1664 930 1720 Contra
985 1665 1420 1721 conclusionem
1482 1670 1798 1734 tenentem,
1860 1669 2191 1725 desiderare

537 1740 544 1747 ’
643 1770 771 1813 esse
801 1761 993 1812 actum
1027 1759 1172 1828 spei,
1204 1763 1260 1814 et
1290 1776 1406 1816 non
1443 1760 1576 1817 fidei
1617 1766 1718 1816 aut
1746 1762 2186 1833 charitatis,ob-

633 1844 765 1917 jicit
795 1845 1257 1919 quintupliciter.
1295 1848 1477 1905 Habet
1503 1851 1850 1908 doctrinalia
1878 1852 2096 1922 optima
2126 1853 2186 1909 in

641 1935 1053 1993 solutionibus,
1085 1936 1226 1993 Vide
1263 1939 1558 1995 Doctorem
1587 1940 1645 1996 in
1678 1940 1860 1998 Oxou.
1894 1942 1988 1999 hic
2020 1960 2181 2000 num.

646 2024 732 2080 18.
769 2025 863 2081 ubi
897 2025 1106 2083 clarius
1136 2027 1308 2083 solvit
1338 2028 1471 2085 ista.

409 2244 518 2314 20,
742 2218 1024 2293 Contra
1080 2220 1568 2308 solutionem,
1642 2246 1812 2296 cum
1858 2222 2186 2299 dicimus

338 2358 582 2432 cbjecuo
643 2337 850 2435 quod
877 2360 1186 2433 sperare
1218 2338 1314 2412 sit
1367 2338 1828 2428 desiderare,
1913 2341 2188 2439 despe-

360 2436 550 2487 pruna.
647 2477 827 2528 rans
903 2452 1285 2528 desiderat
1350 2455 1927 2544 beatitudinem,
2005 2458 2189 2555 quia

645 2566 991 2643 tristatur
1021 2570 1111 2644 de
1145 2570 1559 2646 amissione
1622 2572 2119 2648 beatitudinis
2165 2602 2182 2668 3

649 2710 832 2782 ergo
866 2696 1075 2785 optat
1114 2710 1311 2781 eam,
1351 2689 1525 2763 licet
1562 2713 1720 2764 non
1754 2700 2031 2788 speret.

743 2804 959 2896 Item,
1028 2804 1232 2901 quod
1292 2804 1432 2880 iste
1472 2816 1690 2880 actus
1729 2816 1978 2904 potest
2016 2831 2185 2884 esse

645 2942 691 2993 a
749 2919 1117 2994 charitate
1191 2947 1208 3007 3
1281 2921 1548 2994 eodem
1637 2922 1844 2998 enim
1917 2924 2181 2999 habitu

642 3059 958 3135 possum
1000 3059 1258 3111 amare
1300 3037 1588 3133 aliquid
1631 3038 1707 3112 in
1753 3063 1861 3126 se,
1909 3050 1983 3116 et
2013 3064 2188 3116 con-

642 3152 1038 3250 cupiscere
1070 3153 1215 3228 sibi
1257 3153 1573 3242 bonum,
1613 3156 1758 3231 hoc
1784 3169 1897 3232 est
1948 3159 2184 3233 mani-

641 3268 915 3342 festum
954 3295 972 3362 3
1009 3267 1243 3364 igitur
1274 3293 1446 3344 curn
1482 3295 1573 3345 ex
1606 3274 1974 3350 charitate
2007 3299 2181 3351 amo

642 3408 760 3459 me
803 3408 1062 3460 amore
1106 3388 1487 3477 amicitiae,
1547 3413 1859 3487 possum
1909 3417 2185 3469 concu-

638 3500 935 3598 piscere
978 3510 1051 3576 et
1108 3501 1540 3580 desiderare
1600 3506 1886 3581 bonum
1958 3510 2176 3603 mihi,

641 3618 846 3714 quod
881 3642 1033 3693 non
1078 3631 1191 3694 est
1241 3644 1636 3717 praesens3
1701 3624 1958 3719 igitur,
2033 3637 2175 3702 etc.

739 3738 956 3829 Item,
992 3737 1055 3812 si
1099 3762 1275 3835 spes
1307 3750 1422 3814 est
1451 3751 1745 3816 tantum
1787 3744 1880 3818 ad
1924 3756 2175 3819 actum

639 3853 1265 3951 concupiscendi,
1301 3856 1533 3953 igitur
1571 3882 1743 3933 cum
1780 3859 1920 3935 iste
1965 3873 2181 3938 actus

639 3971 1040 4045 ordinetur
1071 3973 1149 4046 in
1181 3973 1470 4048 bonum
1514 3975 1931 4063 infinitum,
2009 3989 2181 4053 utor

639 4085 989 4173 fruendO,
1030 4098 1103 4161 et
1133 4088 1241 4163 sic
1270 4089 1572 4181 vitium,
1609 4101 1682 4165 et
1713 4116 1866 4167 non
1902 4094 2174 4169 virtus.

738 4204 954 4296 Item,
1032 4205 1095 4278 si
1165 4207 1410 4280 solum
1492 4209 1807 4305 ponitur
1881 4235 2056 4308 spes
2098 4222 2180 4286 ut

637 4320 1101 4416 concupisco
1144 4321 1333 4395 mihi
1375 4323 1954 4414 beatitudinem,
2000 4352 2175 4402 cum

640 4433 785 4507 hoc
827 4433 922 4508 sit
953 4438 1329 4525 naturale,
1375 4448 1449 4512 et
1474 4450 1825 4537 respectu
1861 4453 2179 4518 natura-

635 4547 731 4621 lis
817 4573 969 4623 non
1030 4551 1128 4625 sit
1219 4553 1490 4647 virtus,
1599 4555 1831 4649 igitur
1932 4561 2173 4632 multo

637 4665 894 4740 minus
926 4667 1068 4740 erit
1100 4669 1406 4743 habitus
1438 4675 2071 4768 supernaturalis.

735 4783 953 4876 Item,
1019 4808 1192 4859 cum
1262 4810 1438 4884 spes
1542 4789 1619 4861 in
1706 4815 1787 4865 se
1855 4816 2007 4866 non
2081 4793 2177 4866 sit

634 4899 882 4974 virtus
949 4901 1139 4978 dans
1199 4905 1581 4984 meritum.
1681 4930 1864 5004 ergo
1959 4922 2173 4984 actus

633 5016 991 5111 sperandi
1028 5019 1170 5090 erit
1202 5019 1531 5094 elicitive
1564 5045 1609 5096 a
1639 5046 1799 5119 spe,
1837 5035 1908 5099 et
1942 5025 2175 5123 impe-

627 5130 869 5205 rative
911 5157 955 5206 a
996 5134 1391 5222 charitate,
1432 5147 1513 5209 ut
1543 5138 1639 5211 sit
1680 5141 2116 5216 meritorius
2150 5201 2164 5228 ,

628 5268 813 5340 ergo
854 5259 1153 5344 oportet
1190 5252 1666 5328 voluntatem
1717 5255 1826 5328 sic
1886 5258 2168 5333 habere

628 5359 825 5434 duos
893 5372 1107 5437 actus
1167 5375 1517 5462 respectu
1574 5369 1945 5464 ejusdem.
2031 5372 2167 5447 Vel

626 5476 736 5551 sic
777 5479 1147 5554 formetur
1191 5482 1408 5569 ratio,
1472 5505 1646 5556 cum
1700 5486 1792 5559 de
1832 5469 2167 5562 beatitu-

628 5592 806 5668 dine
840 5598 1405 5694 supernaturali
1436 5623 1851 5696 possumus
1882 5605 2166 5682 habere

312 2846 580 2899 Secunda.

340 3791 543 3848 Tertia.

356 4261 573 4321 Quarta.

346 4830 560 4890 Quinta.

1985 404 2228 474 LIBRI
2274 405 2398 476 ΠΙ.

2301 602 2516 677 spem
2554 578 3008 653 naturaliter
3060 577 3540 676 acquisitam,
3595 571 3845 672 posita

2300 695 2951 771 demonstratione
3024 695 3325 791 obiecti,
3405 691 3695 767 scilicet
3767 697 3845 762 ut

2300 823 2414 889 est
2444 837 2833 888 summum
2879 814 3168 887 bonum
3225 820 3297 885 et
3353 808 3840 884 commodum

2296 932 2547 1024 nobie,
2595 954 2771 1030 spes
2804 930 3106 1007 elicitur
3176 940 3332 1003 tum
3393 938 3464 1003 et
3506 951 3550 1001 a
3589 926 3842 1001 chari-

2296 1059 2447 1124 tate
2505 1049 2977 1146 imperatur3
3042 1048 3275 1144 igitur
3318 1047 3470 1119 duo
3532 1042 3839 1117 habitus

2296 1165 2640 1263 ejusdem
2676 1165 2996 1240 rationis
3029 1165 3259 1239 simul
3291 1172 3516 1239 erunt
3564 1160 3641 1234 in
3705 1183 3837 1234 ea-

2295 1283 2465 1359 dem
2509 1284 2877 1380 potentia.

2392 1404 2899 1479 Concedendo
2978 1406 3176 1477 hanc
3254 1399 3830 1476 conclusionem
3971 1428 4085 1492 21,

2298 1521 2672 1616 ultimam,
2720 1522 2923 1619 quod
2993 1544 3166 1595 cum
3241 1517 3595 1592 meritum
3653 1514 3751 1589 sit
3792 1539 3836 1589 a
3868 1543 4192 1614 Adpbject.

2294 1637 2692 1731 charitate,
2740 1639 2862 1711 vel
2913 1634 3389 1733 imperative,
3438 1633 3558 1707 vel
3622 1630 3838 1705 elici·
3906 1620 4159 1671 ‘mmm‘

2293 1753 2475 1846 tive,
2540 1762 2792 1829 tamen
2853 1776 2999 1826 non
3072 1751 3276 1825 elicit
3344 1758 3595 1824 actum
3666 1770 3838 1844 spe-

2295 1869 2542 1961 randi,
2615 1869 2746 1942 sed
2816 1867 3167 1965 imperat,
3228 1875 3302 1939 et
3362 1866 3503 1937 hoc
3558 1872 3673 1937 est
3704 1884 3839 1959 per

2293 1986 2545 2077 velle3
2592 1984 2761 2058 dico
2830 1984 2926 2057 ad
2988 1985 3309 2057 formam
3397 1977 3831 2076 argumenti

2294 2102 2522 2200 primi
2635 2102 2841 2198 quod
2934 2099 3130 2175 velle
3224 2098 3833 2173 conditionatum

2295 2218 2695 2293 sufficitad
2742 2217 3151 2310 tristitiam,
3207 2218 3270 2290 si
3317 2241 3471 2289 non
3534 2215 3839 2290 eveniat

2292 2336 2615 2412 volitum
2663 2336 3267 2410 conditionatum
3339 2362 3356 2427 3
3417 2334 3835 2430 desperans

2295 2464 2580 2548 autem,
2627 2452 3243 2528 conditionaliter
3288 2452 3452 2525 vult
3503 2449 3839 2524 beatitu-

2295 2570 2582 2663 dinem,
2654 2570 2729 2644 id
2807 2579 2947 2662 est,
3033 2568 3415 2643 desiderat
3486 2590 3685 2660 eam,
3769 2565 3834 2640 si

2296 2697 2554 2784 posset
2630 2711 2795 2761 eam
2867 2686 3267 2782 attingere,
3338 2694 3412 2759 et
3470 2684 3651 2781 quia
3720 2683 3837 2755 in-

2295 2807 2646 2880 tellectus
2714 2826 2981 2878 errans
3036 2801 3366 2877 ostendit
3418 2800 3560 2874 sibi
3625 2799 3833 2874 illam

2291 2932 2660 3019 tanquam
2697 2919 3247 3019 impossibilem
3313 2917 3611 3013 attingi,
3672 2917 3838 2990 tris-

2291 3046 2520 3113 tatur.
2569 3034 3485 3135 Exemplum,projiciens
3546 3056 3837 3108 merces

2292 3153 2370 3229 in
2443 3154 2633 3229 mari
2730 3152 3189 3240 voluntarie,
3290 3174 3442 3225 non
3535 3149 3837 3247 projicit

2295 3294 2587 3347 merces
2616 3270 3012 3344 voluntate
3044 3268 3420 3354 absoluta,
3476 3267 3609 3341 sed
3652 3290 3836 3340 con-

2292 3392 2685 3466 ditionata.
2749 3388 2941 3463 Vide
3005 3388 3465 3463 solutionem
3535 3385 3719 3462 alibi
3754 3385 3830 3458 in

2292 3507 2560 3604 majori
2604 3527 2834 3603 opere
2860 3505 3001 3579 hac
3032 3504 3204 3578 dist.
3244 3509 3318 3577 et
3343 3501 3833 3576 distinctione
3893 3499 4153 3625 gssgfgeffl

2293 3625 2410 3698 15.
2475 3624 2888 3716 Praeterea,
2961 3621 3270 3719 quando
3338 3628 3453 3694 est
3527 3618 3832 3694 deside-
3863 3623 4180 3676 uetussfldei·

2291 3743 2488 3815 rium
2523 3740 3124 3816 conditionatum
3181 3739 3274 3812 de
3323 3736 3622 3830 eodem,
3674 3761 3827 3811 non

2290 3869 2437 3934 stat
2467 3883 2604 3956 per
2633 3882 2838 3950 eum,
2875 3857 3059 3953 quin
3095 3856 3192 3930 sit
3232 3855 3555 3930 volitum
3615 3855 3831 3930 abso·

2289 3978 2591 4066 lutum3
2648 3976 2780 4050 sed
2845 3974 3030 4070 quia
3073 3973 3507 4048 intellectus
3561 3995 3829 4047 errans

2288 4092 2470 4166 dicit
2500 4092 2574 4165 id
2611 4091 3001 4189 possibile,
3036 4113 3082 4164 a
3132 4098 3341 4187 parte
3392 4089 3829 4163 intellectus

2288 4217 2401 4282 est
2432 4207 2681 4305 prima
2712 4206 2925 4280 radix
2965 4205 3379 4280 ostendens
3421 4204 3495 4277 id
3537 4204 3829 4302 impos-

2288 4324 2536 4418 sibile,
2609 4335 2683 4398 et
2758 4323 2929 4397 ideo
2997 4331 3295 4419 oportet
3363 4321 3829 4418 persuadere

2287 4443 2486 4540 quod
2534 4441 2792 4516 credat
2826 4469 2844 4534 3
2882 4440 3084 4514 unde
3139 4462 3449 4536 sperare
3503 4461 3659 4512 non
3719 4448 3833 4513 est

2287 4559 2596 4634 credere
2636 4557 3161 4632 concomitans
3203 4566 3423 4630 actus
3476 4554 3650 4630 fidei
3698 4579 3831 4629 ac-

2286 4675 2592 4773 quisitae
2650 4675 2769 4746 vel
2834 4673 3111 4746 infusae
3183 4699 3201 4764 3
3291 4670 3493 4745 unde
3571 4679 3825 4745 actum

2285 4792 2641 4892 sperandi
2680 4790 3045 4889 praecedit
3075 4789 3207 4863 illa
3238 4789 3656 4862 intellectio
3691 4812 3833 4863 ne-

2284 4908 2645 4983 cessario.
2723 4907 3060 5003 Sperare
3136 4905 3342 4980 enim
3399 4913 3512 4978 est
3542 4904 3832 4979 des-ide-

2284 5048 2458 5098 rare
2540 5024 2977 5097 absolutum
3037 5050 3055 5114 3
3154 5022 3574 5118 desperans
3665 5023 3830 5096 vult

2283 5140 2901 5215 conditionaliter
2981 5148 3306 5231 tantum,
3399 5138 3462 5212 si
3568 5148 3828 5235 posset

2283 5257 2757 5353 contingere.

2380 5376 2489 5448 Ad
2569 5375 2778 5448 aliud
2840 5397 2974 5471 per
3017 5372 3462 5446 charitatem
3505 5393 3822 5468 possum

2284 5513 2540 5565 amare
2588 5518 2606 5583 ;
2662 5491 2896 5586 igitur
2946 5497 3021 5562 et
3087 5486 3634 5583 concupiscere
3683 5486 3826 5560 bo-

2281 5629 2498 5680 num.
2534 5606 2722 5681 Dico
2778 5605 2982 5704 quod
3036 5603 3235 5679 sicut
3300 5602 3634 5677 charitas
3682 5626 3822 5700 pro

3926 3434 4121 3486 Actum

3976 5424 4082 5489 22.

3858 5539 3940 5590 Ad
3973 5550 4157 5589 secun·

3950 5603 4093 5653 dam.
