4295 6326
614 391 687 457 10
2023 395 2262 464 LIBRI
2313 397 2398 467 11.

609 562 779 638 sito.
847 564 996 642 Sed
1060 569 1506 668 accipiendo
1575 577 1827 644 actum
1907 569 2156 667 primo
2265 570 2604 645 sicutest
2636 579 2852 646 actus
2910 569 3386 669 simpliciter,
3451 574 3525 640 et
3592 573 3808 639 actus

612 683 867 776 modo,
905 694 1133 781 prout
1199 692 1408 760 actus
1494 686 1675 761 dicit
1758 686 2152 762 ent-itatem
2265 688 2691 762 secundum
2737 681 3593 786 quid,itaestpotentia
3634 681 3809 753 sim-

607 800 1014 897 positivam
1081 801 1515 877 distinctam
1580 828 1625 878 a
1696 828 1836 878 sua
1889 828 2150 898 causa,

606 939 760 1013 qua
800 927 915 993 est
945 927 1157 995 extra
1192 944 1410 995 suam
1441 944 1750 996 causam
1784 929 2147 1018 tanquam

608 1032 1038 1110 differentia
1104 1038 1327 1127 entis,
1411 1039 1519 1111 sic
1584 1062 1676 1113 ex
1728 1038 2031 1113 duobus
2073 1040 2145 1112 in

607 1160 778 1226 actu
860 1150 943 1226 fit
1020 1178 1293 1248 unum,
1367 1155 1520 1229 imo
1597 1178 1995 1253 nunquam
2068 1155 2153 1229 fit

606 1289 874 1353 unum,
944 1268 1091 1341 nisi
1158 1293 1248 1344 ex
1309 1270 1611 1345 duobus
1670 1271 1778 1346 sic
1825 1270 1900 1343 in
1943 1280 2144 1354 actu,

605 1382 789 1481 quia
830 1407 982 1459 non
1019 1394 1268 1483 potest
1298 1384 1463 1460 fieri
1521 1411 1760 1462 unum
1823 1414 1911 1465 ex
1969 1391 2152 1464 duo-

605 1499 778 1593 buS,
823 1500 972 1575 nisi
1008 1511 1423 1600 utrumque
1456 1505 1554 1579 sit
1611 1504 1901 1603 aliquid
1954 1506 2150 1604 posi-

605 1616 848 1691 tivum
929 1628 1138 1694 extra
1225 1644 1444 1695 suam
1540 1645 1879 1710 causam,
1998 1624 2144 1697 nisi

606 1732 824 1808 fieret
854 1758 1095 1810 unum
1130 1760 1222 1810 ex
1252 1738 1513 1834 aliquo
1541 1747 1615 1813 et
1646 1740 1917 1814 nihilo.

700 1853 811 1927 Ad
853 1855 1089 1949 aliud,
1136 1879 1308 1931 cum
1374 1856 1650 1931 dicitur
1707 1859 1911 1955 quod
1965 1868 2143 1933 tunc

604 1972 998 2067 generatio
1049 1996 1202 2046 non
1264 1984 1463 2050 esset
1513 1975 1660 2050 nisi
1712 1976 2056 2050 alteratio
2106 1975 2146 2047 ἱ)

603 2086 772 2161 dico
839 2089 1043 2184 quod
1105 2089 1280 2166 licet
1347 2091 1793 2167 Aristoteles
1870 2092 2144 2167 dixerit

601 2205 1177 2301 generationem
1259 2232 1411 2283 non
1490 2233 1657 2285 esse
1753 2210 2144 2285 alteratio-

603 2345 808 2413 nem,
882 2333 1136 2400 tamen
1198 2350 1350 2400 non
1422 2326 1610 2400 dixit
1668 2327 1916 2426 ipsam
1987 2352 2136 2401 non

596 2462 762 2514 esse
797 2440 1325 2517 mutationem.
1373 2442 1740 2517 Similiter
1788 2444 2143 2543 quamvis

592 2554 866 2631 dixerit
905 2578 1043 2632 ens
1085 2558 1158 2631 in
1204 2568 1374 2633 actu
1412 2582 1565 2632 non
1613 2582 1781 2635 esse
1834 2560 2143 2657 subjec-

592 2682 753 2747 tum
806 2676 1355 2772 generationis,
1422 2687 1680 2752 tamen
1743 2702 1896 2754 nou
1953 2679 2143 2754 dixit

593 2790 798 2888 quod
838 2791 1044 2867 nillil
1064 2802 1179 2868 est
1229 2794 1662 2892 subjectum
1715 2798 2140 2892 generatio-

592 2909 751 2991 nis;
793 2909 937 2986 ista
962 2920 1217 2987 tamen
1261 2922 1741 3010 sequeretur,
1787 2914 1849 2989 si
1894 2925 2138 2991 mate-

593 3025 707 3101 ria
746 3036 947 3102 esset
979 3050 1115 3102 ens
1148 3028 1225 3101 in
1260 3030 1629 3128 potentia,
1670 3039 1752 3104 ut
1789 3033 2139 3128 potentia

592 3150 707 3218 est
772 3139 1204 3219 differentia
1286 3144 1510 3234 entis,
1602 3146 1801 3221 sicut
1902 3173 2138 3246 supra

589 3268 947 3357 argutum
1017 3270 1154 3336 est.
1221 3260 1440 3336 Unde
1518 3263 1927 3339 dicendum
1990 3275 2130 3359 est,

588 3377 786 3450 sicut
818 3375 1102 3450 dictum
1149 3387 1263 3451 est
1289 3378 1531 3476 priuS,
1576 3379 1782 3478 quod
1817 3382 2136 3456 materia

588 3493 770 3567 dicit
822 3494 1214 3569 entitatem
1281 3496 1721 3596 positivam,
1780 3521 1955 3596 quae
2022 3510 2135 3572 est

587 3621 1193 3708 capaxxactuum
1275 3611 1930 3709 substantialium,
2001 3615 2131 3713 qui

588 3735 769 3801 sunt
806 3736 1023 3803 actus
1055 3737 1129 3802 et
1170 3729 1433 3804 lormae
1480 3729 1929 3829 simpliciter
1963 3757 1978 3820 3
2025 3733 2133 3808 sic

589 3846 816 3922 etiam
853 3847 1259 3945 requirunt
1289 3850 1751 3946 subjectum,
1800 3851 2006 3948 quod
2038 3852 2134 3926 sit

587 3986 726 4038 ens
781 3988 796 4049 ;
853 3975 1190 4062 quantus
1250 3965 1457 4040 enim
1517 3976 1630 4041 est
1683 3978 1930 4061 actuS,
2000 3968 2130 4065 qui

584 4081 1004 4177 inducitur,
1078 4090 1286 4157 tanta
1366 4095 1481 4158 est
1530 4087 1893 4184 potentia,
1957 4110 2133 4183 quae

583 4199 1099 4299 supponitur3
1156 4202 1287 4277 sed
1375 4204 1520 4277 hoc
1588 4227 1740 4278 non
1814 4204 2134 4303 impedit

579 4317 768 4416 quin
803 4317 900 4392 sit
930 4341 1067 4394 ens
1097 4318 1539 4418 positivum.

678 4435 994 4532 Antiqui
1082 4446 1367 4529 tamen,
1463 4446 1543 4510 ut
1599 4437 1933 4536 imponit
2023 4439 2134 4513 eis

582 4552 1053 4638 Aristoteles,
1115 4553 1428 4652 aliquod
1479 4578 1761 4653 corpus
1826 4555 1905 4628 in
1958 4567 2129 4630 actu

585 4678 1015 4767 posuerunt
1089 4691 1257 4744 esse
1317 4669 1744 4767 subjectum
1807 4695 2135 4769 genera-

585 4784 848 4880 tionis,
926 4794 1007 4859 ut
1065 4795 1271 4884 patet
1322 4787 1581 4886 primo
1650 4788 1744 4863 de
1806 4813 2135 4886 {lanera-

591 4902 825 4995 tione,
872 4907 1058 4977 tecet.
1108 4902 1174 4975 1.
1224 4911 1307 4977 ut
1362 4904 1674 5000 quidam
1719 4929 2030 5004 aquam,
2062 4916 2137 4980 et

596 5020 909 5118 quidam
971 5029 1281 5110 terram,
1354 5030 1495 5098 etc.
1535 5033 1609 5100 et
1665 5025 1812 5099 tale
1854 5048 2136 5124 corpus

597 5148 713 5212 est
737 5161 876 5214 ens
906 5137 983 5211 in
1045 5147 1219 5215 actu
1260 5141 1662 5239 complete,
1727 5151 1799 5216 et
1859 5151 1973 5216 est
2003 5151 2138 5240 per

599 5279 680 5330 se
721 5255 1074 5348 actuale3
1130 5255 1301 5330 ideo
1353 5256 1597 5331 forma
1663 5255 1807 5331 sibi
1869 5259 2138 5354 acqui-

601 5372 746 5448 sita
793 5382 907 5447 est
953 5395 1090 5470 per
1147 5371 1707 5468 alterationem,
1744 5384 1818 5448 et
1884 5373 1993 5449 sic
2025 5384 2139 5449 est

599 5501 896 5567 tautum
942 5513 1079 5566 ens
1121 5491 1196 5563 in
1238 5492 1578 5589 potentia
1617 5492 1707 5567 ad
1751 5494 2141 5569 alteratio-

602 5632 779 5685 nem
842 5616 1198 5708 etwaatum
1230 5608 1658 5683 secundum
1691 5609 1901 5707 quid.
1939 5610 2131 5685 Nam

251 1866 329 1917 Ad
347 1866 569 1938 primum

292 1929 544 1993 objectio·

340 2007 484 2046 nem.

2263 804 2589 903 pliciter,
2635 815 2707 878 et
2764 804 3103 902 potentia
3142 801 3566 876 secundum
3621 797 3812 896 qnid

2260 921 2955 1016 correspondentes
2984 919 3136 993 illis
3177 918 3505 992 actibus.
3546 914 3692 989 Sed
3724 914 3799 986 in

2259 1036 2651 1134 proposito
2694 1060 2846 1110 non
2907 1045 3022 1109 est
3072 1034 3500 1130 subjectum
3565 1054 3802 1125 gene-

2261 1154 2579 1229 rationis
2621 1179 2759 1231 ens
2819 1154 2894 1227 in
2959 1163 3160 1247 actu,
3220 1162 3293 1226 et
3355 1152 3414 1226 si
3488 1173 3639 1223 non
3707 1148 3802 1222 sit

2258 1295 2396 1346 ens
2438 1272 2514 1345 in
2570 1283 2742 1346 actu
2814 1273 3217 1369 complete,
3269 1281 3446 1344 tunc
3480 1291 3631 1341 non
3687 1275 3796 1340 est

2259 1390 2481 1482 nihil,
2528 1413 2666 1463 nec
2701 1390 2947 1462 solum
2993 1412 3132 1462 ens
3183 1387 3259 1459 in
3314 1384 3653 1484 potentia
3709 1406 3798 1456 co

2261 1508 2484 1581 modo
2544 1531 2697 1604 quo
2783 1507 3056 1581 albedo
3127 1502 3800 1580 fundamentaliter

2255 1635 2368 1700 est
2409 1650 2547 1700 ens
2603 1627 2677 1699 in
2732 1626 3097 1724 potentia,
3180 1624 3364 1722 quia
3421 1624 3668 1697 solum
3719 1621 3793 1693 in

2253 1744 2598 1840 potentia
2638 1743 2756 1818 sui
2799 1741 3125 1837 agentiS.

2350 1861 2460 1933 Ad
2497 1860 2733 1951 aliud,
2782 1883 2955 1931 cum
3010 1859 3289 1933 dicitu1
3345 1856 3547 1953 quod
3602 1855 3790 1928 illud
3918 1888 4022 1954 ¹9

2251 1979 2454 2108 quod
2510 1988 2624 2052 est
2677 1976 3115 2076 potentiale,
3185 1987 3258 2049 et
3318 1974 3788 2072 receptivum
3823 2001 3902 2050 Aa
3953 2016 4141 2052 seeun-

2250 2095 2325 2168 in
2364 2118 2519 2168 uno
2560 2117 2843 2190 genere
2877 2091 3322 2184 accidentis,
3363 2115 3512 2165 non
3559 2089 3792 2187 perti·
3823 2065 4127 2180 ῑξξῗῖαιξῖ,

2246 2218 2378 2283 net
2409 2209 2502 2282 ad
2532 2208 2731 2282 idem
2775 2231 3049 2303 genuS,
3086 2206 3255 2280 dico
3290 2204 3492 2302 quod
3545 2204 3607 2278 si
3649 2228 3790 2301 po-
3819 2195 4143 2305 ffiuffififflf

2249 2336 2561 2402 neretu1
2611 2325 2814 2425 quod
2869 2325 3142 2400 albedo
3197 2333 3789 2421 componeretur
3849 2318 4108 2445 εθέξξῇξω

2245 2469 2337 2519 ex
2379 2445 2777 2543 principiis
2810 2442 3350 2519 essentialibus
3382 2441 3474 2514 de
3503 2463 3785 2537 genere

2244 2562 2676 2655 Qualitatis,
2724 2573 2906 2636 tunc
2966 2561 3098 2634 illa
3158 2558 3574 2658 propositio
3631 2582 3780 2631 non

2243 2689 2445 2755 esset
2496 2704 2705 2755 vera.
2754 2678 2903 2753 Sed
2963 2687 3124 2752 esto
3195 2677 3400 2774 quod
3470 2700 3623 2749 non
3693 2675 3789 2749 sit

2243 2798 2373 2891 ita,
2436 2798 2687 2872 adhuc
2733 2796 2923 2871 ratio
2989 2819 3142 2869 non
3223 2793 3613 2869 concludit
3646 2818 3789 2890 op-

2242 2914 2612 3014 positum,
2646 2914 2830 3011 quia
2870 2912 3282 3012 potentiale
3326 2912 3400 2984 in
3445 2935 3599 2984 uno
3650 2935 3787 3006 ge-

2242 3055 2425 3107 nere
2478 3031 2894 3106 accidentis
2953 3040 3067 3105 est
3128 3029 3424 3104 actuale
3485 3027 3559 3101 in
3635 3029 3784 3101 alio

2242 3173 2523 3247 genere
2571 3147 2834 3247 priori,
2906 3157 2990 3223 ut
3058 3145 3471 3244 potentiale
3524 3155 3597 3220 et
3663 3169 3789 3219 re-

2242 3267 2625 3365 ceptivum
2672 3265 2748 3339 in
2791 3287 3072 3361 genere
3116 3263 3398 3338 coloris
3474 3271 3590 3337 est
3647 3263 3786 3337 ali-

2241 3383 2425 3480 quid
2459 3383 2756 3457 actuale
2797 3382 2889 3455 de
2949 3403 3232 3477 genere
3291 3379 3780 3473 QuantitatiS,

2246 3510 2324 3575 ut
2355 3499 2829 3599 superficies.
2873 3502 3068 3596 Ergo
3121 3498 3505 3595 potentale
3567 3507 3640 3573 et
3670 3523 3787 3570 re-

2242 3617 2738 3716 ceptivumin
2803 3615 3050 3715 primo
3103 3638 3387 3711 genere
3456 3638 3608 3688 non
3645 3640 3786 3713 po-

2245 3743 2388 3807 test
2446 3756 2612 3807 esse
2692 3733 2784 3806 de
2846 3731 3106 3827 aliquo
3163 3753 3445 3827 genere
3515 3732 3777 3828 priori,

2242 3849 2426 3948 quia
2483 3873 2638 3923 non
2708 3858 2822 3923 est
2876 3846 3183 3945 aliquod
3251 3846 3459 3921 aliud
3534 3871 3781 3944 genus

2241 3967 2457 4066 prius
2501 3995 2519 4059 3
2571 3966 2742 4040 ideo
2786 3974 3086 4063 oportet
3137 3989 3304 4039 esse
3359 3963 3451 4039 de
3513 3965 3780 4039 eodem

2241 4107 2551 4181 genere,
2588 4106 2760 4157 cum
2826 4082 2922 4155 sit
2963 4080 3281 4175 aliquid,
3350 4090 3423 4154 et
3481 4104 3634 4155 non
3689 4088 3787 4154 sit

2239 4221 2651 4300 processus
2692 4198 2767 4270 in
2812 4196 3197 4270 infinitum
3247 4223 3264 4288 ;
3302 4219 3483 4292 ergo
3540 4207 3786 4271 mate-

2242 4316 2356 4391 ria
2422 4327 2537 4391 est
2602 4315 2694 4389 de
2745 4337 3030 4411 genere
3101 4313 3554 4388 substantiae
3623 4314 3783 4388 dis-
3858 4355 3864 4360 ·

2241 4432 2476 4506 tincta
2507 4455 2551 4505 a
2585 4432 2849 4504 forma.

2337 4548 2488 4622 Sed
2531 4547 2917 4645 quomodo
2976 4545 3477 4640 distinguitur
3524 4569 3568 4619 a
3628 4548 3784 4621 for-
3858 4564 4081 4615 materia

2246 4688 2367 4738 ma
2403 4664 2443 4736 Ῥ
2474 4664 2643 4737 dico
2672 4663 2875 4759 quod
2931 4661 3433 4758 distinguitur
3490 4662 3634 4736 ab
3616 4686 3782 4760 ipsa
3822 4627 4116 4754 (flggffgudf

2245 4780 2573 4867 realiter,
2624 4777 2956 4876 quadam
2992 4777 3340 4852 realitate*
3369 4779 3778 4877 receptiva,
3812 4757 3901 4804 ω’
3929 4752 4123 4867 20¹⁰*

2244 4900 2559 4974 omnino
2602 4898 2917 4974 alterius
2959 4897 3279 4972 rationis
3311 4922 3354 4972 a
3400 4899 3662 4987 forma,
3712 4908 3786 4975 ct

2244 5017 2562 5095 alterius
2593 5018 2978 5112 essentiae,
3042 5026 3116 5091 et
3184 5025 3297 5091 est
3362 5018 3609 5115 primo
3668 5018 3789 5092 di-

2247 5156 2554 5208 versum
2590 5132 2684 5206 ab
2729 5131 2879 5216 illa,
2922 5129 3105 5228 quia
3137 5129 3265 5203 illa
3308 5141 3489 5204 sunt
3538 5132 3784 5229 primo

2247 5249 2576 5341 diversa,
2614 5271 2789 5345 quae
2831 5242 3047 5321 sic‘se
3092 5247 3403 5339 habent,
3433 5249 3635 5345 quod
3682 5252 3790 5325 ui-

2249 5365 2356 5441 hil
2417 5366 2645 5440 unius
2702 5363 3122 5439 includitur
3191 5362 3265 5436 in
3319 5364 3496 5458 atio,
3548 5389 3691 5440 nec
3748 5392 3788 5443 e

2250 5515 2622 5566 converso
2669 5519 2686 5585 3
2739 5492 2980 5565 forma
3023 5498 3277 5563 autem
3335 5500 3409 5563 et
3477 5495 3794 5568 materia

2249 5619 2431 5686 sunt
2494 5607 2938 5707 hujusmodi
2975 5634 2991 5693 3
3030 5630 3242 5702 erg0,
3314 5617 3456 5683 etc.
3495 5610 3791 5686 Proba-
