4295 6326
697 434 826 500 404
2116 415 2357 487 LIBRI
2404 412 2534 493 1114.-

708 628 859 677 non
898 603 1088 677 uniti
1136 601 1567 692 unirentur,
1614 599 1841 673 etiam
1872 596 2002 694 qui
2056 616 2249 666 nun·
2456 584 2871 659 Sciendum
2934 592 3049 659 est
3092 608 3304 681 ergO,
3370 584 3575 682 quod
3645 582 3902 658 anima
3931 598 4232 728 ⁹313?ng

701 745 934 819 quain
979 720 1529 816 disposuerunt
1560 739 1687 807 se3
1738 714 1939 788 unde
2003 710 2248 806 magis
2355 702 2634 775 Christi
2669 702 3211 798 praedestinata
3266 701 3403 776 suit
3452 701 3545 774 ab
3609 708 3897 774 aeterno
3943 724 4245 779 destinatus

358 4456 634 4515 Quomodo

380 4520 623 4569 Christus

380 4585 632 4631 omuibus

389 4646 602 4694 meruit.

703 838 982 912 meruit
1038 835 1223 908 mihi
1283 834 1602 931 gratiam
1652 832 1973 930 primam
2054 829 2248 924 bap-
2356 819 2445 895 ad
2486 820 2890 893 maximam
2926 820 3277 915 gloriam,
3324 843 3478 893 non
3534 820 3717 917 quia
3766 817 3896 892 alii
3927 793 4255 904 ‘affininoffi‘s

700 955 1109 1046 tismalem,
1157 976 1384 1050 quam
1449 951 1992 1049 quodcumque
2049 966 2246 1043 opus

698 1094 1062 1169 sequens,
1108 1079 1373 1167 postea
1413 1093 1507 1142 ex
1563 1065 1832 1163 gratia.
1896 1063 2115 1137 Unde
2182 1060 2243 1135 si

694 1185 1045 1259 Christus
1154 1183 1431 1257 meruit
1530 1192 1813 1256 tantam
1918 1177 2241 1275 gratiam

691 1303 1126 1395 conversis,
1189 1312 1371 1376 tunc
1432 1326 1582 1375 non
1677 1298 1954 1374 meruit
2019 1294 2243 1369 nobis

691 1421 983 1517 gratias
1048 1420 1674 1510 saci-anientaleS‚
1712 1415 1895 1514 quia
1959 1436 2244 1488 secun-

689 1537 875 1611 dum
959 1538 1105 1610 hoc
1183 1548 1336 1609 non
1392 1535 1667 1609 meruit
1726 1531 1875 1605 nisi
1942 1539 2241 1604 tantum

689 1652 1152 1750 conjunctiS,
1191 1662 1272 1726 ut
1325 1652 1941 1750 praeiniarentur.

1135 1970 1138 1973 2
1222 1936 1586 1997 SCHOLIUM
1622 1940 1692 1994 11.

763 2089 1024 2161 Explicat
1054 2088 1240 2160 primo
1272 2088 1562 2159 quomodo
1612 2087 1933 2143 incarnatio
1982 2101 2097 2141 non
2142 2085 2224 2140 sit

688 2179 864 2235 volita
890 2184 1123 2252 propter
1147 2176 1312 2246 alios,
1351 2178 1421 2232 de
1443 2193 1556 2247 quo
1582 2192 1757 2249 supra
1781 2176 1916 2230 dist.
1947 2175 2001 2227 7.
2033 2179 2242 2245 quaest.

688 2269 743 2324 3.
779 2268 1069 2336 Secundo,
1105 2267 1269 2340 ponit
1302 2267 1602 2334 instantia,
1635 2282 1734 2321 seu
1770 2266 1936 2335 signa
1987 2267 2241 2336 praedes-

690 2357 1017 2425 tinationis,
1072 2372 1319 2429 quorum
1379 2355 1636 2428 primum
1692 2358 1782 2409 est
1839 2352 2043 2409 electio
2099 2350 2241 2408 certi

689 2444 906 2499 numeri
937 2443 1006 2498 ad
1041 2442 1309 2514 gloriam,
1339 2443 1642 2514 quaefacta
1689 2444 1779 2495 est
1828 2448 1958 2495 ante
2007 2438 2237 2509 lapsum

689 2535 1022 2603 praevisum,
1083 2537 1150 2587 de
1204 2548 1323 2603 quo
1375 2548 1413 2586 1.
1478 2531 1612 2586 dist.
1674 2532 1761 2585 39.
1807 2536 1864 2585 et
1892 2531 1980 2585 41.
2022 2529 2238 2595 Tertio,

691 2624 981 2694 quomodo
1015 2621 1203 2694 passio
1261 2621 1470 2678 Christi
1527 2622 1636 2676 l'uit.
1689 2621 2001 2676 efficaciter
2046 2619 2242 2675 oblata

694 2718 920 2769 tantum
954 2730 1058 2785 pro
1090 2713 1317 2779 electis,
1349 2712 1504 2784 quod
1536 2710 1698 2766 aliter
1740 2711 2008 2783 explicat,
2064 2724 2237 2780 quam

693 2803 881 2876 prima
909 2804 1127 2876 opinio.
1161 2802 1396 2869 Quarto,
1417 2800 1708 2874 quomodo
1739 2799 2102 2856 sufficienter
2134 2798 2241 2853 suit

692 2895 887 2951 oblata
930 2912 1030 2965 pro
1079 2894 1352 2951 omnibus
1386 2893 1607 2948 scilicet
1638 2895 1773 2948 data
1824 2896 1958 2948 sunt
2006 2896 2242 2963 propter

693 3003 816 3042 eam
852 2986 1039 3041 media
1070 2987 1346 3041 omnibus
1374 2984 1571 3056 aliquo
1596 2984 1764 3039 modo
1795 2982 2147 3039 sufficientia
2168 2983 2237 3038 ad

694 3075 965 3142 salutem,
999 3076 1068 3130 de
1099 3090 1215 3145 quo
1247 3091 1286 3130 1.
1321 3073 1459 3128 dist.
1499 3074 1588 3127 46.
1641 3073 1877 3137 Quinto,
1930 3072 2010 3127 ait
2060 3072 2239 3126 ratio-

699 3182 829 3223 nem
863 3166 1267 3238 completivam
1297 3166 1484 3221 meriti
1511 3181 1637 3220 esse
1671 3170 1923 3236 pactum,
1970 3180 2074 3219 seu
2110 3180 2238 3234 pro-

699 3259 965 3325 missum,
998 3274 1096 3312 seu
1133 3257 1587 3327 acceptationem
1637 3255 1756 3322 Dei,
1806 3255 1960 3325 quod
2007 3254 2235 3308 xerissi·

698 3363 854 3402 mum
880 3352 983 3413 est,
1017 3347 1085 3401 de
1116 3363 1230 3418 quo
1261 3346 1388 3401 vide
1411 3345 1709 3400 Scholium
1745 3346 1804 3398 in
1837 3348 2010 3398 Oxou.
2049 3343 2141 3398 hic
2165 3343 2236 3397 ad

696 3453 862 3492 num.
893 3437 945 3491 7.
984 3436 1078 3491 ubi
1117 3435 1300 3490 multa
1333 3451 1433 3506 pro
1462 3435 1569 3490 hoc
1606 3434 2000 3490 adducuntur.
2046 3433 2237 3501 Sexte,

695 3528 953 3583 admittit
987 3525 1510 3597 meritum‘jCht-ieti
1561 3540 1688 3580 esse
1734 3523 2057 3580 secundum
2108 3523 2240 3595 quid

695 3621 1015 3685 infinitum,
1066 3625 1329 3689 respectu
1393 3631 1653 3686 personae
1712 3613 2007 3681 merenti«,
2065 3620 2122 3668 et
2179 3613 2234 3667 id

700 3718 927 3769 tantum
980 3711 1175 3766 volunt
1233 3710 1538 3779 Exti-arag.
1605 3709 1945 3778 uniyem'tus.
2003 3712 2060 3762 et
2111 3705 2238 3760 aliae

699 3803 1098 3858 auctoritates,

795 3982 905 4056 Ad
977 3977 1483 4078 quaestionem
1537 3973 1977 4066 dicendum,
2032 3971 2233 4070 quod

696 4100 819 4173 hic
861 4099 1011 4171 duo
1057 4104 1238 4169 sunt
1293 4092 1646 4166 videnda.
1699 4091 1985 4181 PrimO,
2040 4112 2239 4185 quo-

694 4216 921 4290 modo
962 4212 1311 4287 Christus
1365 4208 1644 4284 meruit
1694 4205 2080 4298 omnibuS,
2166 4214 2239 4279 et

694 4331 1063 4422 secundo,
1100 4326 1283 4426 quid
1339 4325 1449 4401 eis
1494 4324 1770 4398 meruit
1807 4323 1846 4394 ‘2

792 4451 1178 4535 Quantum
1223 4442 1316 4516 ad
1377 4441 1705 4540 primum
1765 4448 2012 4536 potest
2054 4437 2230 4526 dici,

694 4568 1119 4646 secundum
1199 4561 1652 4636 divisionem
1725 4557 2230 4656 praemissam,

695 4687 1080 4761 Christum
1128 4679 1500 4754 meruisse
1541 4676 1902 4751 omnibus
1952 4698 2235 4749 secun-

693 4806 874 4878 dum
911 4795 1477 4886 sufficientiam,
1511 4802 1585 4867 et
1615 4816 1764 4865 non
1805 4791 2228 4865 secundum

693 4917 1162 5000 efficaciam3
1229 4935 1381 4985 non
1453 4919 1703 4982 tamen
1797 4907 2019 4981 debet
2089 4908 2233 4979 hoc

687 5034 1010 5130 intelligi
1073 5031 1272 5105 sicut
1353 5026 1562 5125 prior
1663 5023 1924 5122 opinio
2013 5023 2224 5097 dixit.

2356 934 2613 1009 casuri
2659 945 2900 1023 erant,
2947 935 3080 1009 sed
3150 946 3228 1009 ut
3289 935 3672 1010 frueretur
3702 935 3892 1027 De0,

2352 1049 2508 1122 imo
2576 1049 2791 1146 prius
2849 1059 3010 1124 erat
3075 1049 3424 1125 Christus
3470 1051 3892 1126 secundum

2354 1166 2665 1239 modum
2713 1165 3192 1262 intelligendi
3265 1176 3639 1257 nostrum,
3708 1190 3898 1265 prae-

2351 1282 2780 1357 destinatus
2839 1283 2933 1357 ad
3004 1283 3356 1380 gloriam,
3451 1306 3683 1381 quam
3757 1284 3898 1357 ruit

2349 1401 2733 1498 praevisus
2801 1426 2844 1474 a
2905 1400 3064 1475 Deo
3124 1425 3379 1497 casuS,
3483 1411 3556 1477 et
3630 1403 3894 1499 lapsus

2350 1517 2671 1591 humani
2732 1517 3067 1613 generiS,
3132 1519 3315 1616 quia
3373 1542 3641 1593 omnes
3691 1541 3897 1615 prae-

2351 1632 2709 1708 destinati
2779 1634 2993 1732 prius
3053 1644 3235 1708 sunt
3337 1635 3891 1733 praedestinati,

2349 1771 2583 1846 quam
2616 1750 3031 1847 praevisum
3068 1751 3164 1825 sit
3192 1751 3302 1825 eis
3334 1751 3656 1849 aliquid,
3690 1750 3895 1849 quod

2350 1880 2465 1943 est
2531 1870 2621 1943 ad
2699 1869 2968 1964 finem,
3031 1871 3214 1968 quia
3278 1871 3524 1968 primo
3572 1871 3896 1946 volitum

2350 1986 2720 2061 volitione
2763 1986 3117 2061 ordinata
3149 1995 3263 2062 est
3285 1986 3462 2062 finis
3506 2015 3525 2081 3
3583 1998 3657 2062 et
3727 1987 3896 2061 ideo

2349 2104 2604 2201 passio
2665 2104 2976 2198 Christi,
3040 2127 3216 2202 quae
3294 2116 3407 2180 est
3484 2106 3577 2179 ad
3659 2104 3893 2179 finem

2347 2220 2725 2307 ordinata,
2775 2231 2855 2295 ut
2894 2222 2987 2296 ad
3040 2224 3365 2298 salutem
3423 2222 3888 2317 animarum,

2347 2337 2730 2434 posterius
2770 2337 3271 2413 ordinabatur
3303 2363 3530 2436 quam
3568 2341 3895 2438 praedes-

2344 2452 2615 2527 tinatio
2662 2454 3122 2545 animarum,
3186 2465 3259 2530 et
3317 2456 3489 2531 ideo
3544 2458 3893 2532 Christus

2347 2594 2500 2645 non
2620 2573 2759 2647 suit
2883 2573 3477 2671 praedestinatus
3582 2586 3894 2673 propter

2349 2710 2612 2762 casum
2656 2688 3009 2764 aliorum.
3059 2689 3207 2765 Sed
3241 2714 3509 2765 omnes
3553 2693 3894 2788 praedes-

2346 2803 2560 2876 tinati
2599 2804 2811 2901 prius
2863 2805 3197 2899 luerunt,
3259 2828 3490 2902 quam
3559 2808 3892 2905 praevisa

2346 2930 2420 2993 et
2460 2920 2812 2995 ordinata
2879 2921 3016 2996 suit
3084 2920 3339 3019 passio
3408 2923 3744 3017 Christi3
3818 2935 3892 2998 et

2346 3035 2544 3124 ideo,
2587 3047 2666 3111 ut
2708 3048 3103 3112 ostensum
3165 3047 3278 3111 est
3336 3038 3417 3111 in
3456 3039 3715 3135 primo
3787 3039 3887 3113 le·-

2347 3152 2478 3228 bro
2526 3156 2571 3244 ⁸,
2633 3160 2704 3229 et
2784 3155 3114 3230 secando
3185 3157 3231 3249 ⁸,
3303 3156 3545 3254 primo
3644 3159 3885 3233 voluit

2345 3269 2555 3343 Deus
2604 3271 2927 3364 gloriam
2993 3271 3494 3346 determinato
3562 3298 3885 3349 numero

2347 3393 2792 3482 electorum,
2831 3389 2934 3462 ita
3001 3389 3204 3487 quod
3258 3389 3623 3486 primum,
3684 3392 3887 3490 quod

2345 3509 2589 3583 voluit
2624 3505 2913 3598 electis,
2952 3506 3093 3578 suit
3121 3507 3470 3581 ultimata
3529 3510 3891 3606 conjunc-

2348 3628 2450 3700 tio
2494 3626 2721 3705 adse,
2775 3633 2852 3697 ut
2883 3624 2975 3696 ad
3010 3623 3241 3698 finem
3298 3610 3655 3701 ultimum
3704 3627 3889 3703 bea-

2347 3744 2670 3818 tificum.
2719 3742 3104 3836 SecundO,
3141 3744 3523 3818 ordinavit
3562 3747 3884 3841 gratiam

2347 3859 2689 3952 finalem,
2753 3859 2970 3956 quasi
3040 3858 3117 3930 in
3180 3860 3518 3934 secundo
3571 3861 3886 3937 instanti

2344 3988 2671 4071 naturae,
2710 3977 2875 4050 sine
2918 3999 3071 4073 qua
3101 3977 3479 4075 disposuit
3518 4003 3672 4053 non
3704 3982 3885 4057 dare

2346 4094 2925 4170 beatitudinem.
3053 4095 3129 4167 ln
3227 4095 3448 4169 tertio
3571 4097 3887 4172 instanti

2346 4212 2700 4311 praevidit
2737 4235 2869 4286 eos
2937 4212 3288 4308 lapsuros
3333 4213 3409 4285 in
3470 4216 3737 4288 Adam.
3800 4217 3883 4290 In

2346 4340 2617 4426 quarto
2648 4352 2830 4402 vero
2873 4329 3182 4402 instanti
3235 4330 3594 4426 praevidit
3646 4356 3888 4408 reme-

2343 4446 2584 4531 dium,
2703 4444 2906 4543 quod
3022 4444 3413 4541 potissime
3509 4448 3886 4546 disposuit

2343 4560 2510 4636 fieri
2593 4584 2727 4658 per
2799 4559 3232 4657 passionem
3312 4563 3619 4656 Christi,
3708 4589 3883 4664 quae

2344 4681 2518 4776 plus
2579 4702 2736 4776 praa
2815 4677 3177 4752 omnibus
3255 4680 3535 4776 potuit*
3582 4684 3883 4780 placare

2342 4819 2479 4892 pro
2524 4795 2615 4868 iis
2660 4818 2794 4893 pro
2837 4794 3120 4891 quibus
3160 4795 3549 4893 displicuit
3588 4800 3884 4896 primus

2345 4912 2600 5004 houm,
2638 4921 2710 4985 et
2739 4912 2913 5008 plus‘
2953 4911 3240 5008 placuit
3271 4911 3415 4987 ista
3468 4938 3697 5012 quam
3760 4916 3881 4992 ille

2341 5026 2753 5124 displicuit.
2794 5025 3013 5100 Unde
3068 5025 3417 5102 Christus
3472 5030 3685 5127 prius
3746 5031 3884 5106 ruit

3927 916 4014 966 nis
4062 921 4250 980 praevi·

4044 993 4160 1029 sus.

3935 3138 3954 3158 ‘
3988 3134 4124 3186 Dist.
4159 3136 4248 3188 30.

3947 3202 3968 3223 ·
4001 3201 4131 3250 Dist.
4162 3206 4214 3252 4.

3963 3701 4010 3747 ⁴.
4048 3700 4221 3761 Signa

3938 3765 4228 3825 prendent-

3955 3828 4224 3876 nationis.

686 5154 945 5229 Primo
990 5172 1171 5244 ergo
1216 5143 1628 5218 videndum
1670 5152 1783 5215 est
1841 5140 2229 5238 quomodo
2338 5142 2717 5241 praevisus
2748 5152 2826 5217 ut
2858 5145 3485 5240 comprehensor,
3522 5156 3594 5220 et
3616 5158 3880 5245 postea

683 5296 836 5345 non
919 5264 1196 5342 meruit
1263 5258 1635 5358 reprobis,
1711 5258 1842 5331 sed
1932 5266 2227 5330 tautum
2342 5269 2420 5333 ut
2451 5260 2722 5334 viator.
3686 5338 3690 5341 Α

684 5379 1248 5489 praedestinatis
1338 5377 1430 5450 ad
1511 5374 2061 5450 beatitudinem
2130 5375 2225 5449 ab
2433 5379 2540 5452 Ex
2592 5381 2736 5453 hoc
2788 5387 2991 5477 patet
3038 5379 3241 5476 quod
3290 5379 3542 5475 passio
3594 5383 3871 5459 Christi
4036 5363 4100 5429 8·

683 5517 1000 5595 (eterno,
1060 5508 1134 5574 et
1192 5496 1254 5570 si
1315 5517 1468 5567 non
1504 5493 1930 5568 secundum
1965 5490 2226 5566 efssea-
2333 5495 2981 5594 praesuppoiiebat
3061 5495 3651 5574 determinatum
3722 5526 3872 5576 nu-
3934 5452 4197 5580 εξξξῗιῗῑι

683 5628 878 5704 ciam
922 5614 1284 5694 omnibus
1318 5610 1620 5685 meruit.

2332 5635 2630 5685 merum
2665 5610 3413 5709 praedestinatorum.
3449 5615 3644 5690 Nam
3691 5641 3866 5692 cum
3901 5593 4232 5696 εῗέοῗῗῖἆᾚ
