4295 6326
304 2801 526 2874 Argum.

301 2874 552 2925 prunum.

327 3473 525 3522 Secun-

355 3536 503 3586 dum.

286 4454 541 4504 Tertium.

273 5384 548 5443 Quartum.

624 389 750 455 142

2046 394 2289 465 LIBRI
2335 399 2422 467 II.

1134 897 2484 1108 DISTINCTIO
2641 909 3298 1113 XXIX.

1143 1581 1540 1658 QUAESTIO
1592 1582 1642 1646 1.

623 1753 865 1818 Utrum
918 1749 994 1814 in.
1049 1748 1246 1816 nobis
1311 1747 1716 1833 requiratur
1764 1745 2024 1833 qratia,
2095 1754 2175 1813 m

966 1864 1398 1952 principium
1439 1863 1741 1930 activum
1770 1858 1812 1928 P

617 2061 814 2115 Alone.
849 2058 1073 2128 4.part.
1107 2065 1300 2127 quaeu.
1333 2055 1418 2110 19.
1465 2055 1709 2111 membro
1759 2071 1797 2109 1.
1854 2063 1962 2109 art.
2001 2055 2054 2110 2.
2097 2053 2171 2111 D.

687 2128 940 2184 Thomas
973 2146 1016 2184 1.
1056 2128 1108 2182 2.
1142 2132 1337 2198 quaest.
1372 2127 1457 2180 49.
1486 2132 1597 2182 art.
1650 2126 1702 2183 3.
1747 2134 1800 2182 el
1848 2136 2039 2197 quaest.
2078 2127 2170 2180 51.

690 2206 801 2255 art.
834 2200 888 2255 2.
924 2200 1172 2255 Oecham
1206 2198 1388 2270 quodl.
1423 2199 1476 2252 3.
1529 2207 1722 2270 quaest.
1774 2201 1863 2253 20.
1913 2198 2170 2252 Durand.

692 2275 745 2327 3.
779 2274 905 2327 dist.
935 2272 1025 2326 23.
1061 2275 1251 2342 quaest.
1284 2272 1336 2324 2.
1373 2270 1575 2324 Patud.
1609 2268 1898 2341 ibiquaesl.
1949 2270 2004 2323 2.
2057 2269 2171 2324 Ru·

693 2345 829 2399 bion
902 2349 1097 2414 quoest.
1130 2358 1174 2396 1.
1220 2345 1422 2397 Scotus
1462 2358 1503 2395 1.
1547 2340 1678 2396 dist.
1727 2342 1781 2396 3.
1814 2351 2003 2412 quaest.
2034 2343 2089 2397 7.
2122 2349 2174 2396 el

693 2416 817 2470 dist.
855 2417 939 2471 17.
974 2423 1168 2486 quaese.
1201 2414 1256 2470 2.
1287 2418 1336 2468 et
1365 2414 1415 2468 3.
1442 2412 1570 2467 dist.
1617 2412 1705 2466 37.
1755 2413 1825 2467 ad
1858 2417 2171 2483 arqument.

694 2495 748 2544 et
780 2489 829 2541 4.
864 2488 992 2541 dist.
1019 2487 1103 2540 49.
1133 2494 1326 2557 quaest.
1358 2485 1411 2538 2.
1444 2483 1517 2539 ad
1545 2483 1738 2539 ultim.

722 2660 942 2733 Circa
1047 2657 1613 2733 distinctionem
1720 2654 2173 2752 vigesimam

625 2792 908 2853 nonam
961 2775 1384 2873 quaeritur:
1459 2774 1728 2849 Utrum
1790 2771 2041 2867 qratia
2094 2794 2176 2845 se

618 2894 891 2971 habeat
970 2894 1051 2966 in
1132 2891 1427 2968 ratione
1492 2889 1875 2987 principii
1945 2888 2179 2963 activi

620 3020 961 3111 respecta
995 3018 1203 3086 actas
1243 3008 1690 3083 meritorii?
1730 3007 1950 3095 Quod
1984 3029 2165 3080 non.

615 3129 993 3206 Accidens
1055 3151 1205 3202 nou
1261 3126 1416 3223 agit
1471 3125 1542 3199 in
1592 3147 1820 3200 suum
1879 3124 2173 3221 subjec-

616 3257 777 3321 tum
826 3274 843 3341 3
909 3245 1153 3343 gratia
1212 3252 1326 3318 est
1382 3241 1456 3314 in
1527 3243 1972 3335 voluntate3
2036 3240 2171 3337 igi-

616 3375 767 3458 tur,
833 3374 974 3438 etc.

715 3483 931 3573 Item,
1004 3479 1362 3551 voluntas
1438 3499 1595 3549 non
1673 3484 1786 3549 est
1878 3474 2170 3572 princi-

616 3599 828 3697 pium
890 3594 1278 3681 activum3
1349 3590 1582 3687 igitur
1650 3615 1791 3666 nec
1861 3590 2167 3666 habitus
2236 3620 2244 3627 ·

613 3714 689 3786 in
800 3713 1218 3786 voluntate.
1327 3708 1808 3783 Antecedens
1929 3717 2158 3805 patet,

611 3829 793 3928 quia
878 3829 940 3903 si
1011 3827 1147 3921 sic,
1227 3832 1565 3899 moveret
1631 3847 1738 3911 se,
1820 3833 1890 3898 et
1983 3832 2163 3898 tunc

608 3947 951 4045 ejusdem
1015 3944 1111 4018 ad
1163 3966 1244 4017 se
1304 3950 1505 4017 esset
1562 3942 1829 4016 relatio
1900 3941 2154 4017 realis.

607 4066 1109 4159 Consequens
1149 4067 1263 4133 est
1304 4068 1569 4132 contra
1601 4057 2158 4154 Philosophum

608 4181 678 4252 5.
759 4177 1102 4275 Melaplz.
1186 4186 1598 4273 ponentem
1678 4173 2154 4248 identitatem

607 4321 772 4372 esse
834 4294 1282 4369 relationem
1346 4291 1687 4366 rationis.

705 4417 921 4507 Item,
1010 4412 1241 4485 unius
1318 4410 1640 4484 actionis
1725 4419 1838 4484 est
1916 4435 2152 4483 unum

605 4529 1072 4632 principium
1134 4527 1502 4618 formale3
1584 4525 1923 4623 operatio
1997 4551 2159 4601 mc-

604 4647 870 4723 ritoria
923 4654 1035 4720 est
1096 4666 1252 4717 una
1292 4642 1542 4736 acti03
1608 4641 1738 4715 sed
1799 4643 2156 4718 voluntas

604 4776 678 4840 et
744 4762 990 4859 gratia
1047 4769 1227 4833 sunt
1271 4780 1508 4830 unum
1566 4781 1703 4832 ens
1761 4781 1898 4855 per
1951 4759 2156 4833 acci-

603 4883 793 4956 dens
830 4907 847 4971 ;
894 4900 1068 4951 cum
1113 4874 1344 4971 igitur
1385 4875 1742 4948 voluntas
1783 4875 1879 4948 sit
1910 4899 2152 4949 unum

601 4996 1102 5099 principium,
1183 4992 1429 5089 gratia
1503 5015 1655 5066 non
1738 4992 1905 5086 erit,
1973 4994 2157 5089 quia

602 5118 712 5193 sic
773 5112 1006 5210 hujus
1064 5109 1387 5185 actionis
1437 5132 1590 5182 non
1655 5120 1855 5183 esset
1908 5133 2151 5185 unum

601 5231 1066 5335 principium
1127 5227 1442 5301 formale
1493 5226 1853 5300 activum.

705 5351 918 5440 Item,
985 5343 1248 5419 relatio
1300 5365 1453 5415 non
1517 5350 1630 5415 est
1688 5341 2151 5439 principium

603 5462 953 5550 actionis,
1027 5482 1167 5533 nec
1225 5456 1630 5549 terminuS,
1698 5464 1776 5529 ut
1819 5466 2019 5553 patet
2076 5457 2145 5529 5.

601 5580 918 5681 Pltysic.
994 5575 1143 5650 Sed
1214 5573 1524 5647 habitus
1591 5583 1771 5647 sunt
1854 5573 1947 5646 ad
2025 5574 2155 5649 ali-

2286 1364 2499 1465 quid,
2575 1377 2657 1441 ut
2712 1377 2919 1465 patet
2967 1370 3037 1442 7.
3091 1369 3407 1470 Physic.
3477 1371 3581 1446 ibi
3628 1394 3643 1445 ε
3715 1369 3847 1445 Ad

2283 1481 2446 1568 illa,
2480 1506 2652 1580 quae
2700 1493 2879 1559 sunt
2910 1487 2989 1560 in
3033 1488 3320 1585 primae
3359 1490 3613 1586 specie
3650 1487 3843 1578 Qua-

2287 1599 2524 1676 litatz‘s
2564 1624 2719 1676 non
2774 1611 2884 1678 esc
2938 1613 3209 1692 motus,
3263 1608 3446 1705 quia
3485 1606 3625 1683 illa
3662 1615 3842 1682 sunt

2284 1717 2389 1791 ad
2433 1716 2758 1815 aliquid.

2385 1835 2474 1908 Et
2542 1833 3074 1932 confirmatur,
3139 1864 3294 1914 non
3361 1841 3536 1939 plus
3606 1865 3842 1940 repu-
3867 1823 4166 1946 configam-

2286 1959 2472 2046 gnat
2547 1952 2898 2026 relationi
2990 1955 3196 2051 quod
3291 1955 3389 2030 sit
3463 1958 3839 2033 terminus

2288 2077 2566 2155 motus,
2640 2090 2870 2166 quam
2937 2073 3141 2170 quod
3211 2074 3309 2148 sit
3366 2074 3834 2174 principium

2288 2193 2592 2277 motus;
2648 2184 2882 2283 igitur
2938 2212 3112 2263 cum
3156 2213 3310 2264 non
3372 2191 3612 2288 possit
3670 2215 3839 2266 esse

2289 2300 2687 2396 terminus,
2770 2326 2921 2379 non
2995 2316 3243 2404 potest
3304 2331 3472 2382 esse
3547 2308 3838 2406 princi-

2284 2441 2524 2514 p1um.

2380 2534 2495 2607 Ad
2536 2536 3001 2633 oppositum,
3044 2540 3526 2636 Augustinus
3566 2542 3658 2617 ad
3700 2544 3840 2616 Bo·
3992 2567 4058 2629 2,

2286 2648 2651 2724 nisacium
2690 2676 2704 2725 ε
2746 2653 3097 2728 Charitas
3156 2663 3493 2731 meretur
3548 2659 3836 2754 auffert,
3927 2681 4144 2732 contra.

2283 2768 2476 2840 sicat
2558 2775 2778 2843 aucta
2849 2770 3174 2867 perfici3
3230 2774 3435 2871 quod
3470 2787 3831 2867 meretur,

2285 2892 2398 2957 est
2439 2883 2930 2981 principium.

2380 2997 2598 3089 Item,
2644 3001 2890 3096 gratia
2939 3002 3013 3075 in
3077 3007 3471 3082 voluntate
3513 3007 3834 3083 inclinat
3880 3031 4156 3088 secundo.

2282 3115 2602 3190 formam
2643 3117 2739 3191 ad
2797 3142 3079 3215 agere3
3128 3124 3243 3197 vel
3308 3122 3543 3220 igitur
3598 3124 3673 3198 in
3721 3150 3832 3201 ra-

2281 3230 2486 3307 tione
2553 3233 2909 3333 principii
2974 3238 3230 3332 activi,
3303 3242 3419 3315 vel
3476 3242 3824 3339 passivi:

2281 3371 2431 3422 non
2494 3350 2808 3447 passivi,
2854 3354 3038 3450 quia
3089 3379 3180 3430 ex
3221 3379 3301 3430 se
3364 3357 3831 3457 sufficienter

2279 3474 2392 3538 est
2432 3464 2802 3563 disposita
2841 3468 3171 3565 passive.
4176 3542 4181 3546 .

2377 3582 2562 3655 Item
2604 3582 2674 3654 2.
2724 3584 2967 3658 Ethic.
3032 3610 3197 3685 cap.
3246 3588 3314 3660 5.
3397 3590 3648 3664 Virtus
3703 3591 3828 3666 ha·
3918 3608 4116 3659 Tertio·

2279 3693 2573 3770 beatem
2610 3697 2942 3796 perlicit,
2993 3708 3066 3776 et
3103 3704 3268 3803 ejus
3315 3726 3503 3802 opas
3545 3703 3825 3781 bonam

2275 3812 2529 3887 reddit
2561 3842 2587 3898 ,·
2642 3816 2885 3911 gratia
2924 3829 3037 3892 est
3092 3818 3361 3916 virtus,
3415 3830 3495 3894 ut
3536 3822 3821 3898 dictum

2275 3937 2389 4003 est
2428 3929 2642 4027 prius
2696 3933 2741 4004 ⁶.

2370 4046 2585 4142 Item,
2625 4048 2751 4123 itte
2790 4050 3124 4146 habitus,
3172 4076 3323 4150 quo
3367 4057 3540 4152 quis
3586 4058 3822 4132 utitur

2270 4184 2443 4235 cum
2492 4165 2842 4254 voluerit,
2903 4178 3017 4242 est
3065 4171 3414 4265 activus3
3461 4175 3821 4250 voluntas

2271 4278 2565 4354 habens
2652 4284 2874 4358 talem
2966 4287 3310 4361 habitum
3387 4290 3622 4365 utitur
3697 4316 3819 4386 e0,

2269 4417 2444 4468 cum
2504 4399 2690 4471 vult.

3851 3944 3873 3965 ⁸
3918 3940 4077 4003 Supr.
4120 3943 4176 3992 d.

3974 4007 4054 4054 27.

2821 4683 3193 4743 SCHOLIUM
3227 4689 3270 4741 1.

2337 4830 2601 4888 Gratiam
2631 4849 2760 4890 esse
2792 4835 3038 4891 activam
3066 4846 3327 4909 respectu
3360 4841 3449 4895 sui
3482 4852 3664 4908 actus,
3702 4860 3824 4914 pro-

2268 4921 2365 4976 bat
2395 4922 2570 4978 variis
2601 4923 2744 4979 Iocis
2772 4925 3108 4997 Augustini,
3135 4928 3356 4986 ratione
3387 4935 3533 4988 etex
3568 4932 3821 4990 Philoso-

2267 5013 2414 5084 pho;
2449 5018 2652 5085 estquc
2684 5016 3016 5073 communis
3047 5020 3336 5075 sententia
3387 5022 3688 5079 Doctorum
3736 5026 3817 5081 ci·

2264 5105 2520 5159 tutorum
2555 5106 2625 5160 de
2657 5105 2858 5161 babitu
2896 5106 2951 5161 in
2987 5108 3345 5165 universum.
3382 5113 3524 5169 Vide
3561 5113 3722 5170 Doct.
3759 5117 3816 5171 in

2265 5191 2448 5249 Oxou.
2485 5211 2526 5249 1.
2563 5195 2699 5251 dist.
2742 5197 2823 5251 17.
2890 5203 3096 5267 quaest.
3155 5200 3208 5254 2.
3270 5205 3326 5256 et
3378 5200 3456 5256 ibi
3523 5203 3816 5261 Scholium

2266 5300 2429 5339 num.
2463 5285 2516 5338 8.

2362 5460 2580 5534 Circa
2637 5459 2856 5535 istam
2891 5463 3399 5559 quaestionem
3442 5469 3592 5543 duo
3634 5485 3815 5546 sunt
3981 5491 4043 5556 3.

2264 5576 2618 5667 videnda,
2656 5588 2729 5652 et
2769 5577 3014 5676 primo
3055 5579 3357 5655 declaro
3399 5588 3602 5681 quod
3644 5614 3813 5685 gra-
