4295 6326
1506 395 1728 465 DIST.
1783 396 1969 463 xlv.
2022 394 2441 475 QUAESTIO
2491 395 2579 462 II.
3536 396 3620 461 55

420 564 827 638 confusum
916 568 1180 660 chaOS,
1269 589 1363 640 ex
1438 589 1591 663 quo
1676 567 1968 663 produ-

419 679 792 753 cebantur
830 681 982 755 alia
1020 705 1373 779 corpora.

199 810 282 877 Π.
516 797 629 870 Ad
689 797 920 884 aliud,
989 799 1159 873 dico
1229 799 1431 896 quod
1534 799 1962 873 secundum

162 927 328 1040 Aggar·
420 914 978 1012 Philosophum
1060 939 1152 990 ex
1225 926 1434 991 motu
1504 916 1675 990 coeli
1721 916 1964 1013 magis

309 1028 319 1039 ‘
418 1030 768 1129 sequitur
871 1031 974 1105 ibi
1073 1056 1228 1108 non
1320 1056 1487 1108 esse
1566 1032 1963 1107 materiam

417 1171 648 1246 quam
696 1171 893 1239 esse,
966 1149 1151 1247 quia
1210 1148 1731 1249 Philosophus
1807 1173 1960 1223 non

419 1266 674 1365 posuit
741 1267 1090 1362 formam,
1194 1291 1423 1367 quam
1485 1291 1640 1341 non
1718 1266 1966 1367 potuit

418 1385 879 1461 convincere
957 1409 1049 1460 ex
1124 1385 1598 1484 operatione,
1711 1406 1963 1483 neque

415 1502 675 1599 posuit
732 1504 1158 1599 materiam,
1229 1526 1462 1601 quam
1504 1526 1658 1576 non
1717 1501 1966 1599 potuit

413 1619 879 1694 convincere
920 1644 1013 1695 ex
1050 1629 1258 1695 motu
1288 1648 1307 1714 3
1342 1620 1514 1695 ideo
1557 1620 1806 1693 solum
1838 1643 1965 1717 po-

416 1744 561 1811 test
611 1738 966 1813 concludi
1030 1739 1236 1836 quod
1295 1738 1398 1812 ibi
1459 1749 1574 1813 est
1640 1738 1965 1812 materia

413 1854 507 1927 ad
578 1853 736 1948 ubi,
843 1865 919 1929 et
985 1879 1141 1929 non
1237 1856 1315 1929 in
1412 1854 1755 1953 potentia
1865 1852 1960 1928 ad

412 1971 642 2045 aliam
684 1972 1006 2047 formam
1048 1972 1660 2047 substantialem.

506 2089 617 2162 Ad
675 2089 912 2182 aliud,
977 2090 1146 2164 dico
1207 2090 1413 2188 quod
1454 2091 1733 2164 coelum
1802 2112 1955 2162 non

407 2215 522 2279 est
580 2207 1086 2304 compositum
1161 2231 1254 2282 ex
1332 2206 1593 2282 anima
1663 2215 1737 2282 et
1785 2230 1959 2281 cor-

410 2347 619 2420 pore.

142 2453 201 2502 Ad
240 2456 344 2519 pri·
488 2441 613 2514 Ad
671 2441 1202 2539 probationem
1281 2440 1479 2537 dico,
1598 2442 1953 2537 negando

105 2529 350 2632 ffisszfe‘ss'.
401 2556 904 2651 Avicennam,
1020 2558 1203 2656 quia
1269 2556 1433 2654 ipse
1474 2579 1617 2631 nec
1696 2556 1955 2654 posuit

403 2674 946 2772 Philosophice
1013 2698 1157 2750 nec
1223 2673 1734 2770 Theologice3
1818 2672 1953 2747 sed

400 2790 929 2890 principaliter
988 2793 1174 2868 dixit
1240 2791 1766 2868 necessarium
1828 2815 1954 2867 es-

399 2933 481 2983 se
543 2934 829 3008 ponere
890 2908 1257 3009 animam,
1319 2907 1629 2982 tertium
1683 2904 1866 3003 quid
1908 2928 1953 2980 a

400 3035 692 3101 motore
734 3025 1145 3124 conjuncto
1209 3032 1283 3100 et
1322 3032 1699 3122 separatO.

494 3142 608 3218 Ad
654 3143 1246 3242 Philosophum,
1284 3140 1353 3213 2.
1405 3139 1498 3215 de
1546 3136 1785 3229 Caelo,
1832 3137 1950 3211 di-

401 3284 490 3335 co
540 3260 748 3358 quod
780 3284 937 3334 non
998 3258 1358 3356 intelligit
1415 3257 1621 3355 quod
1691 3255 1951 3354 aliqua

401 3379 662 3453 anima
694 3379 1048 3452 uniretur
1090 3377 1282 3452 coelo
1344 3376 1422 3449 in
1456 3375 1749 3449 ratione
1790 3375 1946 3447 for-

402 3520 578 3585 mae,
613 3496 747 3571 sed
786 3505 1083 3570 tantum
1122 3495 1199 3568 in
1257 3492 1552 3567 ratione
1600 3490 1939 3565 motoris.

399 3614 609 3690 Idem
697 3613 1079 3690 intellexit
1180 3613 1779 3703 Commentator‚
1869 3608 1941 3683 2.

395 3732 911 3832 Metaplzysic.

135 2085 190 2133 Ad
214 2100 362 2150 quar·

180 2154 290 2199 tum.

104 3152 161 3200 Ad
188 3169 353 3206 seeun-

165 3218 285 3268 dam.

917 4040 1317 4119 QUAESTIO
1370 4043 1454 4108 11.

530 4212 776 4277 Utrum
817 4209 963 4276 sint
983 4210 1222 4296 plures
1265 4205 1416 4277 coeli
1459 4209 1744 4310 mpbz‘les
1768 4213 1805 4278 Ρ

400 4401 593 4458 Alana.
623 4402 679 4457 2.
709 4418 765 4470 p.
799 4418 851 4473 q.
888 4403 975 4457 18.
1006 4417 1082 4456 m.
1118 4402 1170 4457 4.
1202 4410 1253 4458 el
1284 4419 1335 4473 q.
1358 4403 1448 4458 52.
1491 4407 1599 4458 art.
1639 4402 1690 4456 4.
1726 4402 1939 4459 Albert.

467 4480 623 4529 tract.
655 4475 721 4531 de
759 4479 996 4545 quatuor·
1039 4473 1198 4529 coelis
1230 4490 1283 4546 q.
1334 4474 1385 4529 4.
1417 4491 1472 4530 a.
1520 4491 1561 4529 1.
1593 4474 1779 4546 AEgid.
1816 4474 1854 4531 l.
1884 4475 1941 4534 2.

467 4550 878 4602 Hexaemeron.
926 4561 978 4602 c.
1024 4546 1115 4601 36.
1154 4545 1450 4602 Conimbr.
1492 4546 1531 4600 l.
1574 4546 1629 4600 2.
1680 4547 1747 4602 de
1788 4546 1939 4615 coelo,

468 4635 587 4691 cap.
611 4619 664 4676 5.
690 4622 882 4691 quaest.
919 4621 963 4673 i.

184 4827 247 4894 ι,
497 4796 715 4883 Quod
767 4820 952 4869 non.
1025 4795 1307 4870 Genes.
1358 4794 1425 4868 1.
1498 4797 1720 4871 Fecit
1789 4795 1936 4871 duo

102 4936 317 4996 Primum
404 4907 822 4989 luminaria
854 4937 1159 5010 mayna,
1206 4919 1280 4986 et
1335 4911 1624 5008 εἰείίαε,
1693 4921 1767 4989 et
1789 4939 1939 5014 po-

155 5018 255 5069 “3‘
401 5033 553 5106 suit
578 5033 747 5129 ipsa
777 5031 860 5104 in
896 5026 1387 5127 firmamento
1447 5028 1666 5117 coeli3
1703 5031 1940 5128 igitur

405 5173 721 5247 corpora
815 5146 1157 5223 coelestia
1259 5157 1439 5223 sunt
1519 5147 1596 5222 in
1666 5149 1934 5224 eodem

405 5267 709 5478 οῗιῐίἒη,
767 5380 839 5455 5.
910 5377 1254 5480 Metaph.
1316 5390 1496 5457 text.
1562 5383 1631 5457 8.
1684 5382 1939 5459 Conti-

403 5526 630 5577 nuum
672 5506 807 5594 est,
844 5499 1062 5599 cujus
1091 5505 1339 5573 motus
1363 5507 1470 5575 est
1497 5524 1695 5575 unus
1727 5509 1798 5606 et
1825 5502 1937 5576 in·

404 5618 803 5696 divtkibilc's
832 5616 1252 5693 secundum
1280 5623 1576 5718 tempus
1610 5647 1628 5714 3
1665 5621 1797 5695 sed
1838 5621 1933 5697 ad

126 5387 310 5445 Setun-

142 5455 280 5507 dnm.

2080 577 2372 642 motum
2422 566 2649 664 primi
2691 566 2896 641 orbis
2956 565 3320 640 inferiora
3358 561 3621 637 omnia

2080 693 2536 772 moventur;
2612 684 2847 781 igitur
2945 695 3127 759 sunt
3199 681 3615 772 continua3

2077 801 2311 898 igitur
2352 826 2554 876 unus
2595 800 2829 876 orbis.
2879 800 3361 876 Antecedens
3387 805 3616 896 patet,

2076 919 2261 1016 quia
2294 928 2544 993 motus
2585 918 3006 1016 superioris
3055 916 3261 991 orbis
3311 925 3383 990 et
3425 914 3621 987 inse-

2076 1035 2301 1110 rioris
2377 1044 2556 1109 sunt
2620 1033 3129 1109 indivisibiles
3190 1032 3616 1108 secundum

2074 1161 2403 1249 tempus,

2173 1268 2651 1368 Oppositum,
2689 1268 2752 1342 si
2787 1291 2938 1342 non
2971 1267 3341 1344 essetnisi
3373 1289 3612 1340 unum
3700 1303 3917 1356 Coun„

2072 1388 2352 1460 coelum
2423 1384 2731 1479 mobile,
2845 1384 3316 1484 impossibile
3415 1391 3616 1458 esset

2071 1505 2333 1580 stellas
2356 1504 2654 1601 aliquas
2679 1527 2834 1578 non
2859 1527 3164 1602 semper
3191 1526 3356 1578 esse
3390 1522 3612 1598 aeque

2072 1620 2442 1696 distantes
2510 1621 2604 1695 ab
2672 1621 3050 1715 invicem3
3127 1639 3614 1717 consequens

2073 1748 2188 1811 est
2253 1747 2521 1812 contra
2604 1761 2946 1813 sensum.
3044 1733 3615 1834 Consequentia

2071 1862 2301 1951 patet,
2340 1854 2524 1952 quia
2581 1852 2645 1928 si
2714 1853 2867 1928 sint
2925 1853 3000 1926 in
3074 1877 3226 1928 uno
3261 1852 3472 1945 orbe,
3536 1860 3610 1925 et

2068 1969 2487 2067 aliquando
2557 1971 2732 2068 plus
2808 1969 3118 2061 distent,
3190 1968 3606 2066 aliquando

2068 2088 2355 2182 minus,
2391 2097 2689 2186 oportet
2713 2088 2900 2163 illud
2929 2087 3270 2162 dividere
3291 2088 3600 2179 coelum,

2066 2209 2187 2281 vel
2230 2207 2383 2280 duo
2426 2229 2747 2305 corpora
2785 2230 2953 2281 esse
3000 2205 3257 2280 simul.

2611 2521 2966 2580 SCHOLIUM
3007 2523 3052 2580 1.

2135 2669 2350 2727 Novem
2383 2685 2511 2726 ease
2542 2670 2716 2727 coelos
2742 2671 3067 2728 secundum
3097 2671 3387 2744 antiquos.
3435 2671 3606 2729 Colli-

2059 2757 2213 2829 gitur
2256 2758 2368 2814 iate
2427 2774 2708 2815 numerus
2765 2776 2834 2816 ex
2892 2759 3176 2816 distantia
3233 2760 3604 2816 Plane-tarum

2059 2847 2213 2904 inter
2241 2864 2323 2917 ac,
2357 2848 2503 2903 etad
2538 2847 2741 2905 stellas
2777 2848 2942 2917 fixas,
2989 2849 3232 2905 fixarum
3279 2852 3347 2905 ad
3403 2851 3603 2922 polum

2057 2945 2110 2993 et
2167 2941 2385 2993 motum
2449 2938 2752 3006 diurnum,
2816 2939 2916 3010 qui
2974 2956 3088 2994 non
3151 2944 3343 3012 potest
3400 2958 3529 2995 esse
3574 2960 3607 2996 a

2057 3025 2308 3097 stellato,
2366 3027 2503 3099 quia
2559 3026 2734 3083 habet
2788 3026 2966 3083 alium
3046 3030 3345 3102 proprium
3385 3044 3398 3097 ;
3453 3032 3606 3085 unde

2057 3117 2293 3191 ponitur
2325 3133 2563 3187 nonum,
2588 3118 2738 3190 quod
2764 3122 2849 3174 est
2876 3118 3187 3190 septimum
3220 3120 3454 3177 mobile.
3492 3120 3599 3175 Alii

2057 3214 2261 3277 postea
2289 3207 2634 3262 invenerunt
2665 3207 2976 3273 decimum,
3026 3209 3448 3265 constituentes
3485 3211 3601 3265 duo

2056 3293 2115 3352 in
2146 3297 2392 3353 stellam.
2427 3297 2549 3353 Non
2603 3297 2861 3368 loquitur
2912 3299 3120 3354 Doctor
3170 3299 3239 3355 de
3294 3300 3599 3372 EmpyreO,

2054 3390 2194 3460 quia
2238 3388 2457 3446 ratione
2510 3406 2624 3445 non
2684 3389 2885 3446 scitur.
2919 3394 3116 3446 Patres
3172 3390 3320 3446 illud
3363 3400 3601 3462 ponunt,

2054 3479 2230 3535 Basil.
2263 3479 2421 3535 hom.
2453 3479 2506 3535 2.
2541 3483 2595 3535 et
2625 3479 2678 3535 3.
2713 3479 2772 3535 in
2805 3483 3150 3536 Hexaemer.
3187 3480 3451 3536 Damaso.
3497 3481 3598 3537 lib.

2050 3571 2105 3628 2.
2135 3586 2186 3627 c.
2217 3571 2273 3628 6.
2307 3571 2484 3628 Clam.
2519 3587 2558 3626 1.
2591 3578 2644 3627 et
2674 3572 2726 3628 2.
2760 3571 2966 3645 Recog.
2996 3572 3172 3628 Hilar.
3200 3573 3255 3627 in
3288 3571 3439 3628 Psal.
3480 3574 3597 3627 112.

2050 3658 2330 3716 Athamas·
2372 3658 2575 3733 Chrys.
2610 3664 2667 3717 et
2691 3659 3012 3733 Theopbyl.
3048 3660 3105 3716 in
3150 3676 3199 3718 c.
3233 3660 3285 3718 4.
3318 3661 3385 3716 ad
3426 3661 3593 3718 llcbr.

2145 3857 2258 3931 Ad
2292 3856 2830 3956 quaestionem.
2904 3858 3188 3933 Omnes
3219 3859 3587 3934 Astrono-
3743 3898 3808 3966 2·

2050 3976 2155 4049 mi
2205 3984 2279 4051 et
2334 3975 2741 4050 Naturales
2798 3999 3042 4051 unum
3111 3988 3785 4076 supponunt,„32‚112³
3826 4030 3936 4067 non

2048 4093 2341 4168 scilicet
2371 4093 2575 4192 quod
2616 4116 2773 4168 non
2808 4102 2921 4167 est
2959 4095 3319 4190 ponenda
3371 4096 3591 4169 stella
3638 4085 3911 4193 ᾞῇἷθξζζς,

2053 4209 2370 4304 moveri,
2448 4208 2597 4284 nisi
2675 4208 2770 4283 ad
2829 4219 3122 4285 motum
3191 4212 3424 4306 orbis,
3507 4212 3585 4286 in
3617 4217 3715 4256 ⁸¹¹⁰
3748 4210 3915 4256 “¹⁰²0-

2050 4352 2204 4427 quo
2246 4337 2405 4423 est3
2469 4328 2688 4403 aliter
2737 4328 2943 4404 enim
3012 4331 3132 4404 vel
3192 4339 3393 4405 esset
3455 4356 3586 4407 va—

2048 4469 2279 4520 cuum
2325 4444 2401 4518 in
2436 4443 2649 4539 orbe,
2684 4446 2807 4520 vel
2839 4447 3118 4520 coelum
3152 4455 3352 4522 esset
3392 4471 3590 4523 rare-

2046 4562 2378 4638 factibile
2411 4571 2485 4638 et
2514 4562 3088 4656 condensabile,
3145 4565 3328 4663 quia
3366 4567 3584 4642 stella

2048 4679 2454 4777 egrediens
2486 4681 2577 4755 de
2619 4703 2760 4755 suo
2794 4679 3143 4778 proximo
3185 4683 3593 4759 continen-

2051 4805 2118 4872 te
2147 4798 2225 4871 in
2260 4798 2489 4872 aliam
2531 4805 2828 4894 partem
2858 4797 2977 4871 sui
3019 4796 3394 4875 divideret
3425 4826 3591 4899 par-

2044 4924 2201 4990 tem
2242 4915 2476 5008 orbiS,
2519 4916 2644 4990 vel
2677 4914 2906 4988 simul
2940 4927 3141 4990 esset
3199 4942 3373 4992 cum
3409 4919 3585 4995 illis.

2049 5035 2141 5107 Et
2171 5056 2261 5107 ex
2303 5032 2448 5107 isto
2481 5030 2833 5129 sequitur
2873 5033 3077 5130 quod
3110 5058 3382 5110 omnes
3412 5036 3589 5113 duae

2044 5150 2314 5235 stellae,
2360 5172 2534 5248 quae
2577 5147 3044 5246 quandoque
3118 5151 3364 5248 magis
3433 5154 3592 5229 dis-

2042 5277 2209 5343 tant
2247 5268 2340 5343 ab
2381 5266 2742 5360 invicem,
2804 5268 3269 5366 quandoque
3304 5271 3588 5364 minuS‚

2045 5386 2331 5460 habent
2370 5385 2603 5458 alium
2643 5382 2934 5470 orbem,
2988 5393 3062 5458 et
3118 5386 3384 5461 alium.

2141 5502 2497 5578 Secunda
2528 5501 2977 5601 propositio,
3025 5526 3253 5601 quem
3297 5530 3586 5606 suppo-
3615 5521 3938 5577 Nunasieu·

2041 5633 2265 5717 nunt>
2300 5631 2442 5717 est,
2488 5621 2692 5722 quod
2724 5644 2879 5695 non
2923 5630 3036 5696 est
3075 5623 3294 5698 stella
3325 5625 3583 5726 aliqua
3630 5601 3729 5637 ¹¹⁰⁹
3757 5590 3902 5639 '‘²²⁶“
