4295 6326
700 419 828 485 572

704 598 1033 686 utroque
1078 591 1301 663 modo
1359 598 1470 663 est
1534 610 1769 662 causa
1828 585 2243 675 meritoria,

708 706 882 779 licet
932 704 1473 789 diversimode,
1557 703 1738 800 quia
1791 712 1870 776 ut
1921 701 2250 799 praevisa

706 848 859 896 non
896 832 1009 897 est
1049 848 1283 897 causa
1346 822 1735 896 meritoria
1789 829 2023 894 tantae
2084 842 2249 915 gra.-

706 940 862 1031 tiae,
908 939 1283 1036 sicutjam
1325 942 1539 1013 sacta.
1582 941 1670 1011 Et
1708 962 1883 1012 cum
1937 936 2243 1034 probaS,

709 1056 891 1152 quia
924 1080 1076 1130 non
1115 1068 1195 1130 ut
1225 1058 1380 1152 Jam
1454 1055 1793 1129 exhibita
1844 1063 1956 1127 est
2015 1076 2249 1126 causa

712 1175 1102 1250 meritoria
1155 1176 1232 1248 in
1280 1174 1642 1247 omnihus
1701 1171 2245 1263 SacramentiS,

359 1305 681 1354 Sacramen-
714 1300 794 1364 ut
834 1300 1039 1389 patet
1078 1291 1168 1363 de
1203 1289 1687 1364 Eucharistia
1720 1297 1794 1361 et
1822 1286 2247 1386 BaptismO,

403 1371 635 1417 tanovae
826 1406 840 1420 .

386 1430 661 1490 legisante
711 1430 895 1503 quia
980 1409 1144 1481 haec
1230 1408 1381 1479 duo
1460 1405 1954 1480 Sacramenta
2036 1410 2254 1476 erant

358 1495 662 1555 passionem
717 1524 729 1536 .
873 1523 885 1536 .
1851 1519 1864 1532 .
1952 1518 1965 1532 .
2137 1517 2151 1530 .

411 1556 654 1605 insulula
713 1532 1058 1596 instituta
1088 1532 1262 1597 ante
1310 1530 1627 1595 mortem
1689 1522 1998 1611 Christi,
2081 1518 2250 1591 dico

385 1618 680 1737 ssssf'ffl‘essl'
711 1639 914 1736 quod
948 1637 1296 1712 Christus
1338 1661 1382 1712 a
1414 1636 1790 1735 principio
1833 1633 2253 1709 nativitatis

357 1742 677 1858 humanam
708 1779 871 1828 suae
920 1780 1068 1827 uno
1126 1755 1346 1828 modo
1398 1761 1645 1851 potest
1694 1750 1839 1825 dici
1892 1750 2252 1824 exhibere

708 1871 1035 1966 pretium
1083 1879 1155 1944 et
1204 1869 1661 1967 obsequium
1726 1891 1859 1965 pro
1920 1865 2253 1964 peccatis

705 1986 1015 2078 nostris,
1099 1985 1282 2082 quia
1364 1983 1780 2081 assumpsit
1852 1981 2252 2080 passiones

703 2105 1070 2176 humanae
1114 2110 1411 2174 naturae
1481 2099 1626 2173 sibi
1685 2108 2109 2182 extraneaS,
2179 2107 2254 2172 et

705 2220 983 2292 multas
1018 2218 1499 2314 poenalitates
1543 2214 1934 2307 sustinuit,
2015 2224 2089 2288 et
2147 2214 2251 2288 ita

700 2359 745 2409 a
812 2334 1188 2433 principio
1257 2332 1677 2406 nativitatis
1744 2355 1907 2405 suae
1966 2331 2252 2428 passio-

701 2473 876 2523 nem
913 2473 1131 2523 suam
1168 2448 1570 2522 actualiter
1600 2447 1760 2520 Deo
1813 2445 2113 2536 obtulit,
2177 2453 2252 2518 et

702 2567 811 2641 sic
852 2567 1294 2641 habuerunt
1326 2564 1766 2663 Baptismus
1807 2572 1881 2638 et
1943 2563 2250 2636 Eucha-

702 2683 916 2757 ristia
976 2683 1336 2757 virtutem
1420 2705 1464 2754 a
1525 2680 1884 2779 passione
1936 2678 2244 2771 Christi,

707 2809 790 2876 ut
829 2801 1088 2900 aliquo
1134 2800 1378 2897 modo·
1438 2798 1803 2875 exhibita.
1894 2798 2249 2872 Concedo

703 2927 958 2993 tamen
1024 2926 1592 3015 consequenter
1660 2916 1862 3013 quod
1969 2915 2248 2989 virtute

706 3033 1189 3108 Sacramenti
1249 3057 1407 3107 non
1459 3032 1902 3107 habuerunt
1957 3039 2248 3105 tantam

701 3146 1126 3223 efficaciam
1178 3154 1354 3222 ante
1424 3146 1866 3247 passionem
1934 3144 2245 3238 Christi,

701 3265 900 3340 sicut
964 3273 1163 3362 post,
1244 3286 1385 3338 nec
1458 3262 1801 3361 Apostoli
1889 3261 2248 3360 baptizati

701 3393 880 3457 ante
942 3381 1380 3479 passionem
1454 3380 1733 3455 Christi
1829 3379 2249 3454 exhibitam

702 3506 1001 3571 tantum
1046 3505 1507 3594 receperunt
1547 3497 1639 3571 de
1682 3496 1928 3593 gratia
1967 3495 2249 3570 virtute

698 3613 1205 3706 Sacramenti,
1274 3613 1472 3688 sicut
1555 3614 1777 3687 modo
1857 3611 2244 3711 baptizati,

696 3732 871 3806 licet
914 3733 1086 3827 plus
1166 3731 1606 3805 habuerunt
1673 3730 1766 3805 de
1836 3732 2080 3828 gratia
2114 3753 2251 3827 per

699 3848 1010 3922 modum
1082 3846 1359 3940 meriti,
1432 3856 1507 3920 et
1581 3870 1673 3921 ex
1752 3870 1983 3946 opere
2074 3870 2250 3946 ope·

696 3974 941 4040 rante.

789 4081 956 4155 Alio
996 4081 1221 4154 modo
1266 4087 1517 4181 potest
1564 4079 1742 4173 dici,
1815 4081 2020 4177 quod
2073 4082 2248 4157 licet

690 4200 1189 4273 Sacramenta
1250 4197 1566 4270 fuerunt
1651 4195 2000 4272 instituta
2065 4207 2241 4274 ante

686 4314 1129 4414 passionem
1191 4311 1503 4405 Christi,
1570 4336 1722 4385 non
1782 4322 2040 4387 tamen
2102 4339 2240 4412 pro

576 4473 577 4476 π
687 4432 818 4503 illo
866 4440 1237 4527 tempore,
1306 4428 1439 4502 sed
1512 4452 1646 4526 pro
1724 4438 2069 4527 ternpore
2139 4454 2250 4504 se-

691 4555 974 4645 quente
1030 4545 1466 4644 passionem
1540 4546 1844 4630 Christi,
1925 4555 1998 4620 et
2075 4547 2245 4621 ideo

688 4689 825 4762 pro
868 4674 1051 4735 tunc
1094 4662 1540 4736 habuerunt
1588 4660 2006 4735 efficaciam
2070 4673 2246 4737 ante

690 4780 1132 4879 passionem
1167 4778 1474 4870 Christi,
1545 4788 1628 4851 ut
1667 4777 1818 4851 illis
1854 4787 2022 4875 post
2083 4804 2253 4877 pas-

692 4898 989 4971 sionem
1034 4895 1310 4968 Christi
1343 4894 1940 4969 ChristianiDeo
1989 4920 2250 4970 recon-

695 5013 1169 5103 ciliarentur,
1246 5021 1319 5083 et
1386 5011 1497 5084 eis
1580 5012 1892 5085 daretur
1972 5013 2243 5108 gratia,

699 5154 927 5229 quam
952 5129 1298 5224 signant3
1327 5129 1528 5202 unde
1549 5129 2253 5227 aliudtempuserat

698 5246 773 5319 in
847 5268 999 5342 quo
1076 5243 1389 5316 fuerunt
1490 5242 1863 5330 instituta,
1951 5255 2025 5317 et
2111 5269 2248 5342 pro

699 5385 850 5459 quo
893 5361 1203 5433 fuerunt
1242 5358 1592 5431 instituta
1614 5367 1687 5432 et
1734 5362 2244 5456 promulgata.

405 5477 606 5614 Aidiin
800 5477 908 5550 Ad
937 5475 1244 5550 tertium
1270 5473 1439 5548 dico
1481 5474 1683 5569 quod
1718 5477 1970 5572 passio
2003 5477 2253 5553 Chris-

428 5628 583 5680 uum.
703 5595 758 5669 ti
801 5605 912 5669 est
990 5617 1224 5667 causa
1302 5591 1690 5666 meritoria
1741 5594 2034 5689 gratiae,
2095 5619 2249 5670 non

2075 410 2315 478 LIBRI
2365 411 2483 480 lv.

2359 585 2530 671 sibi,
2596 585 2778 682 quia
2846 610 2889 659 a
2935 584 3311 683 principio
3403 582 3721 681 gratiam
3783 583 3912 655 ha·
3965 571 4218 697 31³3&

2357 702 2523 776 buit
2599 726 3007 793 summam,
3083 711 3154 775 et
3237 702 3374 775 suit
3443 701 3513 773 in
3584 698 3906 773 termino
3960 699 4223 823 ’ἓξὲξ-ξ·

2358 819 2650 913 gratiae,
2690 819 2824 892 sed
2873 819 3263 891 meritoria
3306 817 3574 912 gratiae
3653 816 3901 889 nohis.
3999 829 4201 877 meruit

2360 938 2450 1008 Et
2501 936 2809 1033 quando
2875 935 3154 1009 dicitur
3199 935 3402 1031 quod
3449 940 3698 1028 gratia
3757 955 3909 1006 non

2358 1052 2595 1146 gratis
2637 1052 2814 1124 datu
2840 1077 2901 1143 r,
2952 1052 3015 1124 si
3059 1050 3350 1125 meritis
3391 1050 3755 1134 redditur,
3784 1048 3917 1125 di-

2359 1194 2447 1243 co
2491 1170 2694 1266 quod
2741 1193 3009 1243 verum
3055 1179 3195 1262 est,
3250 1168 3310 1242 si
3371 1168 3659 1240 meritis
3727 1166 3920 1240 acci-

2360 1286 2642 1385 pientis
2713 1285 3080 1357 redditur.
3127 1287 3295 1357 Non
3333 1294 3587 1358 autem
3663 1282 3914 1355 reddi-

2361 1413 2485 1476 tur
2574 1403 2862 1476 meritis
2931 1403 3241 1494 nostris,
3297 1402 3428 1497 qui
3472 1425 3639 1475 eam
3707 1398 3912 1474 acci-

2358 1519 2642 1616 pimuS,
2707 1519 2840 1592 sed
2876 1518 3162 1591 meritis
3210 1516 3518 1609 Christi,
3566 1515 3698 1613 qui
3743 1538 3910 1588 eam

2368 1645 2704 1709 meretur
2772 1634 3019 1706 nobis.
3176 1710 3182 1716 ,

2460 1752 2607 1826 Sed
2652 1752 3036 1849 quomodo
3064 1760 3313 1849 potest
3355 1750 3635 1848 aliquis
3681 1771 3916 1823 mere-

2362 1868 2424 1942 ri
2459 1868 2617 1961 alii,
2664 1877 2734 1941 et
2779 1891 2933 1940 non
3002 1867 3144 1942 sibi
3204 1867 3416 1965 ipsi?
3446 1866 3635 1939 Dico
3705 1865 3911 1962 quod

2359 1985 2422 2060 si
2474 1985 2602 2060 ille
2645 1985 2774 2084 qui
2811 1994 3146 2059 meretur
3200 1985 3445 2077 alteri,
3499 1984 3595 2058 sit
3641 1985 3712 2056 in
3760 1992 3919 2056 ter-

2361 2101 2566 2174 mino
2592 2100 2885 2197 gratiae,
2911 2099 3343 2196 cujusmodi
3371 2099 3930 2189 suitCh1·istuS‚·

2358 2218 2552 2292 bene
2589 2226 2833 2314 potest
2890 2218 3162 2292 mereri
3205 2216 3422 2291 alteri
3491 2225 3565 2291 et
3605 2239 3758 2290 non
3803 2215 3917 2289 si—

2358 2334 2431 2408 bi
2466 2333 2638 2430 ipsi.
2681 2336 3134 2431 Exemplum
3170 2334 3400 2430 hujus
3440 2342 3606 2406 est:
3657 2332 3737 2405 Si
3771 2331 3917 2405 ali-

2356 2449 2530 2547 quis
2564 2449 2914 2545 diligeret
2957 2450 3326 2546 aliquem,
3364 2458 3740 2546 quantum
3776 2472 3921 2545 po-

2356 2575 2498 2640 test
2569 2565 2823 2663 ipsum
2865 2566 3212 2662 diligere,
3286 2575 3359 2640 et
3399 2566 3496 2640 sit
3553 2564 3919 2663 impossi-

2356 2682 2507 2756 bile
2554 2681 2797 2776 magis
2847 2681 3062 2776 diligi
3113 2682 3208 2756 ab
3249 2705 3369 2775 e0,
3414 2682 3477 2756 si
3520 2682 3716 2755 alius
3749 2704 3920 2754 ser-

2356 2798 2512 2873 viat
2562 2797 2735 2890 sibi,
2794 2806 2868 2871 et
2921 2796 3185 2872 offerat
3247 2797 3393 2873 sibi
3453 2797 3914 2894 obsequium

2356 2914 2666 3011 aliquod
2747 2924 3047 3011 gratum
3122 2939 3256 3013 pro
3330 2914 3510 3007 ali0,
3584 2914 3920 3011 diligens

2358 3032 2548 3106 illud
2602 3032 3040 3129 gratissime
3101 3040 3472 3130 acceptat,
3538 3040 3613 3105 et
3668 3031 3918 3128 magis

2362 3173 2593 3248 quam
2627 3147 2999 3224 offensam
3060 3149 3376 3225 alterius
3427 3173 3563 3249 pro
3611 3172 3766 3247 quo
3800 3148 3921 3222 os-

2356 3270 2525 3361 fert,
2596 3278 2896 3367 pensat,
2935 3278 3009 3344 et
3080 3278 3331 3344 tamen
3375 3294 3529 3343 non
3583 3271 3759 3366 plus
3798 3268 3920 3341 di-

2359 3384 2525 3481 ligit
2566 3408 2743 3459 eum
2813 3394 3122 3483 propter
3189 3384 3377 3458 illud
3448 3383 3912 3481 obsequium

2356 3511 2692 3599 gratum,
2728 3502 2912 3601 quia
2944 3503 3210 3578 dilexit
3247 3527 3425 3578 eum
3457 3502 3533 3576 in
3570 3526 3906 3577 summo,

2356 3617 2507 3692 Isto
2552 3619 2775 3692 modo
2844 3626 2958 3692 est
3025 3619 3117 3693 de
3177 3618 3481 3693 Christo
3539 3617 3912 3693 offerente
3969 3625 4232 3698 155th

2357 3758 2500 3809 suo
2534 3736 2768 3828 Patri,
2815 3759 2857 3809 a
2909 3759 3063 3833 quo
3125 3735 3200 3807 in
3275 3759 3581 3810 summo
3651 3734 3914 3831 diligi·
3942 3702 4125 3802 Ϊιῧῗιο
4150 3753 4228 3801 ιιι-

2356 3859 2505 3936 tur,
2543 3873 2624 3925 se
2665 3851 2918 3948 ipsum
2987 3851 3064 3924 in
3142 3861 3459 3926 mortem
3515 3851 3609 3925 ad
3665 3820 4242 3928 offen-issffmffi.

2355 3994 2519 4046 sam
2568 3980 2908 4044 nostram
2977 3969 3556 4063 redimendam3
3623 3978 3697 4045 et
3735 3969 3912 4044 ideo

2356 4110 2449 4161 ex
2480 4087 2780 4184 justitia
2811 4087 3139 4184 quadam
3186 4086 3477 4162 remisit
3527 4087 3750 4161 nobis
3810 4088 3915 4162 of·

2357 4203 2676 4288 sensam,
2715 4212 2788 4276 et
2820 4226 2973 4276 non
3032 4202 3168 4276 suit
3211 4226 3424 4277 mera
3471 4202 3718 4299 gratia
3746 4203 3909 4300 jus·

2354 4316 2669 4392 tificatio
2740 4317 3189 4415 peccatoriS,
3291 4319 3475 4415 quia
3568 4343 3723 4393 non
3792 4309 3909 4395 est

2360 4458 2565 4508 mera
2606 4435 2852 4531 gratia
2891 4434 2967 4507 in
3004 4434 3397 4527 univerSO,
3456 4435 3602 4509 nisi
3647 4436 3910 4511 Incar-

2357 4551 2594 4643 natio,
2627 4550 2812 4647 quin
2875 4549 3266 4647 aliquibus
3303 4552 3590 4626 meritis
3632 4553 3911 4628 redda-

2355 4677 2505 4759 tur,
2543 4666 2829 4762 quibus
2870 4666 3237 4741 redditur.

2452 4782 2563 4855 Ad
2600 4782 2984 4876 ultimum,
3019 4783 3187 4857 dico
3222 4785 3430 4881 quod
3462 4784 3912 4859 Sacramen-
3968 4822 4054 4872 Ad
4088 4835 4225 4886 quu-

2358 4907 2431 4971 ta
2471 4897 2834 4971 dicuntur
2884 4897 3198 4973 fluxisse
3268 4924 3360 4974 ex
3436 4901 3759 4975 vulnere
3792 4904 3911 4976 la-
3938 4890 4212 5006 ngfflssbo
4273 4987 4274 5000 χ

2355 5015 2576 5090 terali
2627 5015 2968 5113 corporis
3026 5015 3328 5100 Christi,
3390 5041 3546 5091 non
3599 5030 3909 5116 propter
3936 5011 4240 5125 ffiffigffffl,

2356 5132 2856 5230 principalem
2912 5133 3155 5208 meriti
3210 5134 3586 5208 rationem
3629 5159 3720 5210 ex
3761 5136 3907 5211 isto
3940 5138 4241 5251 ,⁰53⁸ssss
4273 5131 4274 5188 3

2356 5251 2702 5334 vulnere,
2751 5249 2932 5345 quia
3000 5250 3138 5323 fuit
3201 5261 3548 5326 mortuus
3597 5253 3907 5349 quando
3937 5264 4245 5342 moechm-

2358 5365 2544 5438 illud
2612 5366 2899 5438 vulnus
2970 5365 3114 5441 sibi
3181 5366 3702 5462 infligebatur,
3775 5370 3909 5443 sed
4079 5335 4136 5380 η’

2359 5489 2669 5581 propter
2718 5481 3086 5580 majorem
3152 5484 3734 5560 similitudinem
3777 5510 3912 5561 eo-

2365 5623 2559 5692 rum,
2605 5621 2781 5696 quae
2823 5597 3208 5675 fluxerunt
3251 5601 3341 5677 de
3383 5602 3511 5677 illo
3551 5604 3906 5698 vulnere,
