4295 6326
216 3777 324 3844 19.

106 3893 189 3945 Ad
236 3908 422 3943 secun-

194 3956 342 4007 dum.

1597 384 1823 466 DIST.
1875 396 1929 463 1.
1982 392 2401 474 QUAESTIO
2450 391 2506 463 l.

438 611 617 663 nem
678 584 1033 682 respectu
1108 575 1406 676 gratiae,
1443 572 1672 646 habet
1737 568 1987 641 virtu-

437 715 618 791 tem,
658 710 742 777 ut
772 721 1052 798 corpus
1081 702 1371 792 tangat,
1408 700 1482 766 et
1531 711 1661 763 cor
1693 686 1979 762 abluat.

440 824 591 900 Sed
632 821 755 898 isti
817 818 1180 894 videntur
1224 803 1368 889 sibi
1437 796 1653 908 ipsis,
1688 806 1769 879 in
1837 804 1987 878 alia

441 940 736 1017 ratione
769 934 1129 1035 superius
1188 929 1463 1031 posita,
1509 921 1990 1000 contradice-

443 1083 551 1155 re,
587 1081 725 1157 per
793 1077 1024 1154 quam
1094 1048 1423 1150 probant
1490 1040 1695 1141 quod
1776 1038 1992 1112 nulla

443 1183 797 1250 creatura
826 1178 1077 1270 potest
1108 1161 1556 1264 dispositive
1597 1179 1825 1255 agere
1892 1153 1987 1229 ad

440 1287 861 1365 terminum
896 1279 1313 1361 creationis
1346 1305 1367 1374 ;
1404 1276 1530 1351 hic
1562 1281 1820 1349 autem
1875 1267 1990 1343 di-

441 1415 945 1503 cuntaquam
1012 1398 1380 1474 inducere
1462 1392 1539 1464 in
1616 1387 1984 1479 animam,

444 1522 859 1622 quamdam
958 1514 1540 1615 dispositionem
1634 1511 1987 1605 respectu

442 1640 738 1739 gratiae.

535 1759 728 1834 Dico
764 1764 1022 1832 autem
1054 1751 1260 1850 quod
1294 1746 1554 1823 anima
1578 1765 1711 1818 cor
1747 1738 1992 1815 abluit

440 1876 920 1976 dispositive,
968 1882 1050 1947 ut
1090 1877 1297 1970 patet
1327 1867 1408 1940 in
1436 1858 1986 1961 sequentibus;

440 1997 548 2072 sic
592 1994 797 2070 enim
842 1994 1073 2065 homo
1133 2007 1515 2084 generans
1563 1977 1985 2061 hominem,

443 2111 870 2188 secundum
941 2127 1222 2202 corpus
1280 2098 1609 2199 perfecte
1678 2091 1994 2189 organi-

442 2253 649 2322 cum,
711 2220 1277 2324 quodammodo
1337 2212 1783 2313 dispositive
1835 2208 1991 2305 agit

442 2346 536 2421 ad
597 2342 1124 2419 inductionem
1173 2334 1466 2412 ultimae
1528 2331 1794 2405 formae
1863 2326 1990 2398 ho·

444 2463 699 2553 minis,
763 2459 945 2560 quia
997 2455 1106 2531 sic
1145 2451 1407 2529 statuit
1437 2449 1674 2541 DeuS,
1720 2453 1802 2520 ut
1853 2465 1994 2516 na-

442 2590 617 2654 tura
699 2584 971 2673 agente
1040 2572 1114 2645 in
1189 2568 1575 2658 ultimum,
1639 2563 1718 2637 in
1786 2556 1992 2658 quod

447 2705 720 2796 potest,
784 2693 997 2766 Deus
1068 2684 1439 2786 perficiat,
1498 2690 1594 2756 et·
1639 2678 1994 2777 suppleat

446 2813 648 2914 quod
684 2810 965 2886 deficit.
1014 2808 1125 2881 Ita
1166 2811 1412 2903 potest
1448 2823 1626 2874 vere
1693 2796 1841 2871 dici
1884 2816 1992 2868 sa·

444 2937 923 3006 crementum
948 2920 1322 3021 Baptismi
1345 2915 1791 3016 dispositive
1824 2933 1994 3015 age-

446 3073 525 3122 re
560 3047 654 3121 ad
688 3042 1042 3141 gratiam,
1091 3039 1273 3138 quia
1313 3036 1420 3111 sic
1461 3031 1749 3133 pepigit
1784 3030 1994 3104 Deus

447 3188 621 3239 cum
655 3159 1023 3245 Ecclesia,
1065 3165 1144 3231 ut
1190 3152 1837 3252 quandocumque
1871 3170 1996 3221 es-

449 3290 563 3356 set
616 3281 765 3354 tale
827 3276 1136 3370 signum
1206 3268 1621 3344 efficaciter
1677 3265 1996 3360 signans

451 3401 870 3496 signatum,
908 3392 1111 3491 quod
1146 3388 1477 3470 daturin
1535 3386 1998 3460 Sacramen-

458 3527 557 3610 to,
593 3516 803 3588 Deus
859 3509 1250 3585 assisteret
1280 3504 1372 3580 ad
1407 3502 1745 3576 dandum
1790 3498 1996 3596 quod

453 3634 761 3730 signum
802 3624 1208 3724 significat.

553 3750 664 3825 Ad
715 3743 1141 3822 secundum
1203 3744 1742 3836 argumentum
1795 3734 2002 3832 prin-

457 3868 727 3966 cipale,
800 3862 968 3937 dico
1053 3858 1257 3957 quod
1355 3856 1615 3929 nullus
1684 3850 1999 3926 effectus

459 3985 724 4058 finitus
819 3987 1065 4079 potest
1150 3969 1543 4070 adaequari
1634 3967 1997 4068 potentiae

454 4101 594 4175 Dei
664 4103 1037 4197 quantum
1107 4091 1200 4165 ad
1265 4087 1549 4176 omnia,
1615 4095 1698 4158 ut
1747 4107 2000 4181 quan-

453 4229 612 4291 tum
662 4215 755 4289 ad
808 4209 1381 4311 perfectionem,
1451 4203 1634 4302 quia
1684 4201 1748 4276 si
1799 4208 2001 4275 esset

452 4332 767 4409 effectus
819 4327 1168 4401 infinitus
1203 4321 1401 4396 sicut
1451 4342 1712 4411 causa,
1756 4328 1830 4390 et
1874 4340 2000 4413 po-

449 4451 687 4526 tentia
746 4447 912 4543 ejus
967 4451 1169 4517 esset
1216 4438 1543 4520 infinita,
1605 4447 1782 4508 tunc
1842 4457 1996 4506 non

451 4577 652 4644 esset
679 4563 992 4638 effectus
1016 4554 1352 4654 ejuS‚sed
1373 4562 1573 4627 esset
1592 4551 1792 4624 idem
1820 4574 1911 4622 cu
1926 4572 1994 4620 m

452 4710 567 4760 eo.
633 4683 892 4755 Potest
966 4684 1222 4748 tamen
1308 4668 1587 4767 aliquis
1683 4665 1999 4741 effectus

452 4801 715 4875 finitus
790 4790 1181 4890 adaequari
1255 4786 1617 4886 potentiae
1685 4784 1822 4858 Dei
1877 4783 1998 4854 in-

452 4919 693 4992 finitae
749 4920 1121 5011 quantum
1169 4906 1261 4981 ad
1340 4906 1648 4978 modum
1710 4900 2000 4999 produ-

453 5035 702 5126 cendi,
768 5028 950 5127 quia
982 5025 1251 5099 modus
1310 5023 1434 5096 ille
1488 5044 1640 5118 quo
1713 5017 2001 5115 produ-

452 5153 677 5243 citur,
725 5142 1085 5241 competit
1139 5139 1280 5213 soli
1344 5138 1531 5225 De0,
1584 5144 1658 5209 et
1716 5134 1820 5206 ita
1886 5141 2000 5206 est

453 5267 697 5366 gratia
736 5290 780 5340 a
847 5264 1008 5337 solo
1074 5259 1233 5332 Deo
1294 5280 1430 5354 per
1497 5253 1997 5343 creationem,

454 5396 527 5461 et
620 5385 724 5458 ita
786 5378 1122 5455 concedo
1189 5373 1392 5471 quod
1477 5370 1773 5447 excedit
1838 5393 2001 5442 om-

454 5527 633 5579 nem
696 5500 1053 5575 virtutem
1110 5500 1443 5567 creatam
1531 5490 1666 5565 iste
1730 5487 2003 5562 modus

457 5615 932 5719 producendi
973 5609 1262 5710 aliquid
1332 5609 1424 5682 de
1483 5607 1753 5682 nihilo.

3505 399 3637 467 543

2184 565 2297 639 Ad
2328 565 2666 656 tertium,
2709 566 3018 663 quando
3050 577 3635 664 argumentatur
3694 596 3776 651 Ad
3808 595 3951 651 tem.

3763 673 3874 712 um.

2090 683 2295 779 quod
2321 704 2559 778 agens
2579 682 3164 760 instrumentale
3186 689 3359 784 plus
3384 696 3633 785 potest

2089 799 2167 873 in
2209 800 2491 875 virtute
2532 801 2980 900 principalis
3029 802 3325 900 agentis
3399 827 3631 902 quam

2090 915 2167 990 in
2212 916 2492 992 virtute
2534 918 2843 1015 propria
2887 946 2905 1013 3
2943 917 3112 994 dico
3176 920 3381 1016 quod
3442 920 3633 996 illud

2079 1033 2265 1134 plus
2295 1058 2518 1132 posse
2575 1044 2823 1133 potest
2910 1034 3230 1135 intelligi
3303 1038 3497 1114 bene
3566 1047 3640 1114 et

2094 1153 2332 1247 male3
2371 1153 2576 1251 quod
2609 1153 2813 1228 enim
2860 1152 3483 1252 instrumentum,
3519 1157 3639 1231 vel

2093 1293 2328 1345 causa
2369 1279 2618 1370 potest
2683 1271 2761 1345 in
2829 1271 3148 1370 aliquid,
3220 1273 3426 1372 quod
3485 1298 3643 1349 non

2094 1397 2210 1463 est
2241 1387 2715 1486 impossibile
2768 1389 3032 1463 formae
3092 1389 3646 1467 instrumenta-

2094 1504 2176 1594 li,
2224 1504 2453 1579 etiam
2480 1504 2761 1580 virtute
2803 1506 3362 1606 cujuscumque
3404 1531 3646 1606 agen-

2095 1623 2219 1711 tis,
2262 1634 2342 1698 ut
2407 1647 2664 1699 causae
2710 1625 2981 1722 primae
3038 1635 3112 1701 et
3169 1627 3642 1726 principalis,

2098 1741 2244 1814 hoc
2280 1749 2396 1814 est
2470 1739 2973 1837 impossibile,
3014 1751 3096 1816 ut
3162 1743 3368 1839 quod
3434 1744 3647 1818 Deus

2097 1880 2236 1955 per
2293 1858 2622 1932 calorem
2692 1859 3064 1956 producat
3126 1860 3392 1957 friguS,
3466 1861 3648 1959 quia

2101 1976 2268 2051 istae
2313 1976 2686 2050 formaein
2720 2000 2802 2051 se
2865 1977 3049 2052 etin
3106 1978 3267 2053 suis
3325 1980 3651 2076 qualita-

2097 2093 2305 2167 tibus
2348 2092 2766 2167 formaliter
2806 2093 2950 2167 sibi
3008 2094 3372 2169 invicem·
3416 2119 3646 2193 repu-

2099 2219 2364 2308 gnant.
2414 2208 2633 2284 Unde
2676 2208 2873 2283 sicut
2921 2210 3131 2285 Deus
3189 2236 3341 2286 non
3400 2222 3650 2311 potest

2100 2326 2350 2400 facere
2393 2325 2598 2423 quod
2629 2317 2985 2421 frigidum
3059 2350 3384 2403 manens
3436 2328 3651 2427 frigi-

2100 2444 2312 2537 dum,
2350 2442 2768 2537 calefaciat,
2800 2443 2906 2518 ita
2959 2468 3112 2518 non
3147 2454 3395 2543 potest
3446 2447 3650 2522 face-

2101 2584 2181 2635 re
2293 2561 2497 2659 quod
2568 2562 2913 2636 naturale
3010 2561 3292 2639 virtute
3400 2564 3649 2662 cujus-

2101 2700 2435 2776 cumque
2469 2688 2702 2772 creet,
2739 2680 2862 2753 vel
2894 2680 3269 2776 producat
3290 2681 3644 2757 effectum

2103 2793 2825 2892 supernaturaliter,
2889 2802 2963 2869 et
3029 2795 3131 2869 ita
3189 2796 3370 2892 plus
3421 2821 3648 2895 posse

2106 2912 2301 3041 male
2335 2911 2814 3007 intelligitur,
2852 2912 2916 2984 si
2948 2913 3401 3009 intelligitur
3440 2917 3645 3012 quod

2101 3037 2701 3102 instrumentum
2814 3028 3096 3105 virtute
3200 3032 3646 3131 principalis

2104 3150 2427 3249 agentis,
2511 3160 2586 3226 et
2652 3174 2884 3226 causa
2959 3153 3301 3229 secunda
3365 3154 3647 3230 virtute

2104 3291 2360 3343 causae
2403 3267 2673 3364 primae
2714 3269 2889 3364 plus
2936 3279 3285 3366 possunt,
3326 3271 3472 3346 hoc
3535 3280 3649 3345 est

2103 3384 2200 3458 ab
2240 3393 2596 3482 utroque,
2642 3384 2934 3459 scilicet
2973 3408 3205 3461 causa
3246 3386 3651 3486 principali

2105 3510 2181 3574 et
2224 3499 2822 3593 instrumentali,
2859 3510 2933 3575 et
2989 3524 3224 3576 causa
3290 3503 3538 3600 prima
3582 3514 3655 3579 et

2107 3617 2450 3691 secunda
2481 3617 2708 3691 simul
2750 3640 2975 3714 posse
3019 3641 3188 3693 esse
3250 3629 3324 3694 et
3365 3621 3651 3718 produ-

2107 3733 2172 3806 ci
2217 3732 2505 3830 aliquid
2576 3732 3012 3830 perfectiuS,
3058 3757 3290 3832 quam
3369 3761 3411 3812 a
3488 3740 3651 3813 solo

2107 3852 2646 3943 instrumentO,
2686 3853 2803 3926 vel
2841 3876 2884 3927 a
2916 3855 3080 3927 sola
3112 3878 3348 3931 causa
3386 3881 3655 3932 secun-

2107 3970 2228 4056 da,
2278 3993 2543 4045 verum
2588 3979 2725 4044 est.
2772 3970 2997 4044 Nunc
3066 3982 3322 4047 autem
3391 3999 3652 4051 creare

2107 4094 2180 4158 et
2224 4084 2645 4183 producere
2679 4085 2971 4182 aliquid
3013 4109 3104 4160 ex
3146 4088 3390 4162 nihilo
3437 4115 3655 4189 repu-

2104 4210 2287 4295 gnat
2320 4200 2636 4274 cuilibet
2675 4209 3073 4290 creaturae,
3112 4211 3186 4277 et
3252 4204 3423 4280 ideo
3489 4232 3653 4283 res-

2104 4328 2326 4416 pectu
2373 4318 2784 4392 creationis
2815 4319 3082 4415 gratiae
3142 4323 3358 4396 nulla
3435 4350 3652 4402 crea-

2103 4445 2275 4509 tura
2396 4444 2642 4531 potest
2767 4457 2935 4509 esse
3050 4436 3645 4517 instrumentum

2103 4552 2271 4626 Dei.

2199 4671 2312 4745 Ad
2366 4678 2718 4766 quartam
2752 4669 3153 4764 rationem,
3184 4678 3493 4770 quando
3527 4701 3648 4753 ar-
3765 4706 3874 4774 20,

2104 4788 2366 4884 guitur
2396 4786 2600 4883 quod
2634 4795 2984 4859 creatura
3016 4797 3262 4882 potest
3319 4796 3640 4887 gratiam
3706 4823 3785 4873 Ad
3817 4836 3972 4886 quar-

2104 4903 2564 4991 annihilare,
2638 4901 2807 4974 dico
2907 4904 3114 4999 quod
3209 4910 3644 4989 annihilare
3715 4892 3952 5007 Qssffingu

2106 5046 2261 5095 non
2304 5030 2417 5096 est
2458 5042 2682 5116 agere
2742 5017 3062 5116 aliquid,
3109 5023 3239 5096 sed
3310 5037 3422 5101 est
3489 5055 3643 5106 non
3676 5011 3993 5062 Quinum·

2107 5161 2565 5212 conservare
2600 5135 2889 5233 aliquid
2922 5135 2998 5209 in
3043 5161 3200 5213 esse
3241 5145 3445 5239 quod
3508 5149 3648 5222 ha-

2105 5254 2271 5328 huit
2342 5282 2359 5347 3
2433 5274 2890 5327 conservare
2987 5263 3271 5350 autem,
3353 5270 3426 5333 et
3492 5287 3647 5338 non

2108 5393 2596 5463 conservare,
2643 5376 2754 5443 est
2787 5369 3183 5465 proprium
3217 5374 3403 5465 Deo,
3464 5402 3647 5477 ergo

2110 5498 2184 5561 et
2225 5485 2683 5561 annihilare.
2730 5486 2841 5558 Ad
2901 5489 3427 5583 probationem
3509 5521 3652 5571 au-
3682 5517 3965 5567 Peccatum

3679 5581 3970 5654 opponunt

3377 5622 3652 5710 potens
3680 5648 3862 5707 gratiae
3892 5643 3979 5693 de·

2109 5603 2557 5697 tecedentiS,
2666 5626 2842 5678 cum
2963 5602 3262 5702 dicitur,
