4295 6326
1566 468 1793 538 DIST.
1844 468 1899 539 Ι.
1951 466 2370 547 QUAESTlo
2418 466 2537 535 lv.

424 648 722 741 eadem,
802 670 986 743 ergo
1046 646 1179 720 illa
1235 653 1493 718 manet
1559 663 1804 737 usque
1880 638 1960 712 in

422 764 657 838 finem
740 762 1193 862 prolationis
1273 759 1686 833 verborum
1722 784 1740 849 ;
1831 755 1963 829 sed

420 885 637 957 nulla
670 881 965 978 syllaba
1012 888 1268 954 manet
1308 878 1535 952 simul
1573 899 1744 951 cum
1781 874 1958 966 alia,

423 1002 603 1098 quia
636 1000 1002 1096 quaelibet
1029 1008 1143 1072 est
1166 996 1554 1094 quantitas
1587 994 1913 1067 discreta
1940 1019 1957 1082 3

423 1141 606 1210 ergo
634 1117 776 1190 ista
799 1116 1043 1187 virtus
1077 1113 1349 1209 migrat
1383 1113 1473 1186 de
1507 1110 1850 1206 subJecto
1884 1107 1961 1178 in

422 1233 882 1330 subjectum,
943 1231 1022 1304 Si
1064 1230 1160 1304 sit
1202 1229 1351 1303 alia
1381 1229 1626 1301 virtus
1666 1226 1745 1298 in
1788 1224 1965 1298 alte-

424 1374 512 1424 ra
551 1361 625 1425 et
662 1351 903 1423 altera
930 1348 1251 1445 syllaba,
1297 1371 1479 1443 ergo
1513 1344 1633 1418 vel
1686 1341 1964 1440 quaeli-

422 1470 548 1545 bet
589 1468 935 1542 causabit
974 1467 1324 1563 gratiam,
1369 1466 1489 1541 vel
1524 1464 1762 1538 nulla.

516 1588 730 1673 Item,
811 1587 1112 1660 nullum
1184 1585 1781 1658 instrumentum
1851 1596 1965 1657 est

418 1704 1021 1778 instrumentum
1145 1701 1620 1776 conveniens
1732 1700 1962 1775 alicui

419 1820 664 1919 operi,
724 1820 908 1916 quia
975 1817 1245 1892 artifex
1313 1818 1553 1892 utitur
1626 1840 1766 1911 eo;
1829 1817 1962 1891 sed

417 1936 639 2036 prius
671 1945 785 2009 est
821 1936 1001 2027 tale,
1029 1933 1329 2009 etiamsi
1362 1956 1763 2030 nunquam
1790 1933 1964 2030 quis

419 2061 766 2127 uteretur
822 2051 1004 2136 illo;
1050 2074 1234 2146 ergo
1294 2051 1509 2148 prius
1564 2060 1679 2124 est
1717 2050 1963 2124 virtus

416 2169 494 2244 in
558 2170 1084 2254 Sacramento,
1141 2167 1205 2241 si
1273 2167 1534 2265 aliqua
1573 2166 1670 2241 sit
1718 2167 1795 2239 in
1839 2190 1958 2255 e0,

416 2307 650 2381 quam
715 2282 955 2357 utitur
994 2281 1275 2378 aliquis
1307 2292 1547 2376 e0,.et
1587 2306 1724 2380 per
1774 2307 1964 2358 con-

416 2426 753 2500 sequens
805 2402 1021 2501 prius
1060 2411 1176 2477 est
1207 2402 1452 2476 virtus
1500 2403 1580 2475 in
1626 2403 1745 2477 his
1801 2426 1965 2478 ver-

414 2519 559 2611 bis,
596 2519 737 2593 hoc
779 2525 890 2592 est
930 2541 1208 2616 corpus
1263 2542 1548 2605 meum,
1594 2520 1747 2612 vel,
1828 2543 1960 2616 eqo

416 2633 722 2732 baptizo
764 2641 863 2727 te,
920 2642 1063 2709 etc.
1101 2656 1336 2731 quam
1387 2633 1762 2709 Sacerdos
1808 2645 1964 2709 uta-

412 2761 540 2824 tur
570 2751 708 2826 eis.
764 2751 937 2825 Non
998 2760 1114 2825 est
1159 2750 1438 2850 primo,
1498 2760 1576 2825 ut
1607 2752 1789 2826 dicit
1818 2752 1963 2828 ista

418 2865 707 2965 opinio,
745 2866 990 2941 virtus
1021 2866 1100 2940 in
1145 2867 1406 2966 aliqua
1445 2891 1583 2966 per
1620 2869 1964 2967 applica-

419 2982 706 3057 tionem
747 2982 842 3057 ad
870 3006 1092 3080 opuS,
1120 2991 1195 3057 et
1234 2982 1341 3057 ita
1369 3006 1513 3058 nec
1545 2983 1621 3057 in
1657 2985 1966 3059 Eucha-

424 3098 640 3175 ristia
668 3109 1036 3199 tanquam
1070 3099 1149 3174 in
1172 3097 1373 3197 fieri,
1398 3109 1482 3177 ut
1498 3100 1640 3199 ipsi
1667 3101 1957 3195 dicunt,

424 3226 567 3292 etc.

522 3334 933 3428 Praeterea,
978 3334 1039 3408 si
1083 3333 1192 3408 sic
1255 3345 1482 3429 esset,
1540 3346 1723 3411 tunc
1766 3362 1962 3437 quo-

424 3449 568 3524 ties
636 3459 981 3525 uteretur
1037 3472 1151 3536 e0,
1219 3451 1444 3527 toties
1513 3465 1962 3529 causaretur

421 3566 556 3641 illa
586 3567 984 3666 dispositio
1025 3571 1636 3667 supernaturalis
1676 3572 1755 3646 in
1790 3573 1961 3647 ani-

424 3707 574 3778 ma,
618 3694 695 3759 et
747 3684 970 3761 toties
1014 3685 1227 3762 fieret
1277 3710 1562 3762 novum
1623 3690 1961 3764 miracu-

418 3802 605 3874 lum.

940 4131 1303 4188 SCHOLIUM
1344 4131 1436 4188 IV.

487 4343 745 4399 Resolvit
777 4344 1025 4414 primam
1054 4343 1458 4415 quaestionem,
1501 4343 1724 4401 scilicet
1750 4348 1956 4403 Sacra-

421 4441 611 4488 menta
638 4450 751 4490 non
775 4450 1012 4489 causare
1044 4434 1315 4505 gratiam,
1362 4451 1467 4490 nec
1497 4433 1719 4505 aliquid
1753 4453 1957 4507 super-

418 4523 706 4590 naturale,
733 4523 968 4595 physice
999 4529 1100 4579 aut
1122 4524 1540 4595 principaliter,
1586 4541 1690 4580 nec
1738 4526 1956 4582 instru-

418 4613 749 4668 mentaliter
783 4631 798 4682 ;
838 4614 909 4668 ad
970 4630 1171 4669 eorum
1229 4620 1420 4670 tamen
1465 4616 1954 4672 ministrationem

417 4719 484 4757 ex
517 4709 679 4772 pacto
711 4702 957 4774 gratiam
992 4705 1224 4759 causari
1285 4703 1339 4758 in
1397 4721 1510 4759 non
1571 4710 1820 4773 ponente
1842 4706 1962 4761 obi·

417 4807 559 4846 cem.
624 4791 829 4846 Probat
888 4793 1098 4862 prim0,
1174 4796 1311 4864 quia
1377 4794 1570 4848 omnis
1654 4795 1957 4866 dispositio

418 4881 783 4937 necessitans
841 4883 910 4937 ad
974 4884 1243 4950 sormam,
1302 4902 1429 4958 quae
1490 4902 1603 4941 non
1663 4890 1751 4941 est
1809 4886 1958 4941 ratio

419 4973 710 5043 receptivi,
748 4979 838 5027 ast
892 4973 1319 5044 quodammodo
1376 4990 1550 5031 causa
1608 4976 1792 5031 activa
1829 4976 1958 5045 ejus

418 5059 903 5128 instrumentalis,
937 5066 993 5117 et
1042 5062 1125 5117 sic
1184 5063 1453 5118 meritum
1513 5064 1730 5119 dicitur
1781 5079 1961 5118 causa

419 5149 643 5219 praemii
675 5168 690 5218 ς
721 5151 820 5206 sed
853 5150 1209 5206 Sacramenti
1243 5150 1593 5208 ministratio
1639 5159 1728 5208 est
1761 5154 1958 5226 dispo-

418 5239 552 5295 sitio
587 5247 849 5311 respectu
884 5243 1077 5313 gratiae
1111 5244 1473 5298 necessitans
1505 5245 1575 5299 ad
1623 5259 1771 5311 eam,
1823 5261 1958 5318 ergo

415 5328 477 5384 id
507 5329 646 5385 facit
676 5346 778 5401 per
811 5331 1074 5388 actiones
1108 5331 1400 5388 naturales
1429 5349 1496 5388 ex
1529 5339 1714 5404 pacto,
1738 5335 1961 5390 scilicet

417 5418 538 5483 Dei,
571 5421 979 5488 necessitante‚
1014 5421 1139 5476 sine
1171 5422 1286 5477 illis
1316 5422 1466 5483 aliis,
1497 5424 1764 5479 videlicet
1793 5441 1959 5480 orna·

417 5512 478 5562 tu
512 5512 568 5563 et
597 5509 807 5565 virtute
834 5510 894 5565 in
927 5516 1112 5567 motu.
1137 5511 1421 5580 Secundo,
1453 5512 1717 5569 alteratio
1750 5530 1961 5584 praece-

417 5598 561 5651 dens
594 5598 841 5654 formam
872 5599 1311 5656 substantialem
1365 5602 1712 5669 necessario,
1764 5619 1964 5673 quam-

418 5684 504 5740 vis
560 5702 677 5746 non
734 5687 1080 5744 terminetur
1137 5691 1203 5744 ad
1257 5689 1440 5762 illam,
1502 5699 1557 5747 ut
1619 5694 1688 5745 ad
1750 5709 1851 5764 per
1899 5707 1960 5746 se

3498 471 3625 536 555

2069 637 2415 703 terminum,
2448 636 2548 693 sed
2582 639 2653 693 ad
2717 637 3088 709 qualitatem,
3150 636 3365 691 dicitur
3426 642 3619 691 tamen

2070 744 2249 813 causa
2279 726 2438 783 illius
2469 728 2813 800 dispositiva
2846 738 2897 783 ct
2931 728 3111 781 activa
3144 748 3158 791 ς
3186 743 3322 798 ergo
3349 726 3622 781 similiter

2072 818 2130 871 ¹n
2172 816 2468 887 proposito
2500 817 2569 872 de
2597 821 2971 873 sacramento
3003 823 3271 887 respectu
3316 816 3542 887 gratiae.

2170 983 2626 1081 Respondeo
2686 1006 2867 1077 ergo
2945 982 3039 1056 ad
3108 982 3613 1078 quaestionem
3784 1022 3849 1087 3-

2069 1102 2426 1199 primam,
2472 1109 2544 1173 et
2611 1099 2778 1173 dico
2840 1099 3041 1196 quod
3121 1100 3420 1171 nullum
3475 1098 3616 1171 Sa·
3677 1136 3950 1184 Resolutio

2070 1225 2544 1290 eramentum
2592 1215 2745 1288 ullo
2803 1214 3025 1288 modo
3077 1214 3233 1309 agit
3272 1214 3364 1289 ad
3407 1236 3618 1287 crea·
3650 1200 3693 1246 ³·
3724 1199 3974 1310 qgffisuo-

2069 1334 2358 1407 tionem
2391 1331 2684 1428 gratiae,
2714 1353 2855 1403 nec
2891 1329 3437 1427 principaliter,
3476 1353 3616 1402 nec

2070 1448 2782 1540 instrumentaliter,
2820 1471 2960 1521 nec
2994 1447 3436 1544 dispositive
3483 1470 3619 1543 per

2070 1567 2407 1664 aliquam
2497 1565 2878 1640 actionem
2946 1564 3616 1662 supernaturalem

2072 1684 2351 1757 virtute
2394 1682 2720 1779 alicujus
2771 1681 3086 1755 alterius
3127 1682 3220 1754 ad
3263 1680 3613 1776 gratiam.

2072 1802 2322 1876 Habet
2379 1810 2633 1875 tamen
2704 1799 3286 1874 Sacramentum
3349 1823 3656 1898 quam-.

2071 1920 2244 1994 dam
2306 1919 2685 1993 actionem
2743 1918 3200 2010 naturalem,
3272 1926 3352 1990 ut
3418 1939 3623 2013 aqua

2070 2059 2242 2110 cum
2291 2035 2543 2109 verbis
2586 2034 2662 2107 in
2706 2034 3202 2108 Sacramento
3247 2033 3615 2130 Baptismi

2070 2149 2384 2223 abluere
2454 2150 2682 2224 habet
2745 2172 3050 2247 corpuS,
3129 2171 3304 2245 quae
3375 2155 3621 2244 potest

2071 2267 2220 2342 dici
2289 2267 2485 2341 actio
2567 2266 3177 2343 instrumentalis
3262 2276 3616 2362 respectu

2069 2384 2364 2481 gratiae,
2437 2384 2619 2481 quia
2686 2383 3070 2479 significat
3144 2382 3617 2456 ablutionem

2070 2501 2352 2576 animae
2392 2501 2832 2575 interiorem
2867 2524 3002 2598 per
3031 2499 3383 2596 gratiam,
3442 2521 3618 2595 quae

2069 2627 2186 2691 est
2225 2617 2328 2691 ibi
2370 2616 2566 2691 actio
2634 2615 3109 2716 principaliS,
3184 2623 3264 2688 ut
3313 2613 3420 2688 sic
3472 2614 3617 2687 Sa·
3671 2607 3957 2732 {⁵322ng

2070 2743 2550 2809 eramentum
2619 2732 2925 2831 proprie
2994 2732 3290 2805 dicatur
3355 2731 3620 2826 dispo-
3679 2736 3932 2847 fgc‘e‘iiiv‘i

2070 2852 2243 2927 sitio
2273 2851 2520 2926 activa
2544 2850 2918 2925 naturalis
2935 2858 3284 2947 respectu
3313 2849 3611 2945 gratiae,
3649 2862 3731 2909 est
3757 2812 3953 2910 aci'tivaf

2069 2970 2388 3044 reducta
2425 2991 2606 3053 vero
2671 2968 2763 3042 ad
2834 2991 3081 3064 genus
3138 2989 3395 3041 causae
3454 2963 3621 3040 effi-

2070 3086 2368 3162 cientis.
2438 3087 2656 3175 Quod
2724 3086 3093 3185 probatur
3132 3085 3242 3159 sic
3288 3108 3303 3158 z
3352 3084 3619 3183 Dispo-

2069 3206 2243 3282 sitio
2276 3229 2453 3304 quae
2483 3214 2598 3280 est
2625 3202 3099 3279 necessitans
3140 3203 3234 3276 ad
3269 3203 3617 3289 formam,

2069 3324 2380 3422 quando
2414 3346 2566 3397 non
2617 3332 2732 3396 est
2796 3319 3115 3419 praecise
3186 3318 3262 3392 in
3325 3319 3622 3393 ratione

2068 3440 2462 3539 receptivi,
2510 3440 2738 3515 habet
2786 3440 3046 3535 aliquo
3110 3436 3333 3509 modo
3390 3435 3625 3511 ratio-

2066 3583 2242 3633 nem
2275 3556 2677 3633 efficientis
2700 3563 3049 3652 respectu
3076 3553 3283 3628 illius
3312 3553 3575 3626 formae
3601 3582 3616 3642 ;

2066 3677 2452 3774 susceptio
2529 3672 3003 3750 Sacramenti
3082 3680 3196 3745 est
3263 3670 3617 3768 quaedam

2066 3793 2464 3891 dispositio
2543 3791 3017 3866 necessitans
3111 3786 3203 3860 ad
3291 3786 3611 3882 gratiam

2065 3935 2159 3986 ex
2260 3908 2612 4007 pactione
2707 3904 2997 3996 divina,
3134 3925 3288 3999 qua
3406 3901 3616 3975 Deus

2063 4025 2355 4124 pepigit
2445 4022 2803 4098 assistere
2908 4016 3450 4109 Sacramentis,
3532 4025 3614 4090 ut
3643 4018 3948 4133 Ssse'ssssfflgg,

2065 4145 2502 4219 conferrent
2531 4141 2737 4239 quod
2780 4139 3113 4236 signant,
3160 4147 3232 4211 et
3274 4159 3427 4210 non
3471 4138 3612 4210 ha-
3642 4149 3939 4271 ”gssssissffit

2066 4263 2193 4337 bet
2260 4270 2555 4336 tantum
2626 4258 3000 4333 rationem
3041 4254 3406 4353 receptivi
3447 4277 3612 4328 res-
3920 4246 3933 4259 ’

2066 4390 2287 4479 pectu
2333 4377 2628 4475 gratiae.

2165 4495 2552 4588 Probatio,
2621 4492 2803 4591 quia
2859 4492 3057 4565 sicut
3100 4498 3173 4562 tu
3210 4489 3433 4586 ponis
3464 4488 3616 4560 vir-

2066 4623 2302 4688 tutem
2335 4613 2413 4685 in
2455 4633 2655 4708 aqua
2701 4631 2925 4707 posse
2964 4628 3223 4680 creare
3275 4604 3610 4701 aliquam

2065 4732 2646 4831 dispositionem
2740 4728 2818 4800 in
2910 4725 3167 4800 anima
3270 4722 3611 4797 ess'ective

2068 4857 2414 4946 respectu
2462 4845 2757 4943 gratiae,
2805 4844 2908 4917 ita
2965 4865 3106 4937 ego
3142 4865 3345 4937 pono
3393 4841 3617 4913 ablu-

2064 4966 2352 5039 tionem
2408 4985 2661 5059 aquae,
2717 4970 2790 5034 et
2857 4958 3388 5031 limitationem
3466 4954 3613 5029 olei

2067 5106 2243 5157 cum
2281 5080 2535 5155 verbis
2566 5101 2735 5154 esse
2792 5074 3312 5150 immediatam
3358 5073 3619 5169 dispo-

2067 5199 2424 5273 sitionem
2502 5196 2596 5270 ad
2658 5193 2978 5291 gratiam
3067 5190 3339 5282 active,
3435 5189 3618 5285 quia

2066 5339 2219 5389 non
2267 5339 2346 5389 se
2393 5323 2653 5388 tenent
2692 5335 2782 5385 ex
2842 5318 3054 5409 parte
3110 5307 3388 5380 animae
3424 5305 3618 5378 reci-

2068 5430 2350 5529 pientis
2406 5428 2726 5526 gratiam
2766 5455 2785 5522 3
2822 5427 2998 5500 licet
3046 5423 3248 5498 enim
3327 5421 3615 5495 ablutio

2068 5547 2168 5622 sit
2195 5545 2452 5645 passio
2504 5553 2852 5641 respectu
2899 5539 3267 5638 corporis,
3305 5560 3458 5609 non
3500 5545 3621 5609 ta-

2068 5686 2247 5738 men
2292 5670 2642 5760 respectu
2684 5657 2979 5756 gratiae,
3050 5655 3182 5730 sed
3247 5662 3361 5728 est
3415 5675 3622 5750 quae-
