4295 6326
237 3725 344 3797 14.

108 5005 254 5066 Quid
287 5007 414 5058 dici·

103 5075 202 5120 tur
217 5072 441 5123 miracu·

178 5134 376 5188 losum.

1374 487 1602 556 DIST.
1653 485 1909 555 XXIV.
1955 482 2377 565 QUAESTIO
2428 484 2730 554 UNlCA.

474 652 676 749 quod
724 650 975 729 tamen
1021 680 1174 729 non
1221 666 1494 755 potest.
1583 657 2026 756 Respondet

469 768 680 865 quod
765 771 1161 869 spirituale
1256 773 1555 848 ostendi
1657 797 1808 846 non
1884 797 2026 870 po-

472 893 644 957 test.

572 1001 878 1095 Contra,
927 1003 1476 1097 charitas‚cum
1526 1004 1622 1080 sit
1662 1005 2026 1103 spiritua-

475 1117 594 1211 lis,
623 1121 1055 1195 ostenditur
1121 1146 1258 1220 per
1318 1123 1672 1199 effectum
1735 1123 1811 1195 in
1846 1133 2020 1196 actu

472 1233 812 1309 inferiori
854 1236 933 1310 in
968 1261 1057 1311 eo
1117 1240 1322 1335 quod
1385 1239 1664 1337 aliquis
1719 1238 2022 1338 experi-

473 1362 598 1426 tur
681 1378 761 1429 se
802 1354 1270 1453 'promptum
1369 1356 1460 1431 ad
1542 1356 2018 1453 diligendum

463 1471 745 1559 Deum,
793 1473 975 1547 etin
1019 1475 1374 1549 exteriori
1406 1475 1482 1548 in
1541 1476 1839 1549 actibus
1888 1498 2025 1549 ex-

469 1589 821 1665 trinsecis
899 1593 1341 1690 poenalibus
1417 1593 1797 1691 susceptis
1880 1617 2020 1691 pro

470 1706 773 1801 delicto,
829 1707 1027 1783 sicut
1094 1709 1414 1784 scientia
1479 1734 1615 1808 per
1668 1709 2018 1785 effectum

469 1825 901 1900 ostenditur
931 1826 1134 1901 intra
1198 1827 1727 1925 intelligendo,
1794 1838 1868 1902 et
1899 1851 2024 1902 ex-

468 1952 582 2017 tra
625 1942 698 2016 in
732 1944 1105 2019 docendo.
1155 1946 1303 2020 Sed
1349 1946 1487 2020 iste
1523 1946 1832 2020 habitus
1861 1970 2016 2019 non

468 2062 698 2136 habet
765 2063 989 2137 talem
1066 2063 1451 2158 effectum,
1519 2065 1702 2163 quia
1734 2088 2015 2140 secun-

465 2180 646 2253 dum
684 2180 891 2277 ipsos
931 2191 1243 2279 propter
1282 2181 1486 2255 istud
1545 2183 1805 2256 lumen
1859 2206 2016 2255 non

471 2297 745 2371 melius
785 2297 1004 2372 docet
1045 2323 1248 2373 unus
1288 2322 1519 2396 quam
1555 2299 1754 2373 alius
1785 2299 2021 2374 Theo-

455 2414 779 2509 -logiam,
853 2437 1105 2512 neque
1167 2426 1424 2490 actum
1495 2415 2013 2491 extrinsecum

461 2531 723 2624 habet,
760 2531 944 2628 quia
973 2556 1125 2605 non
1164 2532 1408 2628 magis
1440 2541 1752 2632 propter
1793 2533 2013 2606 istam

465 2646 864 2722 scientiam
934 2649 1108 2745 quis
1166 2659 1595 2724 moreretur
1648 2674 1786 2747 pro
1829 2648 2011 2743 fide,

461 2767 583 2839 vel
661 2766 1087 2841 adhaereret
1131 2765 1307 2841 fidei
1358 2767 1433 2840 in
1477 2777 1713 2841 morte
1780 2790 2014 2864 quam

464 2882 591 2956 alii
633 2881 1046 2980 simplices,

559 2999 969 3094 Proeterea,
1043 3009 1123 3073 ut
1183 2999 1287 3074 ait
1364 2999 1882 3098 Philosophus
1940 3000 2005 3072 1.

463 3115 762 3193 Foster.
824 3124 1008 3192 teoet.
1080 3122 1218 3192 ult.
1286 3118 1843 3193 inconveniens
1898 3127 2013 3192 est

465 3261 606 3310 nos
638 3235 921 3312 habere
962 3235 1485 3311 nobilissimos
1537 3236 1873 3330 habitus,
1939 3245 2013 3310 et

465 3356 698 3429 latere
735 3382 752 3447 3
792 3355 923 3428 sed
959 3356 1110 3428 tale
1166 3354 1424 3428 lumen
1501 3378 1637 3452 per
1705 3355 2003 3428 nullum

466 3486 715 3551 actum
760 3484 873 3551 est
915 3475 1136 3551 nobis
1199 3476 1684 3550 manifestum
1727 3503 1744 3569 ;
1791 3500 2002 3572 ergO,

467 3603 607 3668 etc.

563 3707 977 3801 Praeterea,
1081 3707 1267 3781 illud
1363 3709 1652 3801 lumen,
1740 3730 2006 3804 quaero

465 3824 774 3922 quando
844 3823 1338 3897 infunditur?
1416 3823 1496 3897 Si
1562 3823 2009 3896 infundatur

461 3941 535 4015 in
572 3940 963 4039 Baptismo
1007 3964 1182 4014 cum
1232 3939 1523 4014 lumine
1568 3939 1775 4033 fidei,
1825 3951 2006 4014 tunc

459 4056 740 4155 aliquis
776 4056 1223 4132 naturaliter
1264 4079 1402 4153 per
1435 4080 1513 4130 se
1570 4066 1737 4154 post
1801 4058 2008 4155 Bap-

459 4159 769 4250 tisinum
813 4183 1059 4273 potest
1106 4173 1455 4247 invenire
1497 4182 1730 4248 totam
1762 4175 2008 4249 Theo-

460 4292 771 4388 logiam,
817 4292 881 4365 si
934 4315 1238 4389 semper
1279 4290 1352 4363 in
1407 4291 1706 4365 deserto
1775 4302 2002 4384 esset,

460 4409 641 4506 quia
682 4407 1128 4482 naturaliter
1173 4408 1785 4505 apprehenderet
1853 4417 2008 4482 ter-

463 4528 741 4621 minos,
804 4536 877 4602 et
935 4527 1387 4602 naturaliter
1444 4537 1701 4625 posset
1761 4529 2006 4604 facere

462 4643 1103 4742 complexionem,
1150 4652 1223 4718 et
1288 4644 1482 4718 scire
1541 4642 2006 4743 principium

466 4772 538 4838 et
578 4761 1145 4853 conclusioneS,
1183 4784 1357 4834 cum
1424 4762 1703 4836 habeat
1747 4764 2007 4837 lumen

468 4878 544 4951 in
580 4901 733 4976 quo
766 4887 1364 4973 cognoscuntur.

572 4996 652 5070 Si
693 4995 1015 5089 dicatur,
1054 4994 1259 5092 quod
1300 4994 1508 5069 Deus
1541 5019 1845 5093 semper
1884 4996 2011 5070 dat

473 5117 763 5206 lumen,
825 5115 948 5188 vel
992 5112 1527 5199 communiter,
1600 5124 1783 5188 tunc
1852 5141 2010 5190 non

471 5241 669 5307 esset
722 5230 1002 5304 inlusio
1045 5230 1213 5327 ejus
1273 5229 1756 5323 miraculosa,
1821 5232 2009 5306 illud

468 5349 775 5423 enimin
821 5370 974 5446 quo
1016 5348 1226 5422 Deus
1258 5347 1545 5421 assistit
1575 5350 2012 5423 communi-

464 5477 580 5542 ter
630 5466 973 5563 generali
1039 5490 1267 5541 cursu
1305 5476 1630 5559 naturae,
1677 5493 1830 5542 non
1898 5479 2012 5543 est

464 5582 1100 5683 supernaturale,
1140 5608 1282 5659 nec
1353 5583 1841 5680 miraculum,
1905 5587 2011 5660 si-

3555 482 3684 551 453

2139 679 2321 752 ergo
2355 656 2418 730 si
2463 655 2672 729 Deus
2712 677 3016 752 semper
3054 652 3277 728 daret
3318 652 3504 725 illud
3561 652 3685 725 lu-

2138 796 2345 866 men,
2391 795 2542 845 non
2601 781 2802 846 esset
2866 770 3479 868 supernaturale,
3540 790 3682 842 nec

2138 888 2521 963 diceretur
2553 888 2712 962 dari
2764 888 3250 981 miraculose,
3298 909 3438 961 nec
3480 893 3681 961 esset

2137 1006 2630 1099 miraculum,
2705 1005 2907 1102 quod
2980 1014 3309 1098 monteS,
3397 1003 3468 1076 id
3533 1012 3676 1097 est,

2137 1123 2492 1220 majoreS,
2568 1123 2944 1197 haberent
3013 1122 3201 1196 illud
3267 1123 3556 1213 lumen,
3607 1128 3683 1194 et

2134 1265 2286 1313 non
2329 1241 2691 1314 minores,

2234 1358 2314 1432 Si
2355 1358 2653 1431 dicatur
2680 1358 2885 1455 quod
2927 1381 3080 1430 non
3125 1357 3253 1431 dat
3308 1355 3492 1429 illud
3558 1358 3683 1430 lu-

2138 1499 2310 1550 men
2348 1476 2886 1569 communiter,
2934 1475 3064 1549 sed
3106 1475 3305 1549 sicut
3370 1474 3561 1563 vult,
3607 1483 3682 1548 et

2134 1592 2418 1690 quibus
2484 1594 2675 1680 vult,
2741 1592 2941 1667 sicut
3025 1591 3439 1690 Apostolis,
3494 1598 3678 1664 tunc

2131 1712 2412 1785 frustra
2448 1710 2620 1809 quis
2663 1711 3046 1784 laboraret
3098 1709 3175 1783 in
3237 1709 3491 1784 studio
3553 1707 3681 1781 in-

2132 1824 2490 1922 quirendi
2532 1824 2958 1918 veritatem,
2994 1833 3069 1899 et
3142 1832 3344 1898 esset
3411 1822 3680 1897 melior

2130 1944 2258 2017 via
2335 1943 2783 2039 acquirendi
2846 1941 3339 2038 Theologiam
3410 1941 3677 2018 sedere

2132 2063 2207 2135 in
2240 2062 2608 2157 Ecclesia,
2647 2072 2718 2136 et
2751 2086 2968 2137 orare
3012 2086 3148 2159 pro
3204 2061 3350 2136 isto
3384 2060 3676 2135 lumine

2131 2180 2514 2255 habendO.

2651 2435 3015 2494 SCHOLIUM
3058 2438 3159 2495 111.

2197 2589 2391 2646 Posita
2448 2590 2606 2645 varia
2682 2596 3022 2663 acceptione
3097 2595 3366 2660 scientiae,
3426 2593 3675 2666 explicat

2125 2680 2431 2736 scientiam
2466 2681 2694 2752 proprie
2717 2681 2957 2750 dictam,
2991 2690 3044 2739 et
3077 2689 3327 2753 quatuor
3374 2685 3673 2742 conditio-

2124 2786 2230 2826 nes
2262 2771 2411 2842 ejus,
2444 2773 2512 2826 de
2563 2788 2678 2843 quo
2733 2790 2770 2829 1.
2820 2772 3041 2830 Poster.
3077 2778 3215 2829 text.
3274 2776 3327 2830 3.
3379 2775 3672 2833 resolvens

2125 2877 2248 2915 eam
2285 2876 2399 2916 non
2433 2861 2682 2932 compati
2710 2878 2843 2917 cum
2874 2862 2989 2919 fide
3038 2864 3108 2918 de
3157 2864 3358 2921 eodem
3418 2865 3672 2938 objecto,

2123 2947 2389 3019 loquitur
2445 2950 2514 3004 de
2558 2951 2807 3018 actibus,
2870 2952 3005 3024 quia
3064 2952 3305 3009 habitus
3349 2971 3464 3010 non
3497 2972 3670 3027 repu-

2119 3051 2322 3113 gnant.
2355 3041 2498 3098 Vide
2529 3059 2663 3098 eum
2695 3044 2764 3098 ad
2800 3049 3168 3117 argumenta,
3201 3049 3260 3101 et
3299 3046 3436 3102 diet.
3470 3048 3558 3102 31.
3610 3065 3667 3121 q.

2120 3150 2159 3189 1.
2187 3131 2251 3189 D.
2285 3134 2487 3189 Thom.
2526 3135 2610 3189 1⁶2.
2662 3152 2718 3206 q.
2778 3151 2816 3191 1.
2869 3144 2976 3195 art.
3026 3138 3080 3192 5.
3130 3140 3297 3210 putat
3343 3140 3670 3212 repugnare

2118 3225 2293 3281 etiam
2326 3224 2598 3294 habitum
2638 3228 2889 3283 Durand.
2925 3232 3101 3298 tenet,
3136 3244 3207 3284 ne
3237 3230 3471 3301 quidem
3504 3239 3668 3289 actus

2119 3331 2467 3388 repugnare,
2500 3317 2554 3371 d.
2589 3317 2678 3373 31.
2713 3334 2767 3390 q.
2799 3319 2851 3372 4.

2215 3491 2324 3564 Ad
2379 3493 2882 3589 quaestionem
2937 3493 3158 3569 aliter
3199 3498 3653 3595 respondeO,

2119 3609 2323 3704 quod
2394 3609 2791 3707 tripliciter
2866 3611 3238 3709 accipitur
3308 3616 3654 3692 scientia.

2120 3723 2295 3798 Uno
2338 3726 2560 3799 modo
2585 3752 2722 3824 pro
2755 3729 2962 3800 omni
3000 3729 3294 3825 notitia,
3340 3755 3517 3829 quae
3550 3744 3663 3809 est

2119 3863 2295 3913 cum
2321 3864 2640 3915 assensu
2668 3852 2742 3916 et
2772 3843 3243 3939 adhaesione,
3282 3847 3662 3922 credendo

2112 3953 2556 4030 testimonio
2591 3957 2873 4055 alieno,
2920 3959 3011 4034 de
3045 3960 3268 4056 cujus
3345 3962 3662 4038 veritate

2117 4074 2640 4171 praesumitur,
2688 4077 3074 4172 quomodo
3120 4078 3461 4177 loquitur
3503 4082 3666 4154 Au-

2117 4191 2476 4288 gustinus
2525 4193 2617 4267 de
2660 4193 2980 4268 scientia
3042 4193 3172 4268 lib.
3224 4197 3339 4269 14.
3415 4204 3486 4271 el
3544 4198 3660 4271 15.

2124 4308 2400 4382 Trinit.
2449 4333 2615 4406 cap.
2666 4310 2779 4381 12.
2843 4308 2935 4383 de
3000 4310 3340 4408 Maqnis,
3413 4319 3486 4386 et
3545 4313 3660 4387 12.

2117 4424 2211 4498 de
2239 4424 2548 4500 Parcis.
2589 4428 2678 4499 Et
2720 4425 2864 4500 isto
2934 4428 3158 4501 modo
3217 4429 3665 4528 accipiendo

2116 4543 2549 4637 scientiam,
2666 4544 2895 4619 simul
2993 4556 3194 4620 stant
3300 4547 3489 4623 fides
3593 4559 3667 4624 et

2119 4658 2465 4753 scientia,
2513 4659 2664 4733 imo
2699 4659 2805 4734 sic
2838 4659 3028 4737 fides
3069 4671 3183 4736 est
3221 4662 3387 4761 ipsa
3427 4664 3669 4739 scien-

2119 4776 2225 4850 tia
2258 4804 2276 4869 3
2322 4785 2394 4851 et
2428 4776 2598 4851 ideo
2636 4776 2744 4851 sic
2800 4803 2950 4851 non
2990 4780 3265 4877 quierit
3305 4784 3661 4879 quaestio,

2119 4893 2302 4989 quia
2336 4893 2444 4968 sic
2478 4918 2627 4967 non
2664 4904 2964 4969 tantum
3027 4897 3120 4972 de
3168 4900 3665 4976 credibilibus

2123 5011 2479 5087 ‘revelatis
2548 5021 2662 5086 est
2715 5013 3062 5108 scientia,
3126 5016 3259 5090 sed
3346 5016 3666 5094 firmiter

2119 5129 2588 5203 adhaerendo
2692 5130 3129 5206 testimonio
3235 5133 3667 5230 cujuscum-

2120 5267 2271 5341 que
2339 5245 2613 5330 alieno,
2674 5245 2871 5320 sicut
2910 5258 3115 5344 patet
3173 5273 3307 5346 per
3353 5253 3665 5346 Augus-

3802 3480 3908 3549 15.

3725 3596 3958 3648 Scientia

3726 3660 4001 3721 tripliciter

3728 3724 3973 3777 sumitur.

2119 5361 2368 5435 tinum
2407 5363 2520 5434 11.
2560 5363 2652 5436 de
2714 5362 2935 5436 Civit.
2973 5364 3042 5436 3.
3115 5366 3477 5464 Profecto
3542 5393 3657 5456 ea,
3768 5354 3771 5358 ἢ

2122 5503 2297 5576 qnae
2330 5486 2621 5553 remota
2644 5486 2823 5553 sunt
2859 5506 2904 5555 α
2932 5482 3276 5556 sensibus
3350 5486 3657 5581 matria,

2120 5594 2423 5691 quando
2458 5594 2891 5669 testimonio
2951 5604 3205 5671 nostro
3246 5599 3442 5673 scire
3508 5624 3663 5675 non

464 5711 590 5783 cut
684 5711 893 5804 patet
950 5702 1042 5777 de
1131 5701 1520 5777 infusione
1625 5704 1906 5781 animae
1985 5732 2004 5800 3
2109 5733 2541 5809 possumzw,
2581 5711 2672 5785 de
2721 5711 2841 5786 his
2895 5711 3088 5789 alios
3128 5720 3347 5790 testes
3406 5717 3667 5822 exqui-
