<?xml version="1.0" encoding="UTF-8"?>
<!DOCTYPE html PUBLIC "-//W3C//DTD XHTML 1.0 Transitional//EN"
    "http://www.w3.org/TR/xhtml1/DTD/xhtml1-transitional.dtd">
<html xmlns="http://www.w3.org/1999/xhtml" xml:lang="en" lang="en">
 <head>
  <title>
</title>
<meta http-equiv="Content-Type" content="text/html;charset=utf-8" />
  <meta name='ocr-system' content='tesseract 3.04.00' />
  <meta name='ocr-capabilities' content='ocr_page ocr_carea ocr_par ocr_line ocrx_word'/>
</head>
<body>
  <div class='ocr_page' id='page_1' title='image "./joannisdunsscot00waddgoog_0591.png"; bbox 0 0 4295 6326; ppageno 0'>
   <div class='ocr_carea' id='block_1_1' title="bbox 140 628 423 880">
    <p class='ocr_par' dir='ltr' id='par_1_1' title="bbox 140 628 423 880">
     <span class='ocr_line' id='line_1_1' title="bbox 179 628 405 692; baseline 0.031 -16"><span class='ocrx_word' id='word_1_1' title='bbox 179 628 261 692; x_wconf 78' lang='lat' dir='ltr'>gis</span> <span class='ocrx_word' id='word_1_2' title='bbox 296 644 405 683; x_wconf 88' lang='lat' dir='ltr'>non</span> 
     </span>
     <span class='ocr_line' id='line_1_2' title="bbox 146 695 419 758; baseline 0.015 -16"><span class='ocrx_word' id='word_1_3' title='bbox 146 695 272 743; x_wconf 80' lang='lat' dir='ltr'>dare</span> <span class='ocrx_word' id='word_1_4' title='bbox 294 710 419 758; x_wconf 82' lang='lat' dir='ltr'>gra-</span> 
     </span>
     <span class='ocr_line' id='line_1_3' title="bbox 146 756 419 810; baseline 0.018 -6"><span class='ocrx_word' id='word_1_5' title='bbox 146 756 291 810; x_wconf 82' lang='lat' dir='ltr'>tiam.</span> <span class='ocrx_word' id='word_1_6' title='bbox 324 775 419 809; x_wconf 81' lang='lat' dir='ltr'>ex-</span> 
     </span>
     <span class='ocr_line' id='line_1_4' title="bbox 140 819 423 880; baseline 0.028 -13"><span class='ocrx_word' id='word_1_7' title='bbox 140 819 423 880; x_wconf 77' lang='lat' dir='ltr'><strong>plicantur.</strong></span> 
     </span>
    </p>
   </div>
   <div class='ocr_carea' id='block_1_2' title="bbox 1610 427 3671 511">
    <p class='ocr_par' dir='ltr' id='par_1_2' title="bbox 1610 427 3671 511">
     <span class='ocr_line' id='line_1_5' title="bbox 1610 427 3671 511; baseline 0.008 -16"><span class='ocrx_word' id='word_1_8' title='bbox 1610 427 1831 497; x_wconf 85' lang='lat' dir='ltr'>DIST.</span> <span class='ocrx_word' id='word_1_9' title='bbox 1882 427 1935 494; x_wconf 86' lang='lat'>1.</span> <span class='ocrx_word' id='word_1_10' title='bbox 1991 428 2410 506; x_wconf 87' lang='lat' dir='ltr'><strong>QUAESTIO</strong></span> <span class='ocrx_word' id='word_1_11' title='bbox 2455 433 2543 502; x_wconf 81' lang='lat' dir='ltr'>V.</span> <span class='ocrx_word' id='word_1_12' title='bbox 3541 442 3671 511; x_wconf 71' lang='lat'>565</span> 
     </span>
    </p>
   </div>
   <div class='ocr_carea' id='block_1_3' title="bbox 474 598 3667 827">
    <p class='ocr_par' dir='ltr' id='par_1_3' title="bbox 474 598 3667 827">
     <span class='ocr_line' id='line_1_6' title="bbox 474 598 3667 711; baseline 0.006 -39"><span class='ocrx_word' id='word_1_13' title='bbox 474 598 1014 696; x_wconf 74' lang='lat' dir='ltr'>intelliguntur</span> <span class='ocrx_word' id='word_1_14' title='bbox 1064 603 1156 678; x_wconf 92' lang='lat' dir='ltr'>de</span> <span class='ocrx_word' id='word_1_15' title='bbox 1200 603 1349 677; x_wconf 82' lang='lat' dir='ltr'>inis</span> <span class='ocrx_word' id='word_1_16' title='bbox 1390 626 1567 701; x_wconf 73' lang='lat' dir='ltr'>qufe</span> <span class='ocrx_word' id='word_1_17' title='bbox 1618 612 1837 678; x_wconf 86' lang='lat' dir='ltr'>erant</span> <span class='ocrx_word' id='word_1_18' title='bbox 1869 627 2018 678; x_wconf 79' lang='lat' dir='ltr'>cae-</span> <span class='ocrx_word' id='word_1_19' title='bbox 2229 605 2448 681; x_wconf 92' lang='lat' dir='ltr'>Unde</span> <span class='ocrx_word' id='word_1_20' title='bbox 2487 606 2856 704; x_wconf 75' lang='lat' dir='ltr'><strong>Magister</strong></span> <span class='ocrx_word' id='word_1_21' title='bbox 2882 614 3284 711; x_wconf 77' lang='lat' dir='ltr'>excipitibi</span> <span class='ocrx_word' id='word_1_22' title='bbox 3318 615 3667 690; x_wconf 86' lang='lat' dir='ltr'>Circum-</span> 
     </span>
     <span class='ocr_line' id='line_1_7' title="bbox 479 720 3666 827; baseline 0.005 -38"><span class='ocrx_word' id='word_1_23' title='bbox 479 720 954 812; x_wconf 81' lang='lat' dir='ltr'>remonialia‚</span> <span class='ocrx_word' id='word_1_24' title='bbox 1013 732 1092 794; x_wconf 90' lang='lat' dir='ltr'>ut</span> <span class='ocrx_word' id='word_1_25' title='bbox 1139 729 1381 795; x_wconf 76' lang='lat' dir='ltr'>tactus</span> <span class='ocrx_word' id='word_1_26' title='bbox 1436 722 1840 808; x_wconf 85' lang='lat' dir='ltr'>morticini,</span> <span class='ocrx_word' id='word_1_27' title='bbox 1883 749 2016 821; x_wconf 82' lang='lat' dir='ltr'>pro</span> <span class='ocrx_word' id='word_1_28' title='bbox 2129 722 2498 797; x_wconf 83' lang='lat' dir='ltr'>cisionem</span> <span class='ocrx_word' id='word_1_29' title='bbox 2557 726 2650 799; x_wconf 90' lang='lat' dir='ltr'>ab</span> <span class='ocrx_word' id='word_1_30' title='bbox 2710 726 2890 820; x_wconf 84' lang='lat' dir='ltr'>illis,</span> <span class='ocrx_word' id='word_1_31' title='bbox 2937 751 3111 825; x_wconf 79' lang='lat' dir='ltr'>quae</span> <span class='ocrx_word' id='word_1_32' title='bbox 3164 738 3456 804; x_wconf 90' lang='lat' dir='ltr'>tantum</span> <span class='ocrx_word' id='word_1_33' title='bbox 3500 756 3666 827; x_wconf 83' lang='lat' dir='ltr'>gra-</span> 
     </span>
    </p>
   </div>
   <div class='ocr_carea' id='block_1_4' title="bbox 472 836 4004 1292">
    <p class='ocr_par' dir='ltr' id='par_1_4' title="bbox 475 836 3510 940">
     <span class='ocr_line' id='line_1_8' title="bbox 475 836 3510 940; baseline 0.003 -31"><span class='ocrx_word' id='word_1_34' title='bbox 475 858 628 931; x_wconf 81' lang='lat' dir='ltr'>quo</span> <span class='ocrx_word' id='word_1_35' title='bbox 658 838 995 933; x_wconf 81' lang='lat' dir='ltr'>oportuit</span> <span class='ocrx_word' id='word_1_36' title='bbox 1027 838 1453 911; x_wconf 85' lang='lat' dir='ltr'>secundum</span> <span class='ocrx_word' id='word_1_37' title='bbox 1500 841 1742 934; x_wconf 78' lang='lat' dir='ltr'>legem</span> <span class='ocrx_word' id='word_1_38' title='bbox 1804 843 2013 940; x_wconf 80' lang='lat' dir='ltr'>puri·</span> <span class='ocrx_word' id='word_1_39' title='bbox 2128 836 2307 910; x_wconf 86' lang='lat' dir='ltr'>tiam</span> <span class='ocrx_word' id='word_1_40' title='bbox 2343 840 2794 935; x_wconf 83' lang='lat' dir='ltr'>promittunt</span> <span class='ocrx_word' id='word_1_41' title='bbox 2828 853 2902 917; x_wconf 89' lang='lat' dir='ltr'>et</span> <span class='ocrx_word' id='word_1_42' title='bbox 2935 868 3082 917; x_wconf 88' lang='lat' dir='ltr'>non</span> <span class='ocrx_word' id='word_1_43' title='bbox 3115 845 3323 939; x_wconf 88' lang='lat' dir='ltr'>dant,</span> <span class='ocrx_word' id='word_1_44' title='bbox 3369 857 3510 920; x_wconf 80' lang='lat' dir='ltr'>ete.</span> 
     </span>
    </p>

    <p class='ocr_par' dir='ltr' id='par_1_5' title="bbox 474 952 4004 1201">
     <span class='ocr_line' id='line_1_9' title="bbox 474 952 3973 1078; baseline 0.004 -54"><span class='ocrx_word' id='word_1_45' title='bbox 474 952 687 1025; x_wconf 82' lang='lat' dir='ltr'>ficari</span> <span class='ocrx_word' id='word_1_46' title='bbox 722 962 796 1028; x_wconf 86' lang='lat' dir='ltr'>et</span> <span class='ocrx_word' id='word_1_47' title='bbox 837 955 1221 1028; x_wconf 84' lang='lat' dir='ltr'>mundari.</span> <span class='ocrx_word' id='word_1_48' title='bbox 2221 955 2333 1028; x_wconf 83' lang='lat' dir='ltr'>Ad</span> <span class='ocrx_word' id='word_1_49' title='bbox 2367 956 2752 1049; x_wconf 86' lang='lat' dir='ltr'>ultimum,</span> <span class='ocrx_word' id='word_1_50' title='bbox 2787 959 2956 1033; x_wconf 87' lang='lat' dir='ltr'>dico</span> <span class='ocrx_word' id='word_1_51' title='bbox 2989 962 3195 1057; x_wconf 88' lang='lat' dir='ltr'>quod</span> <span class='ocrx_word' id='word_1_52' title='bbox 3223 986 3377 1036; x_wconf 88' lang='lat' dir='ltr'>non</span> <span class='ocrx_word' id='word_1_53' title='bbox 3405 963 3654 1037; x_wconf 84' lang='lat' dir='ltr'>fuitex</span> <span class='ocrx_word' id='word_1_54' title='bbox 3715 961 3973 1078; x_wconf 50' lang='lat' dir='ltr'>Affqufff·</span> 
     </span>
     <span class='ocr_line' id='line_1_10' title="bbox 570 1070 4004 1201; baseline 0.005 -62"><span class='ocrx_word' id='word_1_55' title='bbox 570 1070 1012 1144; x_wconf 76' lang='lat' dir='ltr'>Oblationes</span> <span class='ocrx_word' id='word_1_56' title='bbox 1043 1071 1298 1159; x_wconf 84' lang='lat' dir='ltr'>etiam,</span> <span class='ocrx_word' id='word_1_57' title='bbox 1338 1095 1513 1168; x_wconf 83' lang='lat' dir='ltr'>quae</span> <span class='ocrx_word' id='word_1_58' title='bbox 1539 1083 1755 1148; x_wconf 88' lang='lat' dir='ltr'>erant</span> <span class='ocrx_word' id='word_1_59' title='bbox 1794 1084 2009 1149; x_wconf 86' lang='lat' dir='ltr'>actus</span> <span class='ocrx_word' id='word_1_60' title='bbox 2122 1070 2416 1144; x_wconf 82' lang='lat' dir='ltr'>defectu</span> <span class='ocrx_word' id='word_1_61' title='bbox 2471 1073 3120 1169; x_wconf 81' lang='lat' dir='ltr'>Circumcisionis,</span> <span class='ocrx_word' id='word_1_62' title='bbox 3166 1080 3369 1174; x_wconf 86' lang='lat' dir='ltr'>quod</span> <span class='ocrx_word' id='word_1_63' title='bbox 3411 1079 3654 1171; x_wconf 88' lang='lat' dir='ltr'>janua</span> <span class='ocrx_word' id='word_1_64' title='bbox 3686 1088 4004 1201; x_wconf 48' lang='lat' dir='ltr'>Qcffiflssigig-</span> 
     </span>
    </p>

    <p class='ocr_par' dir='ltr' id='par_1_6' title="bbox 472 1186 3968 1292">
     <span class='ocr_line' id='line_1_11' title="bbox 472 1186 3968 1292; baseline 0.004 -35"><span class='ocrx_word' id='word_1_65' title='bbox 472 1186 741 1277; x_wconf 65' lang='lat' dir='ltr'>lati-iffi,</span> <span class='ocrx_word' id='word_1_66' title='bbox 800 1188 1344 1283; x_wconf 77' lang='lat' dir='ltr'>promittebant</span> <span class='ocrx_word' id='word_1_67' title='bbox 1401 1191 1752 1284; x_wconf 72' lang='lat' dir='ltr'>gratiam,</span> <span class='ocrx_word' id='word_1_68' title='bbox 1800 1202 1873 1266; x_wconf 89' lang='lat' dir='ltr'>et</span> <span class='ocrx_word' id='word_1_69' title='bbox 1917 1194 2010 1267; x_wconf 88' lang='lat' dir='ltr'>si·</span> <span class='ocrx_word' id='word_1_70' title='bbox 2120 1211 2273 1259; x_wconf 85' lang='lat' dir='ltr'>non</span> <span class='ocrx_word' id='word_1_71' title='bbox 2345 1189 2485 1262; x_wconf 85' lang='lat' dir='ltr'>fuit</span> <span class='ocrx_word' id='word_1_72' title='bbox 2523 1201 2784 1286; x_wconf 79' lang='lat' dir='ltr'>aperta</span> <span class='ocrx_word' id='word_1_73' title='bbox 2849 1217 2981 1289; x_wconf 88' lang='lat' dir='ltr'>per</span> <span class='ocrx_word' id='word_1_74' title='bbox 3037 1216 3232 1280; x_wconf 77' lang='lat' dir='ltr'>eam,</span> <span class='ocrx_word' id='word_1_75' title='bbox 3280 1197 3410 1269; x_wconf 88' lang='lat' dir='ltr'>sed</span> <span class='ocrx_word' id='word_1_76' title='bbox 3471 1196 3653 1292; x_wconf 89' lang='lat' dir='ltr'>quia</span> <span class='ocrx_word' id='word_1_77' title='bbox 3709 1224 3818 1261; x_wconf 89' lang='lat' dir='ltr'>nou</span> <span class='ocrx_word' id='word_1_78' title='bbox 3849 1227 3968 1277; x_wconf 76' lang='lat' dir='ltr'>apo·</span> 
     </span>
    </p>
   </div>
   <div class='ocr_carea' id='block_1_5' title="bbox 466 1277 3981 1403">
    <p class='ocr_par' dir='ltr' id='par_1_7' title="bbox 466 1277 3981 1403">
     <span class='ocr_line' id='line_1_12' title="bbox 466 1277 3981 1403; baseline 0.006 -35"><span class='ocrx_word' id='word_1_79' title='bbox 466 1304 807 1397; x_wconf 72' lang='lat' dir='ltr'>gnahant</span> <span class='ocrx_word' id='word_1_80' title='bbox 883 1306 1298 1398; x_wconf 76' lang='lat' dir='ltr'>Christum,</span> <span class='ocrx_word' id='word_1_81' title='bbox 1371 1308 1503 1403; x_wconf 81' lang='lat' dir='ltr'>qui</span> <span class='ocrx_word' id='word_1_82' title='bbox 1581 1318 1742 1383; x_wconf 72' lang='lat' dir='ltr'>erat</span> <span class='ocrx_word' id='word_1_83' title='bbox 1823 1334 2007 1384; x_wconf 70' lang='lat' dir='ltr'>vera</span> <span class='ocrx_word' id='word_1_84' title='bbox 2116 1302 2446 1396; x_wconf 83' lang='lat' dir='ltr'>pretium</span> <span class='ocrx_word' id='word_1_85' title='bbox 2496 1326 2641 1375; x_wconf 85' lang='lat' dir='ltr'>non</span> <span class='ocrx_word' id='word_1_86' title='bbox 2689 1304 2828 1378; x_wconf 82' lang='lat' dir='ltr'>fuit</span> <span class='ocrx_word' id='word_1_87' title='bbox 2879 1316 3057 1379; x_wconf 84' lang='lat' dir='ltr'>tunc</span> <span class='ocrx_word' id='word_1_88' title='bbox 3108 1308 3475 1398; x_wconf 84' lang='lat' dir='ltr'>solutum,</span> <span class='ocrx_word' id='word_1_89' title='bbox 3538 1333 3654 1383; x_wconf 89' lang='lat' dir='ltr'>us·</span> <span class='ocrx_word' id='word_1_90' title='bbox 3712 1277 3981 1388; x_wconf 49' lang='lat' dir='ltr'>”gssfflf‘</span> 
     </span>
    </p>
   </div>
   <div class='ocr_carea' id='block_1_6' title="bbox 460 1420 3649 1642">
    <p class='ocr_par' dir='ltr' id='par_1_8' title="bbox 460 1420 3649 1642">
     <span class='ocr_line' id='line_1_13' title="bbox 465 1420 3649 1522; baseline 0.002 -31"><span class='ocrx_word' id='word_1_91' title='bbox 465 1420 715 1492; x_wconf 78' lang='lat' dir='ltr'>hostia</span> <span class='ocrx_word' id='word_1_92' title='bbox 790 1421 1264 1496; x_wconf 87' lang='lat' dir='ltr'>immolanda</span> <span class='ocrx_word' id='word_1_93' title='bbox 1340 1424 1499 1498; x_wconf 85' lang='lat' dir='ltr'>Deo</span> <span class='ocrx_word' id='word_1_94' title='bbox 1588 1426 1792 1499; x_wconf 87' lang='lat' dir='ltr'>Patri</span> <span class='ocrx_word' id='word_1_95' title='bbox 1864 1450 2002 1522; x_wconf 85' lang='lat' dir='ltr'>pro</span> <span class='ocrx_word' id='word_1_96' title='bbox 2114 1441 2425 1514; x_wconf 80' lang='lat' dir='ltr'>queque</span> <span class='ocrx_word' id='word_1_97' title='bbox 2493 1420 2757 1494; x_wconf 83' lang='lat' dir='ltr'>statuit</span> <span class='ocrx_word' id='word_1_98' title='bbox 2829 1422 3036 1495; x_wconf 87' lang='lat' dir='ltr'>Deus</span> <span class='ocrx_word' id='word_1_99' title='bbox 3095 1423 3415 1517; x_wconf 89' lang='lat' dir='ltr'>januam</span> <span class='ocrx_word' id='word_1_100' title='bbox 3494 1452 3649 1500; x_wconf 86' lang='lat' dir='ltr'>non</span> 
     </span>
     <span class='ocr_line' id='line_1_14' title="bbox 460 1534 2421 1642; baseline 0.001 -33"><span class='ocrx_word' id='word_1_101' title='bbox 460 1559 741 1629; x_wconf 80' lang='lat' dir='ltr'>genere</span> <span class='ocrx_word' id='word_1_102' title='bbox 828 1538 1217 1632; x_wconf 85' lang='lat' dir='ltr'>human03</span> <span class='ocrx_word' id='word_1_103' title='bbox 1304 1540 1484 1614; x_wconf 84' lang='lat' dir='ltr'>talia</span> <span class='ocrx_word' id='word_1_104' title='bbox 1551 1544 1756 1615; x_wconf 91' lang='lat' dir='ltr'>enim</span> <span class='ocrx_word' id='word_1_105' title='bbox 1823 1548 1998 1616; x_wconf 58' lang='lat' dir='ltr'>‘non</span> <span class='ocrx_word' id='word_1_106' title='bbox 2111 1534 2421 1642; x_wconf 83' lang='lat' dir='ltr'>aperiri.</span> 
     </span>
    </p>
   </div>
   <div class='ocr_carea' id='block_1_7' title="bbox 458 1652 3997 1870">
    <p class='ocr_par' dir='ltr' id='par_1_9' title="bbox 458 1652 3997 1870">
     <span class='ocr_line' id='line_1_15' title="bbox 460 1652 3941 1756; baseline 0.007 -31"><span class='ocrx_word' id='word_1_107' title='bbox 460 1653 957 1726; x_wconf 84' lang='lat' dir='ltr'>conserebant</span> <span class='ocrx_word' id='word_1_108' title='bbox 987 1655 1307 1749; x_wconf 79' lang='lat' dir='ltr'><strong>gratiam</strong></span> <span class='ocrx_word' id='word_1_109' title='bbox 1345 1656 1627 1731; x_wconf 84' lang='lat' dir='ltr'>virtute</span> <span class='ocrx_word' id='word_1_110' title='bbox 1658 1660 1991 1756; x_wconf 86' lang='lat' dir='ltr'>propria,</span> <span class='ocrx_word' id='word_1_111' title='bbox 2209 1652 2428 1726; x_wconf 87' lang='lat' dir='ltr'>Unde</span> <span class='ocrx_word' id='word_1_112' title='bbox 2481 1654 2541 1727; x_wconf 83' lang='lat' dir='ltr'>si</span> <span class='ocrx_word' id='word_1_113' title='bbox 2585 1654 2822 1729; x_wconf 89' lang='lat' dir='ltr'>Beata</span> <span class='ocrx_word' id='word_1_114' title='bbox 2853 1654 3085 1752; x_wconf 84' lang='lat' dir='ltr'>Virgo</span> <span class='ocrx_word' id='word_1_115' title='bbox 3125 1667 3420 1733; x_wconf 78' lang='lat' dir='ltr'>mortua</span> <span class='ocrx_word' id='word_1_116' title='bbox 3473 1660 3651 1734; x_wconf 71' lang='lat' dir='ltr'>fuis·</span> <span class='ocrx_word' id='word_1_117' title='bbox 3719 1677 3941 1748; x_wconf 71' lang='lat' dir='ltr'>.Q¹³¹¹d¹³i</span> 
     </span>
     <span class='ocr_line' id='line_1_16' title="bbox 458 1745 3997 1870; baseline 0.004 -30"><span class='ocrx_word' id='word_1_118' title='bbox 458 1767 743 1841; x_wconf 78' lang='lat' dir='ltr'>scilicet</span> <span class='ocrx_word' id='word_1_119' title='bbox 806 1769 1085 1844; x_wconf 83' lang='lat' dir='ltr'>virtute</span> <span class='ocrx_word' id='word_1_120' title='bbox 1145 1772 1400 1868; x_wconf 86' lang='lat' dir='ltr'>operis</span> <span class='ocrx_word' id='word_1_121' title='bbox 1468 1774 1789 1870; x_wconf 84' lang='lat' dir='ltr'>operati,</span> <span class='ocrx_word' id='word_1_122' title='bbox 1862 1775 1994 1848; x_wconf 88' lang='lat' dir='ltr'>sed</span> <span class='ocrx_word' id='word_1_123' title='bbox 2107 1778 2223 1841; x_wconf 85' lang='lat' dir='ltr'>set</span> <span class='ocrx_word' id='word_1_124' title='bbox 2271 1778 2821 1844; x_wconf 86' lang='lat' dir='ltr'>ante&#39;mortem</span> <span class='ocrx_word' id='word_1_125' title='bbox 2873 1772 3181 1865; x_wconf 79' lang='lat' dir='ltr'>Christi,</span> <span class='ocrx_word' id='word_1_126' title='bbox 3218 1784 3291 1847; x_wconf 86' lang='lat' dir='ltr'>et</span> <span class='ocrx_word' id='word_1_127' title='bbox 3340 1776 3648 1849; x_wconf 85' lang='lat' dir='ltr'>solutio·</span> <span class='ocrx_word' id='word_1_128' title='bbox 3683 1745 3997 1853; x_wconf 51' lang='lat' dir='ltr'>vffianggte</span> 
     </span>
    </p>
   </div>
   <div class='ocr_carea' id='block_1_8' title="bbox 453 1865 3945 1989">
    <p class='ocr_par' dir='ltr' id='par_1_10' title="bbox 453 1865 3945 1989">
     <span class='ocr_line' id='line_1_17' title="bbox 453 1865 3945 1989; baseline 0.007 -34"><span class='ocrx_word' id='word_1_129' title='bbox 453 1885 733 1957; x_wconf 76' lang='lat' dir='ltr'>virtute</span> <span class='ocrx_word' id='word_1_130' title='bbox 780 1895 1031 1960; x_wconf 84' lang='lat' dir='ltr'>motus</span> <span class='ocrx_word' id='word_1_131' title='bbox 1072 1887 1483 1975; x_wconf 77' lang='lat' dir='ltr'>interioriS‚</span> <span class='ocrx_word' id='word_1_132' title='bbox 1529 1890 1820 1965; x_wconf 85' lang='lat' dir='ltr'>scilicet</span> <span class='ocrx_word' id='word_1_133' title='bbox 1861 1916 1995 1989; x_wconf 88' lang='lat' dir='ltr'>per</span> <span class='ocrx_word' id='word_1_134' title='bbox 2109 1907 2285 1958; x_wconf 90' lang='lat' dir='ltr'>nem</span> <span class='ocrx_word' id='word_1_135' title='bbox 2329 1885 2550 1982; x_wconf 88' lang='lat' dir='ltr'>pretii</span> <span class='ocrx_word' id='word_1_136' title='bbox 2596 1910 2730 1982; x_wconf 86' lang='lat' dir='ltr'>pro</span> <span class='ocrx_word' id='word_1_137' title='bbox 2765 1887 3098 1984; x_wconf 82' lang='lat' dir='ltr'>peccatis</span> <span class='ocrx_word' id='word_1_138' title='bbox 3133 1889 3442 1976; x_wconf 81' lang='lat' dir='ltr'>nostris,</span> <span class='ocrx_word' id='word_1_139' title='bbox 3490 1915 3644 1965; x_wconf 84' lang='lat' dir='ltr'>non</span> <span class='ocrx_word' id='word_1_140' title='bbox 3735 1865 3945 1978; x_wconf 33' lang='lat' dir='ltr'>gignentis!</span> 
     </span>
    </p>
   </div>
   <div class='ocr_carea' id='block_1_9' title="bbox 451 1990 3941 2445">
    <p class='ocr_par' dir='ltr' id='par_1_11' title="bbox 452 1990 3941 2216">
     <span class='ocr_line' id='line_1_18' title="bbox 459 1990 3941 2105; baseline 0.002 -33"><span class='ocrx_word' id='word_1_141' title='bbox 459 2002 767 2074; x_wconf 85' lang='lat' dir='ltr'>modum</span> <span class='ocrx_word' id='word_1_142' title='bbox 819 2003 1097 2097; x_wconf 88' lang='lat' dir='ltr'>meriti,</span> <span class='ocrx_word' id='word_1_143' title='bbox 1143 2015 1217 2079; x_wconf 89' lang='lat' dir='ltr'>et</span> <span class='ocrx_word' id='word_1_144' title='bbox 1274 2006 1442 2079; x_wconf 89' lang='lat' dir='ltr'>ideo</span> <span class='ocrx_word' id='word_1_145' title='bbox 1483 2016 1776 2082; x_wconf 89' lang='lat' dir='ltr'>tantum</span> <span class='ocrx_word' id='word_1_146' title='bbox 1831 2030 1995 2105; x_wconf 83' lang='lat' dir='ltr'>gra·</span> <span class='ocrx_word' id='word_1_147' title='bbox 2104 2000 2464 2077; x_wconf 80' lang='lat' dir='ltr'>intrasset</span> <span class='ocrx_word' id='word_1_148' title='bbox 2503 2003 2811 2096; x_wconf 83' lang='lat' dir='ltr'>eoelum,</span> <span class='ocrx_word' id='word_1_149' title='bbox 2859 2027 2998 2077; x_wconf 83' lang='lat' dir='ltr'>nec</span> <span class='ocrx_word' id='word_1_150' title='bbox 3052 2004 3315 2080; x_wconf 86' lang='lat' dir='ltr'>suisset</span> <span class='ocrx_word' id='word_1_151' title='bbox 3355 2007 3497 2081; x_wconf 83' lang='lat' dir='ltr'>sibi</span> <span class='ocrx_word' id='word_1_152' title='bbox 3522 2008 3648 2102; x_wconf 87' lang='lat' dir='ltr'>ja·</span> <span class='ocrx_word' id='word_1_153' title='bbox 3725 1990 3941 2043; x_wconf 59' lang='lat' dir='ltr'>‘umet’</span> 
     </span>
     <span class='ocr_line' id='line_1_19' title="bbox 452 2115 3639 2216; baseline 0.003 -28"><span class='ocrx_word' id='word_1_154' title='bbox 452 2115 633 2189; x_wconf 84' lang='lat' dir='ltr'>tiam</span> <span class='ocrx_word' id='word_1_155' title='bbox 704 2120 1293 2216; x_wconf 82' lang='lat' dir='ltr'>promittebant3</span> <span class='ocrx_word' id='word_1_156' title='bbox 1352 2122 1848 2199; x_wconf 79' lang='lat' dir='ltr'>Sacramenta</span> <span class='ocrx_word' id='word_1_157' title='bbox 1884 2135 1990 2198; x_wconf 86' lang='lat' dir='ltr'>ta-</span> <span class='ocrx_word' id='word_1_158' title='bbox 2106 2139 2263 2189; x_wconf 72' lang='lat' dir='ltr'>Ilua</span> <span class='ocrx_word' id='word_1_159' title='bbox 2329 2126 2617 2215; x_wconf 75' lang='lat' dir='ltr'>aperta,</span> <span class='ocrx_word' id='word_1_160' title='bbox 2680 2118 2812 2191; x_wconf 76' lang='lat' dir='ltr'>sed</span> <span class='ocrx_word' id='word_1_161' title='bbox 2868 2118 3131 2193; x_wconf 80' lang='lat' dir='ltr'>suisset</span> <span class='ocrx_word' id='word_1_162' title='bbox 3189 2120 3493 2195; x_wconf 79' lang='lat' dir='ltr'>interim</span> <span class='ocrx_word' id='word_1_163' title='bbox 3564 2123 3639 2195; x_wconf 89' lang='lat' dir='ltr'>in</span> 
     </span>
    </p>

    <p class='ocr_par' dir='ltr' id='par_1_12' title="bbox 452 2232 2678 2337">
     <span class='ocr_line' id='line_1_20' title="bbox 452 2232 2678 2337; baseline 0.006 -33"><span class='ocrx_word' id='word_1_164' title='bbox 452 2256 624 2306; x_wconf 90' lang='lat' dir='ltr'>men</span> <span class='ocrx_word' id='word_1_165' title='bbox 663 2259 844 2310; x_wconf 83' lang='lat' dir='ltr'>vera</span> <span class='ocrx_word' id='word_1_166' title='bbox 898 2236 1106 2312; x_wconf 86' lang='lat' dir='ltr'>illius</span> <span class='ocrx_word' id='word_1_167' title='bbox 1150 2240 1339 2335; x_wconf 75' lang='lat' dir='ltr'>legis</span> <span class='ocrx_word' id='word_1_168' title='bbox 1381 2241 1704 2337; x_wconf 84' lang='lat' dir='ltr'>gratiam</span> <span class='ocrx_word' id='word_1_169' title='bbox 1746 2244 1994 2318; x_wconf 81' lang='lat' dir='ltr'>conse·</span> <span class='ocrx_word' id='word_1_170' title='bbox 2104 2232 2280 2307; x_wconf 78' lang='lat' dir='ltr'>Sissu</span> <span class='ocrx_word' id='word_1_171' title='bbox 2321 2233 2678 2309; x_wconf 72' lang='lat' dir='ltr'>Abrahae·</span> 
     </span>
    </p>

    <p class='ocr_par' dir='ltr' id='par_1_13' title="bbox 451 2347 1986 2445">
     <span class='ocr_line' id='line_1_21' title="bbox 451 2347 1986 2445; baseline 0.007 -25"><span class='ocrx_word' id='word_1_172' title='bbox 451 2347 746 2445; x_wconf 87' lang='lat' dir='ltr'>rebant,</span> <span class='ocrx_word' id='word_1_173' title='bbox 776 2353 951 2429; x_wconf 84' lang='lat' dir='ltr'>licet</span> <span class='ocrx_word' id='word_1_174' title='bbox 974 2378 1128 2429; x_wconf 86' lang='lat' dir='ltr'>non</span> <span class='ocrx_word' id='word_1_175' title='bbox 1154 2364 1444 2430; x_wconf 89' lang='lat' dir='ltr'>tantam</span> <span class='ocrx_word' id='word_1_176' title='bbox 1469 2359 1668 2433; x_wconf 83' lang='lat' dir='ltr'>sicut</span> <span class='ocrx_word' id='word_1_177' title='bbox 1697 2368 1986 2433; x_wconf 86' lang='lat' dir='ltr'>nostra.</span> 
     </span>
    </p>
   </div>
  </div>
 </body>
</html>
