4295 6326
646 441 775 510 628

649 639 690 691 e
733 640 1104 692 converso
1135 644 1150 704 ;
1187 620 1308 692 vel
1342 617 1406 692 si
1439 618 1515 690 in
1551 616 1819 691 eodem
1874 614 2193 689 instanti

656 733 974 831 incipiat
1038 735 1524 831 immergere,
1596 741 1669 808 et
1727 733 1978 808 (licere
2048 733 2191 806 ista

653 850 915 937 verba,
962 854 1083 925 vel
1126 851 1189 925 si
1223 851 1438 949 prius
1479 851 1714 925 semel
1759 849 2192 942 immergat,

655 979 1068 1067 antequam
1124 970 1411 1067 aliquid
1459 972 1843 1066 loquatur,
1890 976 1963 1041 et
2003 967 2201 1040 inci-

657 1086 812 1183 piat
871 1087 1082 1183 loqui
1152 1111 1326 1161 cum
1397 1085 1918 1173 immersione,
1983 1085 2104 1159 vel
2160 1107 2198 1158 e

656 1226 1058 1296 converse,
1105 1203 1165 1276 si
1212 1203 1485 1277 dixerit
1514 1203 1730 1301 prius
1771 1201 2005 1276 verba
2038 1201 2197 1294 illa,

658 1342 905 1415 usque
974 1319 1066 1392 ad
1138 1319 1508 1413 medium,
1557 1331 1628 1393 et
1690 1328 1955 1417 postea
2022 1318 2206 1391 inci-

657 1437 815 1534 piat
881 1461 1253 1533 mergere,
1312 1437 1504 1511 nihil
1561 1437 1766 1511 enim
1817 1437 2045 1510 refert
2108 1434 2203 1507 ad

660 1553 1248 1629 Sacramentum
1285 1555 1655 1629 dandum.

758 1670 909 1744 Sed
951 1695 1105 1744 non
1168 1679 1283 1745 est
1334 1672 1708 1768 complete
1744 1671 2206 1745 Sacramen-

662 1797 822 1860 tum
903 1797 1078 1860 ante
1131 1785 1361 1861 finem
1434 1787 1885 1885 prolationis
1924 1785 2208 1859 verbo-

665 1928 862 1997 rum,
935 1903 1134 1977 sicut
1174 1903 1238 1977 si
1283 1905 1512 1978 homo
1584 1904 1831 2000 primo
1893 1902 2208 2000 incipiat

662 2020 1090 2111 comedere,
1137 2030 1210 2095 et
1250 2020 1499 2094 statim
1538 2030 1705 2117 post
1748 2022 1941 2094 facta
1972 2019 2209 2092 inter-

660 2135 1073 2234 pellatione
1107 2136 1367 2233 aliqua
1398 2137 1782 2232 loquatur,
1818 2145 1891 2209 et
1931 2135 2206 2209 iterum

662 2251 1037 2343 comedat,
1104 2260 1177 2324 et
1237 2253 1621 2348 loquatur,
1686 2259 1760 2325 et
1827 2249 1934 2323 sic
1994 2249 2211 2324 alter-

666 2369 921 2442 nando
961 2391 1201 2466 usque
1258 2369 1353 2442 ad
1409 2368 1642 2443 finem
1686 2368 2208 2460 comestioniS,

669 2484 946 2559 dicitur
986 2485 1216 2558 simul
1260 2485 1661 2560 comedere
1704 2493 1777 2559 et
1817 2484 2057 2581 loqui,
2108 2483 2213 2557 ita

668 2601 873 2698 quod
946 2625 1186 2675 unum
1275 2603 1580 2675 illorum
1654 2625 1805 2674 non
1884 2600 2215 2674 totaliter

669 2717 935 2790 finitur
987 2727 1400 2814 antequam
1453 2716 1661 2790 aliud
1715 2716 2055 2814 incipiat.
2103 2716 2214 2789 Ita

670 2846 784 2910 est
832 2835 905 2906 in
963 2835 1380 2932 propositO,
1427 2834 1587 2908 sive
1637 2834 1949 2932 incipiat
1999 2834 2216 2932 prius

673 2951 1013 3041 abluere,
1088 2961 1159 3025 et
1221 2961 1506 3048 postea.
1548 2952 1786 3025 verba
1851 2952 2214 3048 proferre,

671 3065 832 3141 sive
912 3089 951 3140 e
1016 3089 1419 3157 converSO,
1485 3065 1902 3139 dummodo
1974 3090 2212 3140 unum

673 3183 988 3282 incipiat
1017 3182 1184 3257 fieri
1216 3193 1627 3281 antequam
1655 3184 1860 3257 aliud
1892 3184 2220 3258 totaliter

677 3300 1152 3387 terminetur,
1208 3300 1571 3374 satisfacit
1631 3300 1775 3374 ista
1837 3300 2213 3390 simultaS,

674 3417 925 3515 qualis
957 3426 1397 3515 potestesse
1436 3417 1785 3490 simultas
1815 3416 1890 3488 in
1922 3417 2219 3490 actibus

673 3533 1077 3627 humanis;
1112 3557 1266 3606 non
1310 3533 1513 3606 enim
1547 3531 1843 3606 curavit
1869 3532 2220 3605 Christus

673 3649 893 3724 ali-ter
957 3674 1096 3723 nos
1193 3651 1430 3745 ligare
1502 3649 1573 3721 in
1657 3648 2217 3723 ministratione

599 3814 602 3816 v
675 3768 909 3866 hujus
976 3767 1483 3853 Sacramenti‚
1560 3776 1640 3840 ut
1720 3777 1920 3841 esset
1987 3767 2216 3841 simul

445 4143 549 4208 11.

328 4259 406 4311 Ad
438 4270 645 4321 argum.

379 4326 584 4386 quartae

366 4385 611 4458 quqstio·

438 4461 539 4498 ms.

674 3885 893 3958 aliter
955 3907 1186 3980 quam
1244 3884 1411 3980 ejus
1480 3883 1829 3957 simultas
1898 3884 2137 3981 possit
2177 3908 2221 3956 a

676 4001 899 4076 nobis
932 4001 1363 4099 dispensari
1398 4011 1468 4075 et
1500 4001 1918 4075 observari.

771 4119 885 4192 Ad
953 4125 1492 4214 argumentum
1574 4118 1664 4191 de
1708 4118 2215 4209 Eucharistia,

679 4234 847 4309 dico
882 4236 1083 4331 quod
1129 4236 1259 4307 illa
1289 4235 1525 4308 verba
1565 4245 1743 4307 sunt
1778 4259 2221 4310 sacramen-

678 4353 885 4446 talia,
932 4376 1085 4425 non
1139 4352 1751 4445 Sacramentum,
1788 4352 1949 4426 sive
1990 4353 2218 4426 simul

678 4470 1189 4568 proferantur,
1254 4467 1414 4543 sive
1471 4491 1653 4542 non.
1718 4469 1875 4542 Nec
1936 4480 2050 4543 est
2117 4468 2220 4542 ibi

676 4585 925 4684 primo
1047 4585 1510 4682 completum
1638 4585 2218 4660 Sacramentum

680 4722 925 4798 usque
967 4700 1059 4774 ad
1099 4700 1451 4774 ultimum
1508 4700 1805 4774 instans
1860 4702 2225 4799 prolatio-

676 4817 797 4892 nis
862 4818 1274 4892 verborum
1348 4842 1581 4915 super
1637 4819 1999 4908 calice1n;
2065 4843 2218 4895 non

675 4946 790 5010 est
831 4947 1085 5011 tamen
1130 4935 1304 5009 talis
1374 4935 1629 5009 unitas
1663 4936 1861 5011 inter
1926 4938 2224 5035 species

671 5054 895 5151 panis
965 5064 1039 5129 et
1098 5053 1286 5146 vini,
1353 5054 1603 5152 qualis
1644 5066 1758 5130 est
1808 5055 1883 5127 in
1947 5055 2222 5130 Sacra-

559 5184 581 5203 ·
675 5182 930 5245 mento
972 5170 1375 5268 Baptismi.

764 5289 959 5363 Nam
1016 5289 1088 5360 in
1126 5287 1523 5385 proposito
1557 5289 1649 5363 de
1712 5291 2104 5365 ablutione
2147 5300 2220 5367 et

670 5403 955 5495 verbis,
998 5425 1199 5498 aqua
1233 5424 1405 5474 curn
1444 5402 1729 5496 verbiS,
1759 5428 1895 5501 per
1927 5428 2101 5503 quae
2134 5403 2220 5479 fit

667 5518 987 5611 ablutio,
1051 5518 1212 5591 sive
1245 5517 1400 5591 sint
1431 5517 1660 5592 simul
1696 5519 1769 5593 in
1805 5521 2074 5595 eodem
2103 5521 2218 5595 in-

666 5636 894 5710 stanti
945 5635 1481 5733 susceptioniS,
1540 5637 1700 5712 sive
1755 5663 1940 5733 non,
1986 5641 2217 5714 durn-

2042 439 2286 508 LIBRI
2330 441 2453 516 IV.

2312 617 2535 690 modo
2579 618 2734 692 sint
2791 618 3051 712 simul,
3112 618 3310 693 sicut
3363 617 3649 692 dictum
3708 623 3850 707 est,

2308 744 2492 808 sunt
2526 735 3139 810 Sacramentum.
3180 734 3666 811 Eucharistia
3715 756 3858 807 au-

2306 861 2458 925 tem
2523 876 2676 927 non
2748 862 2862 927 est
2920 877 3188 929 verum
3236 852 3692 927 continuum
3719 849 3860 923 Sa-

2306 980 2819 1064 oramentum,
2898 970 3096 1045 sicut
3154 969 3626 1068 BaptismuS,
3714 989 3860 1041 nec

2310 1085 2692 1180 integrum
2756 1098 2827 1161 et
2898 1089 3364 1185 completum
3410 1094 3585 1159 ante
3677 1083 3863 1158 ulti-

2316 1225 2522 1274 mum
2589 1202 2881 1277 instans
2941 1202 3397 1301 prolationis
3441 1200 3862 1276 verborum

2275 1342 2546 1415 super
2595 1321 2943 1415 calicem,
2991 1321 3167 1395 licet
3223 1320 3355 1394 illa
3423 1319 3661 1394 verba
3701 1341 3861 1392 non

2310 1436 2464 1509 sint
2491 1436 2720 1511 simul
2755 1437 2978 1512 dicta.

2890 1744 3288 1821 QUAEST10
3337 1746 3420 1812 V.

2322 1911 2567 1978 Utrum
2605 1911 2680 1978 z'n
2706 1911 3102 2000 baptizante
3126 1913 3531 1999 requiratur
3572 1911 3869 1981 intentio

2538 2020 2770 2087 debita
2793 2020 2890 2086 ad
2922 2022 3051 2088 lzoc
3079 2020 3270 2108 quod
3299 2021 3644 2106 baptizet?

2315 2233 2510 2289 Alcas,
2545 2236 2595 2288 4.
2631 2252 2689 2305 p.
2722 2244 2917 2305 quaesl.
2957 2236 3039 2290 13.
3075 2253 3150 2290 m.
3186 2252 3225 2291 1.
3275 2252 3380 2305 per
3427 2239 3620 2292 totum.
3656 2235 3723 2292 D.
3765 2236 3871 2292 Bo·

2388 2322 2516 2361 nav.
2552 2309 2638 2361 hic
2666 2308 2719 2360 2.
2753 2324 2807 2379 p.
2842 2316 2947 2361 art.
2977 2324 3017 2361 1.
3050 2316 3244 2378 quoest.
3293 2325 3332 2363 1.
3386 2311 3436 2363 et
3491 2309 3546 2362 2.
3599 2307 3867 2364 Richard.

2384 2387 2494 2432 art.
2530 2396 2568 2432 1.
2605 2391 2797 2450 quoexc.
2830 2383 2883 2434 2.
2919 2385 2983 2434 D.
3019 2379 3228 2435 Thom.
3263 2387 3456 2450 quaest.
3491 2397 3529 2434 ι.
3564 2388 3671 2435 art.
3721 2381 3776 2434 2.
3816 2383 3869 2435 et

2387 2449 2439 2505 3.
2467 2467 2522 2519 p.
2558 2457 2755 2519 quaest.
2779 2451 2869 2505 64.
2914 2460 3024 2506 art.
3057 2451 3111 2507 8.
3164 2451 3334 2509 Suar.
3388 2450 3726 2523 ibiclfidisp.
3779 2451 3866 2508 13.

2390 2527 2515 2577 sect.
2550 2525 2603 2577 2.
2639 2522 2793 2578 Scot.
2831 2522 2892 2577 in
2927 2523 3098 2578 Oxou.
3126 2523 3231 2578 hic.

2417 2712 2784 2807 Arguitur
2832 2712 3035 2808 quod
3080 2736 3263 2805 non,
3311 2712 3492 2810 quia
3541 2737 3696 2786 non
3740 2715 3868 2788 ha·
4047 2732 4110 2798 1,
4255 2783 4256 2786 ,

2321 2829 2513 2902 bens
2592 2827 2821 2901 fidem
2882 2837 3129 2926 potest
3189 2828 3601 2925 baptizare.
3648 2830 3867 2904 Patet
3899 2847 4256 2921 Arg-numum.¹

2325 2947 2467 3018 hoc
2500 2944 2592 3018 de
2646 2967 2945 3042 pagano
2989 2945 3065 3018 in
3111 2944 3386 3036 littera,
3433 2955 3509 3020 et
3556 2946 3648 3020 de
3694 2970 3869 3021 con·
3943 2924 4177 3039 ¹333?

2321 3085 2509 3136 secr.
2557 3062 2889 3136 distinct.
2939 3063 3009 3135 4.
3049 3087 3213 3161 cap.
3259 3064 3694 3152 Romanus;
3732 3066 3865 3141 sed
3999 3052 4150 3089 '⁰¹¹¹‘

2325 3205 2480 3253 non
2543 3181 2836 3255 liabens
2878 3180 3111 3255 fidem
3163 3205 3320 3256 non
3365 3183 3593 3258 habet
3650 3183 3874 3258 debi-

2328 3307 2474 3371 tam
2567 3298 3072 3373 intentionem
3153 3299 3615 3398 baptizandi,
3691 3298 3877 3398 quia

2326 3415 2589 3487 nullus
2656 3412 2823 3488 fieri
2891 3416 3056 3487 vult
3125 3417 3333 3512 quod
3399 3440 3554 3490 non
3633 3416 3879 3492 credit

2328 3555 2550 3629 posse
2580 3530 2777 3607 fieri.

2431 3651 2639 3742 ltem,
2686 3650 3166 3745 Augustinus
3218 3675 3454 3751 super
3490 3653 3870 3727 Joannem
3905 3728 3938 3779 d
3969 3667 4166 3720 Secun-

2324 3765 2617 3840 [lom-il.
2655 3767 2723 3839 ὃ.
2754 3777 2828 3841 et
2860 3769 3170 3866 ponitur
3199 3770 3272 3842 in
3306 3768 3581 3845 littera.
3615 3770 3876 3845 Ebrio·
3926 3734 4216 3857 ἕιῖῗίῑαῗξῖ

2326 3907 2459 3957 sus
2545 3883 2928 3980 baptizare
3022 3896 3293 3982 potest,
3393 3911 3549 3961 non
3642 3888 3872 3961 timeo

2327 3998 2734 4088 ebriosum,
2792 4008 2933 4073 etc.
2981 3999 3334 4075 ebriosus
3412 4026 3566 4075 non
3627 4010 3877 4100 potest

2326 4117 2609 4191 habere
2669 4117 3175 4193 intentionem
3221 4118 3601 4213 debitam3
3657 4143 3870 4217 ergO,

2327 4245 2468 4309 otc.

2425 4355 2729 4448 Contra,
2773 4355 3141 4452 Magister
3170 4356 3248 4430 in
3294 4356 3570 4432 littera.
3598 4358 3683 4431 In
3725 4360 3874 4433 hoc
3950 4374 4108 4425 antio
4135 4377 4221 4450 μα

2327 4471 2526 4545 sicut
2564 4471 2642 4543 in
2677 4471 2848 4546 aliis
2880 4473 3398 4548 Sacramentis
3452 4474 3877 4571 requiritur
3964 4452 4200 4501 ⁰⁹⁹⁰*
4255 4540 4256 4545 ,

4000 4508 4129 4552 tum.

2328 4586 2676 4661 intentio.

2820 4795 3225 4874 QUAESTIO
3276 4798 3392 4864 VI.

2339 4959 2592 5029 Utrum
2626 4963 2699 5030 in
2734 4965 3131 5050 baptizante
3148 4968 3559 5055 requiratur
3578 4969 3876 5037 actualis

2701 5064 2999 5132 intentio
3044 5067 3505 5152 baptizandi?

2329 5256 2597 5310 Doctores
2629 5254 2787 5311 citati
2817 5260 3010 5327 quaest.
3041 5260 3277 5329 praeced.
3311 5259 3514 5330 Major.
3542 5262 3594 5317 4.
3621 5260 3872 5319 diuinet.

2399 5327 2483 5381 12.
2517 5335 2711 5397 quaest.
2742 5329 2796 5383 7.
2831 5329 3036 5384 Navar.
3070 5330 3130 5383 in
3160 5347 3306 5385 sum.
3330 5348 3456 5401 cap.
3492 5350 3533 5388 1.
3575 5350 3732 5389 num.
3782 5337 3870 5390 15.

2394 5408 2443 5453 e!
2465 5415 2591 5525 teng.
2624 5400 2712 5455 25.
2749 5417 2906 5455 num.
2941 5401 3064 5455 105.
3112 5402 3246 5458 Soto
3295 5401 3424 5459 dist.
3475 5421 3513 5459 1.
3567 5409 3763 5477 quaest.
3812 5407 3869 5464 5.

2395 5488 2462 5525 ar
2492 5513 2504 5526 .
2578 5512 2591 5524 .

2419 5645 2788 5740 Arguitur
2818 5648 3024 5743 quod
3066 5646 3201 5739 sic,
3247 5672 3292 5723 a
3341 5650 3581 5727 forma
3617 5652 3867 5752 prima
4014 5672 4074 5737 2.
