<?xml version="1.0" encoding="UTF-8"?>
<!DOCTYPE html PUBLIC "-//W3C//DTD XHTML 1.0 Transitional//EN"
    "http://www.w3.org/TR/xhtml1/DTD/xhtml1-transitional.dtd">
<html xmlns="http://www.w3.org/1999/xhtml" xml:lang="en" lang="en">
 <head>
  <title>
</title>
<meta http-equiv="Content-Type" content="text/html;charset=utf-8" />
  <meta name='ocr-system' content='tesseract 3.04.00' />
  <meta name='ocr-capabilities' content='ocr_page ocr_carea ocr_par ocr_line ocrx_word'/>
</head>
<body>
  <div class='ocr_page' id='page_1' title='image "./joannisdunsscot00waddgoog_0462.png"; bbox 0 0 4295 6326; ppageno 0'>
   <div class='ocr_carea' id='block_1_1' title="bbox 264 5473 2162 5719">
    <p class='ocr_par' dir='ltr' id='par_1_1' title="bbox 264 5473 2162 5719">
     <span class='ocr_line' id='line_1_1' title="bbox 264 5473 2162 5656; baseline 0.005 -67"><span class='ocrx_word' id='word_1_1' title='bbox 264 5473 590 5656; x_wconf 53' lang='grc' dir='ltr'>3ἒὲἓέἶὲῗῖ</span> <span class='ocrx_word' id='word_1_2' title='bbox 623 5523 797 5618; x_wconf 91' lang='lat' dir='ltr'>plus</span> <span class='ocrx_word' id='word_1_3' title='bbox 839 5521 1183 5596; x_wconf 91' lang='lat' dir='ltr'>crederet</span> <span class='ocrx_word' id='word_1_4' title='bbox 1219 5532 1386 5621; x_wconf 92' lang='lat' dir='ltr'>post</span> <span class='ocrx_word' id='word_1_5' title='bbox 1417 5523 1895 5621; x_wconf 86' lang='lat' dir='ltr'>Baptismum</span> <span class='ocrx_word' id='word_1_6' title='bbox 1931 5547 2162 5622; x_wconf 88' lang='lat' dir='ltr'>quam</span> 
     </span>
     <span class='ocr_line' id='line_1_2' title="bbox 310 5668 524 5719; baseline 0.014 -3"><span class='ocrx_word' id='word_1_7' title='bbox 310 5668 524 5719; x_wconf 85' lang='lat' dir='ltr'>tructio.</span> 
     </span>
    </p>
   </div>
   <div class='ocr_carea' id='block_1_2' title="bbox 633 426 762 496">
    <p class='ocr_par' dir='ltr' id='par_1_2' title="bbox 633 426 762 496">
     <span class='ocr_line' id='line_1_3' title="bbox 633 426 762 496; baseline 0.016 -2"><span class='ocrx_word' id='word_1_8' title='bbox 633 426 762 496; x_wconf 77' lang='lat'>440</span> 
     </span>
    </p>
   </div>
   <div class='ocr_carea' id='block_1_3' title="bbox 738 595 2181 696">
    <p class='ocr_par' dir='ltr' id='par_1_3' title="bbox 738 595 2181 696">
     <span class='ocr_line' id='line_1_4' title="bbox 738 595 2181 696; baseline 0.002 -26"><span class='ocrx_word' id='word_1_9' title='bbox 738 596 888 671; x_wconf 87' lang='lat' dir='ltr'>Sed</span> <span class='ocrx_word' id='word_1_10' title='bbox 930 595 1137 672; x_wconf 92' lang='lat' dir='ltr'>dices</span> <span class='ocrx_word' id='word_1_11' title='bbox 1181 599 1367 673; x_wconf 80' lang='lat' dir='ltr'>forte</span> <span class='ocrx_word' id='word_1_12' title='bbox 1410 599 1614 696; x_wconf 90' lang='lat' dir='ltr'>quod</span> <span class='ocrx_word' id='word_1_13' title='bbox 1659 596 1849 672; x_wconf 86' lang='lat' dir='ltr'>fides</span> <span class='ocrx_word' id='word_1_14' title='bbox 1884 622 2034 671; x_wconf 88' lang='lat' dir='ltr'>non</span> <span class='ocrx_word' id='word_1_15' title='bbox 2066 607 2181 673; x_wconf 91' lang='lat' dir='ltr'>est</span> 
     </span>
    </p>
   </div>
   <div class='ocr_carea' id='block_1_4' title="bbox 630 717 2185 2072">
    <p class='ocr_par' dir='ltr' id='par_1_4' title="bbox 630 717 2181 1393">
     <span class='ocr_line' id='line_1_5' title="bbox 635 717 2181 816; baseline 0 -26"><span class='ocrx_word' id='word_1_16' title='bbox 635 717 1004 814; x_wconf 86' lang='lat' dir='ltr'>potentia,</span> <span class='ocrx_word' id='word_1_17' title='bbox 1079 718 1261 815; x_wconf 89' lang='lat' dir='ltr'>quia</span> <span class='ocrx_word' id='word_1_18' title='bbox 1321 717 1662 816; x_wconf 89' lang='lat' dir='ltr'>potentia</span> <span class='ocrx_word' id='word_1_19' title='bbox 1725 740 1804 792; x_wconf 91' lang='lat' dir='ltr'>se</span> <span class='ocrx_word' id='word_1_20' title='bbox 1865 726 2073 791; x_wconf 89' lang='lat' dir='ltr'>tenet</span> <span class='ocrx_word' id='word_1_21' title='bbox 2135 740 2181 790; x_wconf 89' lang='lat' dir='ltr'>a</span> 
     </span>
     <span class='ocr_line' id='line_1_6' title="bbox 636 832 2179 930; baseline 0 -23"><span class='ocrx_word' id='word_1_22' title='bbox 636 840 849 930; x_wconf 89' lang='lat' dir='ltr'>parte</span> <span class='ocrx_word' id='word_1_23' title='bbox 921 833 1229 927; x_wconf 76' lang='lat' dir='ltr'>animae,</span> <span class='ocrx_word' id='word_1_24' title='bbox 1294 832 1485 909; x_wconf 85' lang='lat' dir='ltr'>fides</span> <span class='ocrx_word' id='word_1_25' title='bbox 1552 844 1807 915; x_wconf 83' lang='lat' dir='ltr'>autem</span> <span class='ocrx_word' id='word_1_26' title='bbox 1860 856 1905 906; x_wconf 89' lang='lat' dir='ltr'>a</span> <span class='ocrx_word' id='word_1_27' title='bbox 1963 842 2179 930; x_wconf 85' lang='lat' dir='ltr'>parte</span> 
     </span>
     <span class='ocr_line' id='line_1_7' title="bbox 635 945 2177 1045; baseline -0.001 -25"><span class='ocrx_word' id='word_1_28' title='bbox 635 945 940 1042; x_wconf 89' lang='lat' dir='ltr'>objecti,</span> <span class='ocrx_word' id='word_1_29' title='bbox 1002 956 1085 1021; x_wconf 91' lang='lat' dir='ltr'>ut</span> <span class='ocrx_word' id='word_1_30' title='bbox 1133 948 1477 1045; x_wconf 87' lang='lat' dir='ltr'>partialis</span> <span class='ocrx_word' id='word_1_31' title='bbox 1535 971 1767 1022; x_wconf 90' lang='lat' dir='ltr'>causa</span> <span class='ocrx_word' id='word_1_32' title='bbox 1827 954 2177 1044; x_wconf 85' lang='lat' dir='ltr'>respectu</span> 
     </span>
     <span class='ocr_line' id='line_1_8' title="bbox 633 1059 2178 1160; baseline 0 -27"><span class='ocrx_word' id='word_1_33' title='bbox 633 1059 977 1155; x_wconf 84' lang='lat' dir='ltr'>alterius,</span> <span class='ocrx_word' id='word_1_34' title='bbox 1032 1061 1203 1136; x_wconf 84' lang='lat' dir='ltr'>ideo</span> <span class='ocrx_word' id='word_1_35' title='bbox 1246 1087 1400 1136; x_wconf 92' lang='lat' dir='ltr'>non</span> <span class='ocrx_word' id='word_1_36' title='bbox 1450 1072 1565 1137; x_wconf 86' lang='lat' dir='ltr'>est</span> <span class='ocrx_word' id='word_1_37' title='bbox 1622 1061 1990 1160; x_wconf 88' lang='lat' dir='ltr'>potentia,</span> <span class='ocrx_word' id='word_1_38' title='bbox 2045 1060 2178 1134; x_wconf 83' lang='lat' dir='ltr'>sed</span> 
     </span>
     <span class='ocr_line' id='line_1_9' title="bbox 633 1186 2177 1271; baseline 0 -21"><span class='ocrx_word' id='word_1_39' title='bbox 633 1186 898 1251; x_wconf 86' lang='lat' dir='ltr'>causat</span> <span class='ocrx_word' id='word_1_40' title='bbox 978 1201 1382 1253; x_wconf 79' lang='lat' dir='ltr'>assensum</span> <span class='ocrx_word' id='word_1_41' title='bbox 1461 1186 1732 1271; x_wconf 85' lang='lat' dir='ltr'>totum,</span> <span class='ocrx_word' id='word_1_42' title='bbox 1808 1187 1888 1252; x_wconf 94' lang='lat' dir='ltr'>ut</span> <span class='ocrx_word' id='word_1_43' title='bbox 1975 1186 2177 1252; x_wconf 84' lang='lat' dir='ltr'>tenet</span> 
     </span>
     <span class='ocr_line' id='line_1_10' title="bbox 630 1293 1319 1393; baseline 0.009 -29"><span class='ocrx_word' id='word_1_44' title='bbox 630 1293 884 1368; x_wconf 84' lang='lat' dir='ltr'>vicem</span> <span class='ocrx_word' id='word_1_45' title='bbox 918 1295 1225 1393; x_wconf 89' lang='lat' dir='ltr'>objecti.</span> <span class='ocrx_word' id='word_1_46' title='bbox 1313 1308 1319 1313; x_wconf 83' lang='grc'><strong><em>’</em></strong></span> 
     </span>
    </p>

    <p class='ocr_par' dir='ltr' id='par_1_5' title="bbox 635 1411 2185 2072">
     <span class='ocr_line' id='line_1_11' title="bbox 733 1411 2179 1510; baseline 0.001 -26"><span class='ocrx_word' id='word_1_47' title='bbox 733 1411 1040 1504; x_wconf 82' lang='lat' dir='ltr'>Contra,</span> <span class='ocrx_word' id='word_1_48' title='bbox 1079 1422 1261 1487; x_wconf 90' lang='lat' dir='ltr'>tunc</span> <span class='ocrx_word' id='word_1_49' title='bbox 1294 1422 1511 1487; x_wconf 89' lang='lat' dir='ltr'>actus</span> <span class='ocrx_word' id='word_1_50' title='bbox 1557 1413 1736 1487; x_wconf 86' lang='lat' dir='ltr'>fidei</span> <span class='ocrx_word' id='word_1_51' title='bbox 1779 1412 2179 1510; x_wconf 63' lang='lat' dir='ltr'>acquisitae</span> 
     </span>
     <span class='ocr_line' id='line_1_12' title="bbox 635 1528 2185 1606; baseline -0.003 -1"><span class='ocrx_word' id='word_1_52' title='bbox 635 1539 709 1605; x_wconf 87' lang='lat' dir='ltr'>et</span> <span class='ocrx_word' id='word_1_53' title='bbox 740 1528 916 1605; x_wconf 86' lang='lat' dir='ltr'>fidei</span> <span class='ocrx_word' id='word_1_54' title='bbox 968 1530 1245 1605; x_wconf 80' lang='lat' dir='ltr'>inlusae</span> <span class='ocrx_word' id='word_1_55' title='bbox 1297 1540 1554 1606; x_wconf 81' lang='lat' dir='ltr'>essent</span> <span class='ocrx_word' id='word_1_56' title='bbox 1603 1529 1919 1605; x_wconf 86' lang='lat' dir='ltr'>alterius</span> <span class='ocrx_word' id='word_1_57' title='bbox 1960 1529 2185 1603; x_wconf 85' lang='lat' dir='ltr'>ratio-</span> 
     </span>
     <span class='ocr_line' id='line_1_13' title="bbox 640 1646 2183 1745; baseline 0.001 -27"><span class='ocrx_word' id='word_1_58' title='bbox 640 1646 788 1736; x_wconf 90' lang='lat' dir='ltr'>nis,</span> <span class='ocrx_word' id='word_1_59' title='bbox 826 1646 1010 1743; x_wconf 90' lang='lat' dir='ltr'>quia</span> <span class='ocrx_word' id='word_1_60' title='bbox 1040 1647 1414 1722; x_wconf 86' lang='lat' dir='ltr'>haberent</span> <span class='ocrx_word' id='word_1_61' title='bbox 1447 1647 1824 1745; x_wconf 88' lang='lat' dir='ltr'>principia</span> <span class='ocrx_word' id='word_1_62' title='bbox 1865 1646 2183 1721; x_wconf 90' lang='lat' dir='ltr'>alterius</span> 
     </span>
     <span class='ocr_line' id='line_1_14' title="bbox 641 1763 2178 1863; baseline 0.001 -27"><span class='ocrx_word' id='word_1_63' title='bbox 641 1763 986 1856; x_wconf 90' lang='lat' dir='ltr'>rationis,</span> <span class='ocrx_word' id='word_1_64' title='bbox 1040 1788 1220 1839; x_wconf 90' lang='lat' dir='ltr'>nam</span> <span class='ocrx_word' id='word_1_65' title='bbox 1272 1776 1488 1839; x_wconf 90' lang='lat' dir='ltr'>actus</span> <span class='ocrx_word' id='word_1_66' title='bbox 1529 1764 1705 1839; x_wconf 84' lang='lat' dir='ltr'>fidei</span> <span class='ocrx_word' id='word_1_67' title='bbox 1753 1764 2178 1863; x_wconf 74' lang='lat' dir='ltr'>acquisitae,</span> 
     </span>
     <span class='ocr_line' id='line_1_15' title="bbox 641 1880 2182 1978; baseline 0.001 -26"><span class='ocrx_word' id='word_1_68' title='bbox 641 1889 726 1953; x_wconf 92' lang='lat' dir='ltr'>ut</span> <span class='ocrx_word' id='word_1_69' title='bbox 789 1880 1096 1955; x_wconf 84' lang='lat' dir='ltr'>credere</span> <span class='ocrx_word' id='word_1_70' title='bbox 1150 1881 1639 1978; x_wconf 87' lang='lat' dir='ltr'>acquisitum,</span> <span class='ocrx_word' id='word_1_71' title='bbox 1686 1891 2048 1955; x_wconf 87' lang='lat' dir='ltr'>causatur</span> <span class='ocrx_word' id='word_1_72' title='bbox 2086 1881 2182 1954; x_wconf 91' lang='lat' dir='ltr'>ab</span> 
     </span>
     <span class='ocr_line' id='line_1_16' title="bbox 642 1994 2177 2072; baseline 0.001 -6"><span class='ocrx_word' id='word_1_73' title='bbox 642 1994 1033 2070; x_wconf 88' lang='lat' dir='ltr'>intellectu</span> <span class='ocrx_word' id='word_1_74' title='bbox 1121 2007 1195 2071; x_wconf 92' lang='lat' dir='ltr'>et</span> <span class='ocrx_word' id='word_1_75' title='bbox 1272 1997 1592 2072; x_wconf 84' lang='lat' dir='ltr'>veritate</span> <span class='ocrx_word' id='word_1_76' title='bbox 1662 1996 2177 2072; x_wconf 90' lang='lat' dir='ltr'>assentientis.</span> 
     </span>
    </p>
   </div>
   <div class='ocr_carea' id='block_1_5' title="bbox 282 2110 2186 2316">
    <p class='ocr_par' dir='ltr' id='par_1_6' title="bbox 282 2110 2186 2316">
     <span class='ocr_line' id='line_1_17' title="bbox 285 2110 2185 2206; baseline 0.001 -21"><span class='ocrx_word' id='word_1_77' title='bbox 285 2135 605 2187; x_wconf 51' lang='lat' dir='ltr'>videtne.</span> <span class='ocrx_word' id='word_1_78' title='bbox 646 2110 978 2185; x_wconf 83' lang='lat' dir='ltr'>Credere</span> <span class='ocrx_word' id='word_1_79' title='bbox 1038 2111 1240 2186; x_wconf 90' lang='lat' dir='ltr'>enim</span> <span class='ocrx_word' id='word_1_80' title='bbox 1308 2112 1678 2206; x_wconf 78' lang='lat' dir='ltr'>inlusum,</span> <span class='ocrx_word' id='word_1_81' title='bbox 1738 2113 1900 2187; x_wconf 81' lang='lat' dir='ltr'>sive</span> <span class='ocrx_word' id='word_1_82' title='bbox 1967 2122 2185 2187; x_wconf 88' lang='lat' dir='ltr'>actus</span> 
     </span>
     <span class='ocr_line' id='line_1_18' title="bbox 282 2216 2186 2316; baseline 0.003 -17"><span class='ocrx_word' id='word_1_83' title='bbox 282 2220 471 2282; x_wconf 67' lang='lat' dir='ltr'>q⁰ae⁵²·</span> <span class='ocrx_word' id='word_1_84' title='bbox 512 2216 602 2267; x_wconf 64' lang='lat'><strong>¹¹¹⁸·</strong></span> <span class='ocrx_word' id='word_1_85' title='bbox 640 2225 818 2302; x_wconf 90' lang='lat' dir='ltr'>fidei</span> <span class='ocrx_word' id='word_1_86' title='bbox 851 2227 1155 2316; x_wconf 79' lang='lat' dir='ltr'>inlusae,</span> <span class='ocrx_word' id='word_1_87' title='bbox 1204 2239 1567 2304; x_wconf 87' lang='lat' dir='ltr'>causatur</span> <span class='ocrx_word' id='word_1_88' title='bbox 1594 2232 1715 2305; x_wconf 84' lang='lat' dir='ltr'>vel</span> <span class='ocrx_word' id='word_1_89' title='bbox 1750 2256 1795 2303; x_wconf 90' lang='lat' dir='ltr'>a</span> <span class='ocrx_word' id='word_1_90' title='bbox 1844 2232 2009 2305; x_wconf 90' lang='lat' dir='ltr'>sola</span> <span class='ocrx_word' id='word_1_91' title='bbox 2048 2255 2186 2305; x_wconf 87' lang='lat' dir='ltr'>ve-</span> 
     </span>
    </p>
   </div>
   <div class='ocr_carea' id='block_1_6' title="bbox 610 2346 2186 5503">
    <p class='ocr_par' dir='ltr' id='par_1_7' title="bbox 638 2346 2186 2913">
     <span class='ocr_line' id='line_1_19' title="bbox 639 2346 2186 2445; baseline 0.001 -26"><span class='ocrx_word' id='word_1_92' title='bbox 639 2346 859 2420; x_wconf 84' lang='lat' dir='ltr'>ritate</span> <span class='ocrx_word' id='word_1_93' title='bbox 911 2347 1158 2443; x_wconf 89' lang='lat' dir='ltr'>prima</span> <span class='ocrx_word' id='word_1_94' title='bbox 1216 2346 1307 2421; x_wconf 85' lang='lat' dir='ltr'>de</span> <span class='ocrx_word' id='word_1_95' title='bbox 1355 2370 1509 2444; x_wconf 90' lang='lat' dir='ltr'>qua</span> <span class='ocrx_word' id='word_1_96' title='bbox 1558 2357 1696 2438; x_wconf 88' lang='lat' dir='ltr'>est,</span> <span class='ocrx_word' id='word_1_97' title='bbox 1731 2349 1881 2445; x_wconf 32' lang='lat' dir='ltr'>‚vel</span> <span class='ocrx_word' id='word_1_98' title='bbox 1926 2347 2019 2421; x_wconf 91' lang='lat' dir='ltr'>ab</span> <span class='ocrx_word' id='word_1_99' title='bbox 2076 2348 2186 2421; x_wconf 88' lang='lat' dir='ltr'>in-</span> 
     </span>
     <span class='ocr_line' id='line_1_20' title="bbox 640 2465 2179 2564; baseline 0.001 -27"><span class='ocrx_word' id='word_1_100' title='bbox 640 2465 945 2539; x_wconf 87' lang='lat' dir='ltr'>tellectu</span> <span class='ocrx_word' id='word_1_101' title='bbox 983 2474 1057 2540; x_wconf 92' lang='lat' dir='ltr'>et</span> <span class='ocrx_word' id='word_1_102' title='bbox 1089 2465 1403 2540; x_wconf 83' lang='lat' dir='ltr'>veritate</span> <span class='ocrx_word' id='word_1_103' title='bbox 1446 2465 1695 2564; x_wconf 88' lang='lat' dir='ltr'>prima</span> <span class='ocrx_word' id='word_1_104' title='bbox 1729 2494 1746 2559; x_wconf 85' lang='lat'><em>3</em></span> <span class='ocrx_word' id='word_1_105' title='bbox 1786 2490 1968 2562; x_wconf 80' lang='lat' dir='ltr'>ergo</span> <span class='ocrx_word' id='word_1_106' title='bbox 2004 2490 2179 2540; x_wconf 91' lang='lat' dir='ltr'>cum</span> 
     </span>
     <span class='ocr_line' id='line_1_21' title="bbox 641 2580 2181 2682; baseline 0.002 -28"><span class='ocrx_word' id='word_1_107' title='bbox 641 2580 809 2656; x_wconf 89' lang='lat' dir='ltr'>istae</span> <span class='ocrx_word' id='word_1_108' title='bbox 888 2606 1142 2657; x_wconf 63' lang='lat' dir='ltr'>causa}</span> <span class='ocrx_word' id='word_1_109' title='bbox 1210 2594 1391 2658; x_wconf 89' lang='lat' dir='ltr'>sunt</span> <span class='ocrx_word' id='word_1_110' title='bbox 1467 2584 1794 2659; x_wconf 62' lang='lat' dir='ltr'>diversa}</span> <span class='ocrx_word' id='word_1_111' title='bbox 1873 2585 2181 2682; x_wconf 88' lang='lat' dir='ltr'>speciei,</span> 
     </span>
     <span class='ocr_line' id='line_1_22' title="bbox 638 2696 2184 2799; baseline 0.002 -29"><span class='ocrx_word' id='word_1_112' title='bbox 638 2696 945 2772; x_wconf 84' lang='lat' dir='ltr'>videtur</span> <span class='ocrx_word' id='word_1_113' title='bbox 1012 2700 1216 2795; x_wconf 89' lang='lat' dir='ltr'>quod</span> <span class='ocrx_word' id='word_1_114' title='bbox 1295 2708 1509 2773; x_wconf 86' lang='lat' dir='ltr'>actus</span> <span class='ocrx_word' id='word_1_115' title='bbox 1577 2699 1923 2799; x_wconf 73' lang='lat' dir='ltr'>praedicti</span> <span class='ocrx_word' id='word_1_116' title='bbox 2003 2710 2184 2775; x_wconf 91' lang='lat' dir='ltr'>sunt</span> 
     </span>
     <span class='ocr_line' id='line_1_23' title="bbox 640 2814 1308 2913; baseline 0 -25"><span class='ocrx_word' id='word_1_117' title='bbox 640 2814 967 2890; x_wconf 80' lang='lat' dir='ltr'>diversae</span> <span class='ocrx_word' id='word_1_118' title='bbox 1000 2815 1308 2913; x_wconf 89' lang='lat' dir='ltr'>speciei.</span> 
     </span>
    </p>

    <p class='ocr_par' dir='ltr' id='par_1_8' title="bbox 633 2931 2180 3359">
     <span class='ocr_line' id='line_1_24' title="bbox 737 2931 2180 3031; baseline 0.001 -26"><span class='ocrx_word' id='word_1_119' title='bbox 737 2931 1138 3007; x_wconf 86' lang='lat' dir='ltr'>Diceretur</span> <span class='ocrx_word' id='word_1_120' title='bbox 1184 2934 1368 3007; x_wconf 79' lang='lat' dir='ltr'>forte</span> <span class='ocrx_word' id='word_1_121' title='bbox 1423 2935 1630 3031; x_wconf 86' lang='lat' dir='ltr'>quod</span> <span class='ocrx_word' id='word_1_122' title='bbox 1692 2959 1845 3009; x_wconf 90' lang='lat' dir='ltr'>non</span> <span class='ocrx_word' id='word_1_123' title='bbox 1908 2943 2022 3009; x_wconf 88' lang='lat' dir='ltr'>cst</span> <span class='ocrx_word' id='word_1_124' title='bbox 2066 2935 2180 3006; x_wconf 89' lang='lat' dir='ltr'>in-</span> 
     </span>
     <span class='ocr_line' id='line_1_25' title="bbox 635 3050 2180 3137; baseline 0.002 -15"><span class='ocrx_word' id='word_1_125' title='bbox 635 3050 1136 3137; x_wconf 81' lang='lat' dir='ltr'>convenienS,</span> <span class='ocrx_word' id='word_1_126' title='bbox 1175 3050 1374 3124; x_wconf 86' lang='lat' dir='ltr'>sicut</span> <span class='ocrx_word' id='word_1_127' title='bbox 1417 3074 1555 3125; x_wconf 93' lang='lat' dir='ltr'>nec</span> <span class='ocrx_word' id='word_1_128' title='bbox 1589 3052 1680 3126; x_wconf 90' lang='lat' dir='ltr'>de</span> <span class='ocrx_word' id='word_1_129' title='bbox 1725 3052 2022 3126; x_wconf 84' lang='lat' dir='ltr'>actibus</span> <span class='ocrx_word' id='word_1_130' title='bbox 2057 3052 2180 3125; x_wconf 89' lang='lat' dir='ltr'>in-</span> 
     </span>
     <span class='ocr_line' id='line_1_26' title="bbox 633 3168 2178 3267; baseline 0.003 -28"><span class='ocrx_word' id='word_1_131' title='bbox 633 3168 985 3242; x_wconf 88' lang='lat' dir='ltr'>tellectus</span> <span class='ocrx_word' id='word_1_132' title='bbox 1055 3177 1407 3265; x_wconf 88' lang='lat' dir='ltr'>respectu</span> <span class='ocrx_word' id='word_1_133' title='bbox 1486 3169 1959 3267; x_wconf 86' lang='lat' dir='ltr'>objectorum</span> <span class='ocrx_word' id='word_1_134' title='bbox 2023 3171 2178 3243; x_wconf 88' lang='lat' dir='ltr'>lor-</span> 
     </span>
     <span class='ocr_line' id='line_1_27' title="bbox 633 3283 1481 3359; baseline 0.002 -3"><span class='ocrx_word' id='word_1_135' title='bbox 633 3283 935 3359; x_wconf 87' lang='lat' dir='ltr'>maliter</span> <span class='ocrx_word' id='word_1_136' title='bbox 975 3284 1481 3359; x_wconf 85' lang='lat' dir='ltr'>diversorum.</span> 
     </span>
    </p>

    <p class='ocr_par' dir='ltr' id='par_1_9' title="bbox 610 3402 2177 5503">
     <span class='ocr_line' id='line_1_28' title="bbox 728 3402 2177 3501; baseline 0.003 -26"><span class='ocrx_word' id='word_1_137' title='bbox 728 3405 1040 3497; x_wconf 78' lang='lat' dir='ltr'>Contra,</span> <span class='ocrx_word' id='word_1_138' title='bbox 1088 3404 1293 3501; x_wconf 89' lang='lat' dir='ltr'>quod</span> <span class='ocrx_word' id='word_1_139' title='bbox 1363 3402 1554 3478; x_wconf 84' lang='lat' dir='ltr'>fidos</span> <span class='ocrx_word' id='word_1_140' title='bbox 1614 3429 1767 3479; x_wconf 89' lang='lat' dir='ltr'>non</span> <span class='ocrx_word' id='word_1_141' title='bbox 1838 3407 2066 3481; x_wconf 87' lang='lat' dir='ltr'>habet</span> <span class='ocrx_word' id='word_1_142' title='bbox 2131 3430 2177 3480; x_wconf 90' lang='lat' dir='ltr'>a</span> 
     </span>
     <span class='ocr_line' id='line_1_29' title="bbox 622 3519 2175 3619; baseline 0.002 -25"><span class='ocrx_word' id='word_1_143' title='bbox 622 3529 839 3618; x_wconf 87' lang='lat' dir='ltr'>parte</span> <span class='ocrx_word' id='word_1_144' title='bbox 862 3519 1140 3616; x_wconf 87' lang='lat' dir='ltr'>objecti</span> <span class='ocrx_word' id='word_1_145' title='bbox 1175 3544 1493 3596; x_wconf 77' lang='lat' dir='ltr'>causare</span> <span class='ocrx_word' id='word_1_146' title='bbox 1519 3546 1952 3615; x_wconf 83' lang='lat' dir='ltr'>assensum,</span> <span class='ocrx_word' id='word_1_147' title='bbox 1989 3523 2175 3619; x_wconf 85' lang='lat' dir='ltr'>quia</span> 
     </span>
     <span class='ocr_line' id='line_1_30' title="bbox 618 3635 2170 3733; baseline 0.001 -23"><span class='ocrx_word' id='word_1_148' title='bbox 618 3635 976 3710; x_wconf 88' lang='lat' dir='ltr'>similiter</span> <span class='ocrx_word' id='word_1_149' title='bbox 1008 3645 1190 3710; x_wconf 88' lang='lat' dir='ltr'>tunc</span> <span class='ocrx_word' id='word_1_150' title='bbox 1240 3637 1484 3733; x_wconf 82' lang='lat' dir='ltr'>gratia</span> <span class='ocrx_word' id='word_1_151' title='bbox 1534 3648 1736 3713; x_wconf 89' lang='lat' dir='ltr'>esset</span> <span class='ocrx_word' id='word_1_152' title='bbox 1782 3637 2035 3712; x_wconf 86' lang='lat' dir='ltr'>infusa</span> <span class='ocrx_word' id='word_1_153' title='bbox 2076 3639 2170 3712; x_wconf 89' lang='lat' dir='ltr'>ad</span> 
     </span>
     <span class='ocr_line' id='line_1_31' title="bbox 613 3752 2171 3844; baseline 0.001 -18"><span class='ocrx_word' id='word_1_154' title='bbox 613 3752 1038 3828; x_wconf 88' lang='lat' dir='ltr'>creandum</span> <span class='ocrx_word' id='word_1_155' title='bbox 1116 3778 1548 3844; x_wconf 87' lang='lat' dir='ltr'>assensum,</span> <span class='ocrx_word' id='word_1_156' title='bbox 1615 3756 1791 3830; x_wconf 92' lang='lat' dir='ltr'>licet</span> <span class='ocrx_word' id='word_1_157' title='bbox 1851 3780 2005 3830; x_wconf 93' lang='lat' dir='ltr'>non</span> <span class='ocrx_word' id='word_1_158' title='bbox 2075 3755 2171 3830; x_wconf 89' lang='lat' dir='ltr'>ad</span> 
     </span>
     <span class='ocr_line' id='line_1_32' title="bbox 614 3872 2171 3972; baseline 0.002 -27"><span class='ocrx_word' id='word_1_159' title='bbox 614 3872 1243 3971; x_wconf 78' lang='lat' dir='ltr'>proesentandum</span> <span class='ocrx_word' id='word_1_160' title='bbox 1309 3874 1635 3970; x_wconf 87' lang='lat' dir='ltr'>objecta,</span> <span class='ocrx_word' id='word_1_161' title='bbox 1682 3875 1865 3972; x_wconf 86' lang='lat' dir='ltr'>quia</span> <span class='ocrx_word' id='word_1_162' title='bbox 1924 3874 1988 3948; x_wconf 88' lang='lat' dir='ltr'>si</span> <span class='ocrx_word' id='word_1_163' title='bbox 2034 3875 2171 3948; x_wconf 87' lang='lat' dir='ltr'>ob-</span> 
     </span>
     <span class='ocr_line' id='line_1_33' title="bbox 613 3989 2168 4089; baseline 0.002 -24"><span class='ocrx_word' id='word_1_164' title='bbox 613 3989 813 4088; x_wconf 83' lang='lat' dir='ltr'>jecta</span> <span class='ocrx_word' id='word_1_165' title='bbox 888 3998 1070 4065; x_wconf 88' lang='lat' dir='ltr'>sunt</span> <span class='ocrx_word' id='word_1_166' title='bbox 1139 3993 1656 4089; x_wconf 84' lang='lat' dir='ltr'>apprehensa,</span> <span class='ocrx_word' id='word_1_167' title='bbox 1733 3993 2168 4068; x_wconf 89' lang='lat' dir='ltr'>necessario</span> 
     </span>
     <span class='ocr_line' id='line_1_34' title="bbox 614 4108 2168 4205; baseline 0.003 -24"><span class='ocrx_word' id='word_1_168' title='bbox 614 4108 861 4205; x_wconf 86' lang='lat' dir='ltr'>gratia</span> <span class='ocrx_word' id='word_1_169' title='bbox 916 4133 1318 4183; x_wconf 88' lang='lat' dir='ltr'>assensum</span> <span class='ocrx_word' id='word_1_170' title='bbox 1364 4120 1630 4184; x_wconf 88' lang='lat' dir='ltr'>causat</span> <span class='ocrx_word' id='word_1_171' title='bbox 1675 4112 1766 4185; x_wconf 88' lang='lat' dir='ltr'>de</span> <span class='ocrx_word' id='word_1_172' title='bbox 1809 4111 1986 4185; x_wconf 90' lang='lat' dir='ltr'>illis.</span> <span class='ocrx_word' id='word_1_173' title='bbox 2043 4111 2168 4185; x_wconf 80' lang='lat' dir='ltr'>Sic</span> 
     </span>
     <span class='ocr_line' id='line_1_35' title="bbox 614 4223 2167 4303; baseline 0.003 -4"><span class='ocrx_word' id='word_1_174' title='bbox 614 4223 678 4300; x_wconf 86' lang='lat' dir='ltr'>si</span> <span class='ocrx_word' id='word_1_175' title='bbox 731 4226 924 4300; x_wconf 86' lang='lat' dir='ltr'>fides</span> <span class='ocrx_word' id='word_1_176' title='bbox 982 4238 1337 4303; x_wconf 79' lang='lat' dir='ltr'>causarct</span> <span class='ocrx_word' id='word_1_177' title='bbox 1379 4252 1781 4302; x_wconf 84' lang='lat' dir='ltr'>assensum</span> <span class='ocrx_word' id='word_1_178' title='bbox 1853 4226 1929 4301; x_wconf 90' lang='lat' dir='ltr'>in</span> <span class='ocrx_word' id='word_1_179' title='bbox 2002 4229 2167 4303; x_wconf 81' lang='lat' dir='ltr'>vice</span> 
     </span>
     <span class='ocr_line' id='line_1_36' title="bbox 614 4346 2167 4447; baseline 0.001 -27"><span class='ocrx_word' id='word_1_180' title='bbox 614 4347 923 4444; x_wconf 89' lang='lat' dir='ltr'>objecti,</span> <span class='ocrx_word' id='word_1_181' title='bbox 974 4357 1154 4422; x_wconf 89' lang='lat' dir='ltr'>tunc</span> <span class='ocrx_word' id='word_1_182' title='bbox 1196 4348 1289 4423; x_wconf 76' lang='lat' dir='ltr'>(le</span> <span class='ocrx_word' id='word_1_183' title='bbox 1347 4373 1547 4423; x_wconf 85' lang='lat' dir='ltr'>novo</span> <span class='ocrx_word' id='word_1_184' title='bbox 1611 4346 2064 4447; x_wconf 82' lang='lat' dir='ltr'>baptizatuS,</span> <span class='ocrx_word' id='word_1_185' title='bbox 2102 4350 2167 4422; x_wconf 90' lang='lat' dir='ltr'>si</span> 
     </span>
     <span class='ocr_line' id='line_1_37' title="bbox 615 4464 2169 4564; baseline 0.002 -27"><span class='ocrx_word' id='word_1_186' title='bbox 615 4464 896 4540; x_wconf 89' lang='lat' dir='ltr'>haheat</span> <span class='ocrx_word' id='word_1_187' title='bbox 962 4464 1192 4540; x_wconf 85' lang='lat' dir='ltr'>fidem</span> <span class='ocrx_word' id='word_1_188' title='bbox 1281 4466 1612 4541; x_wconf 84' lang='lat' dir='ltr'>infusam</span> <span class='ocrx_word' id='word_1_189' title='bbox 1683 4477 1756 4542; x_wconf 91' lang='lat' dir='ltr'>et</span> <span class='ocrx_word' id='word_1_190' title='bbox 1822 4492 2169 4564; x_wconf 68' lang='lat' dir='ltr'>prensen-</span> 
     </span>
     <span class='ocr_line' id='line_1_38' title="bbox 613 4580 2172 4678; baseline 0.004 -24"><span class='ocrx_word' id='word_1_191' title='bbox 613 4580 796 4655; x_wconf 87' lang='lat' dir='ltr'>tiam</span> <span class='ocrx_word' id='word_1_192' title='bbox 843 4583 1359 4678; x_wconf 85' lang='lat' dir='ltr'>credibilium,</span> <span class='ocrx_word' id='word_1_193' title='bbox 1402 4593 1481 4657; x_wconf 90' lang='lat' dir='ltr'>ut</span> <span class='ocrx_word' id='word_1_194' title='bbox 1521 4584 1613 4659; x_wconf 91' lang='lat' dir='ltr'>de</span> <span class='ocrx_word' id='word_1_195' title='bbox 1659 4585 2172 4660; x_wconf 85' lang='lat' dir='ltr'>resurrectio-</span> 
     </span>
     <span class='ocr_line' id='line_1_39' title="bbox 613 4702 2172 4796; baseline 0.004 -25"><span class='ocrx_word' id='word_1_196' title='bbox 613 4722 710 4773; x_wconf 90' lang='lat' dir='ltr'>ne</span> <span class='ocrx_word' id='word_1_197' title='bbox 771 4708 1283 4796; x_wconf 87' lang='lat' dir='ltr'>mortuorum,</span> <span class='ocrx_word' id='word_1_198' title='bbox 1341 4702 1781 4776; x_wconf 87' lang='lat' dir='ltr'>necessario</span> <span class='ocrx_word' id='word_1_199' title='bbox 1859 4705 2172 4778; x_wconf 86' lang='lat' dir='ltr'>habehit</span> 
     </span>
     <span class='ocr_line' id='line_1_40' title="bbox 616 4817 2167 4917; baseline 0.003 -28"><span class='ocrx_word' id='word_1_200' title='bbox 616 4838 1022 4891; x_wconf 89' lang='lat' dir='ltr'>assensum</span> <span class='ocrx_word' id='word_1_201' title='bbox 1077 4817 1336 4915; x_wconf 78' lang='lat' dir='ltr'>hujuS‚</span> <span class='ocrx_word' id='word_1_202' title='bbox 1390 4818 1680 4894; x_wconf 88' lang='lat' dir='ltr'>scilicet</span> <span class='ocrx_word' id='word_1_203' title='bbox 1719 4821 1926 4917; x_wconf 87' lang='lat' dir='ltr'>quod</span> <span class='ocrx_word' id='word_1_204' title='bbox 1971 4845 2167 4895; x_wconf 87' lang='lat' dir='ltr'>mor-</span> 
     </span>
     <span class='ocr_line' id='line_1_41' title="bbox 610 4932 2165 5031; baseline 0.002 -25"><span class='ocrx_word' id='word_1_205' title='bbox 610 4932 728 5007; x_wconf 82' lang='lat' dir='ltr'>tui</span> <span class='ocrx_word' id='word_1_206' title='bbox 787 4943 1220 5031; x_wconf 83' lang='lat' dir='ltr'>resurgent,</span> <span class='ocrx_word' id='word_1_207' title='bbox 1306 4946 1479 5011; x_wconf 90' lang='lat' dir='ltr'>ante</span> <span class='ocrx_word' id='word_1_208' title='bbox 1537 4961 1845 5011; x_wconf 89' lang='lat' dir='ltr'>omnem</span> <span class='ocrx_word' id='word_1_209' title='bbox 1912 4947 2165 5011; x_wconf 88' lang='lat' dir='ltr'>actum</span> 
     </span>
     <span class='ocr_line' id='line_1_42' title="bbox 615 5051 2169 5152; baseline 0.003 -27"><span class='ocrx_word' id='word_1_210' title='bbox 615 5051 1064 5146; x_wconf 81' lang='lat' dir='ltr'>voluntatiS,</span> <span class='ocrx_word' id='word_1_211' title='bbox 1111 5052 1296 5149; x_wconf 88' lang='lat' dir='ltr'>quia</span> <span class='ocrx_word' id='word_1_212' title='bbox 1355 5053 1662 5143; x_wconf 86' lang='lat' dir='ltr'>habitis,</span> <span class='ocrx_word' id='word_1_213' title='bbox 1735 5078 1911 5152; x_wconf 69' lang='lat' dir='ltr'>quae</span> <span class='ocrx_word' id='word_1_214' title='bbox 1979 5079 2169 5129; x_wconf 86' lang='lat' dir='ltr'>con-</span> 
     </span>
     <span class='ocr_line' id='line_1_43' title="bbox 618 5170 2164 5248; baseline 0.002 -5"><span class='ocrx_word' id='word_1_215' title='bbox 618 5178 937 5244; x_wconf 87' lang='lat' dir='ltr'>currunt</span> <span class='ocrx_word' id='word_1_216' title='bbox 998 5170 1092 5244; x_wconf 90' lang='lat' dir='ltr'>ad</span> <span class='ocrx_word' id='word_1_217' title='bbox 1154 5181 1406 5244; x_wconf 89' lang='lat' dir='ltr'>actum</span> <span class='ocrx_word' id='word_1_218' title='bbox 1468 5171 1827 5246; x_wconf 85' lang='lat' dir='ltr'>credendi</span> <span class='ocrx_word' id='word_1_219' title='bbox 1870 5172 1946 5245; x_wconf 91' lang='lat' dir='ltr'>in</span> <span class='ocrx_word' id='word_1_220' title='bbox 1991 5183 2164 5248; x_wconf 90' lang='lat' dir='ltr'>actu</span> 
     </span>
     <span class='ocr_line' id='line_1_44' title="bbox 619 5285 2158 5385; baseline 0.003 -26"><span class='ocrx_word' id='word_1_221' title='bbox 619 5285 896 5383; x_wconf 81' lang='lat' dir='ltr'>primO,</span> <span class='ocrx_word' id='word_1_222' title='bbox 972 5287 1407 5361; x_wconf 89' lang='lat' dir='ltr'>necessario</span> <span class='ocrx_word' id='word_1_223' title='bbox 1485 5288 1836 5385; x_wconf 85' lang='lat' dir='ltr'>sequitur</span> <span class='ocrx_word' id='word_1_224' title='bbox 1898 5298 2158 5382; x_wconf 86' lang='lat' dir='ltr'>actus3</span> 
     </span>
     <span class='ocr_line' id='line_1_45' title="bbox 620 5405 2162 5503; baseline 0.001 -26"><span class='ocrx_word' id='word_1_225' title='bbox 620 5425 1107 5500; x_wconf 88' lang='lat' dir='ltr'>consequens</span> <span class='ocrx_word' id='word_1_226' title='bbox 1181 5414 1295 5479; x_wconf 86' lang='lat' dir='ltr'>est</span> <span class='ocrx_word' id='word_1_227' title='bbox 1371 5405 1674 5500; x_wconf 84' lang='lat' dir='ltr'>salsum,</span> <span class='ocrx_word' id='word_1_228' title='bbox 1749 5407 1931 5503; x_wconf 90' lang='lat' dir='ltr'>quia</span> <span class='ocrx_word' id='word_1_229' title='bbox 2006 5430 2162 5480; x_wconf 90' lang='lat' dir='ltr'>non</span> 
     </span>
    </p>
   </div>
   <div class='ocr_carea' id='block_1_7' title="bbox 626 5640 2165 5740">
    <p class='ocr_par' dir='ltr' id='par_1_10' title="bbox 626 5640 2165 5740">
     <span class='ocr_line' id='line_1_46' title="bbox 626 5640 2165 5740; baseline 0.003 -28"><span class='ocrx_word' id='word_1_230' title='bbox 626 5647 830 5733; x_wconf 85' lang='lat' dir='ltr'>ante,</span> <span class='ocrx_word' id='word_1_231' title='bbox 876 5640 1023 5714; x_wconf 88' lang='lat' dir='ltr'>nisi</span> <span class='ocrx_word' id='word_1_232' title='bbox 1099 5652 1300 5716; x_wconf 87' lang='lat' dir='ltr'>esset</span> <span class='ocrx_word' id='word_1_233' title='bbox 1340 5642 1696 5737; x_wconf 83' lang='lat' dir='ltr'>edoctus;</span> <span class='ocrx_word' id='word_1_234' title='bbox 1734 5667 1916 5740; x_wconf 81' lang='lat' dir='ltr'>crgo</span> <span class='ocrx_word' id='word_1_235' title='bbox 1959 5644 2165 5718; x_wconf 88' lang='lat' dir='ltr'>vidc-</span> 
     </span>
    </p>
   </div>
   <div class='ocr_carea' id='block_1_8' title="bbox 2054 427 2458 498">
    <p class='ocr_par' dir='ltr' id='par_1_11' title="bbox 2054 427 2458 498">
     <span class='ocr_line' id='line_1_47' title="bbox 2054 427 2458 498; baseline 0.002 -2"><span class='ocrx_word' id='word_1_236' title='bbox 2054 429 2287 498; x_wconf 74' lang='lat' dir='ltr'>LIBRI</span> <span class='ocrx_word' id='word_1_237' title='bbox 2336 427 2458 497; x_wconf 84' lang='grc' dir='ltr'><strong>ΙΙΙ.</strong></span> 
     </span>
    </p>
   </div>
   <div class='ocr_carea' id='block_1_9' title="bbox 2275 595 3840 4555">
    <p class='ocr_par' dir='ltr' id='par_1_12' title="bbox 2287 595 3832 1144">
     <span class='ocr_line' id='line_1_48' title="bbox 2290 595 3829 698; baseline 0 -25"><span class='ocrx_word' id='word_1_238' title='bbox 2290 611 2411 673; x_wconf 91' lang='lat' dir='ltr'>tur</span> <span class='ocrx_word' id='word_1_239' title='bbox 2438 600 2640 697; x_wconf 83' lang='lat' dir='ltr'>quod</span> <span class='ocrx_word' id='word_1_240' title='bbox 2697 599 2888 673; x_wconf 84' lang='lat' dir='ltr'>fides</span> <span class='ocrx_word' id='word_1_241' title='bbox 2930 600 3305 698; x_wconf 87' lang='lat' dir='ltr'>acquisita</span> <span class='ocrx_word' id='word_1_242' title='bbox 3344 595 3649 685; x_wconf 80' lang='lat' dir='ltr'>sufficit,</span> <span class='ocrx_word' id='word_1_243' title='bbox 3689 620 3829 673; x_wconf 89' lang='lat' dir='ltr'>nec</span> 
     </span>
     <span class='ocr_line' id='line_1_49' title="bbox 2289 714 3832 812; baseline -0.003 -22"><span class='ocrx_word' id='word_1_244' title='bbox 2289 715 2680 812; x_wconf 84' lang='lat' dir='ltr'>experitur</span> <span class='ocrx_word' id='word_1_245' title='bbox 2711 715 2885 812; x_wconf 90' lang='lat' dir='ltr'>quis</span> <span class='ocrx_word' id='word_1_246' title='bbox 2912 715 3139 790; x_wconf 88' lang='lat' dir='ltr'>aliam</span> <span class='ocrx_word' id='word_1_247' title='bbox 3176 739 3349 790; x_wconf 86' lang='lat' dir='ltr'>curn</span> <span class='ocrx_word' id='word_1_248' title='bbox 3394 714 3523 788; x_wconf 87' lang='lat' dir='ltr'>tali</span> <span class='ocrx_word' id='word_1_249' title='bbox 3577 737 3832 788; x_wconf 89' lang='lat' dir='ltr'>assen-</span> 
     </span>
     <span class='ocr_line' id='line_1_50' title="bbox 2287 831 3827 931; baseline -0.001 -26"><span class='ocrx_word' id='word_1_250' title='bbox 2287 856 2405 925; x_wconf 88' lang='lat' dir='ltr'>su,</span> <span class='ocrx_word' id='word_1_251' title='bbox 2439 842 2511 905; x_wconf 89' lang='lat' dir='ltr'>et</span> <span class='ocrx_word' id='word_1_252' title='bbox 2546 834 2688 905; x_wconf 90' lang='lat' dir='ltr'>hoc</span> <span class='ocrx_word' id='word_1_253' title='bbox 2713 833 2808 906; x_wconf 92' lang='lat' dir='ltr'>sit</span> <span class='ocrx_word' id='word_1_254' title='bbox 2838 832 3039 907; x_wconf 89' lang='lat' dir='ltr'>circa</span> <span class='ocrx_word' id='word_1_255' title='bbox 3063 832 3483 931; x_wconf 82' lang='lat' dir='ltr'>principale</span> <span class='ocrx_word' id='word_1_256' title='bbox 3517 831 3827 917; x_wconf 84' lang='lat' dir='ltr'>dictum,</span> 
     </span>
     <span class='ocr_line' id='line_1_51' title="bbox 2287 952 3829 1048; baseline 0.001 -23"><span class='ocrx_word' id='word_1_257' title='bbox 2287 953 2492 1048; x_wconf 85' lang='lat' dir='ltr'>quod</span> <span class='ocrx_word' id='word_1_258' title='bbox 2553 977 2708 1026; x_wconf 91' lang='lat' dir='ltr'>non</span> <span class='ocrx_word' id='word_1_259' title='bbox 2776 956 2940 1028; x_wconf 87' lang='lat' dir='ltr'>sola</span> <span class='ocrx_word' id='word_1_260' title='bbox 3005 952 3196 1028; x_wconf 86' lang='lat' dir='ltr'>fides</span> <span class='ocrx_word' id='word_1_261' title='bbox 3256 962 3518 1027; x_wconf 87' lang='lat' dir='ltr'>causat</span> <span class='ocrx_word' id='word_1_262' title='bbox 3558 976 3829 1027; x_wconf 87' lang='lat' dir='ltr'>assen-</span> 
     </span>
     <span class='ocr_line' id='line_1_52' title="bbox 2289 1093 2489 1144; baseline 0 -1"><span class='ocrx_word' id='word_1_263' title='bbox 2289 1093 2489 1144; x_wconf 90' lang='lat' dir='ltr'>sum.</span> 
     </span>
    </p>

    <p class='ocr_par' dir='ltr' id='par_1_13' title="bbox 2275 1184 3840 4555">
     <span class='ocr_line' id='line_1_53' title="bbox 2388 1184 3827 1280; baseline -0.001 -20"><span class='ocrx_word' id='word_1_264' title='bbox 2388 1187 2800 1280; x_wconf 78' lang='lat' dir='ltr'>Praeterea,</span> <span class='ocrx_word' id='word_1_265' title='bbox 2837 1186 2899 1261; x_wconf 92' lang='lat' dir='ltr'>si</span> <span class='ocrx_word' id='word_1_266' title='bbox 2943 1187 3251 1261; x_wconf 87' lang='lat' dir='ltr'>habitus</span> <span class='ocrx_word' id='word_1_267' title='bbox 3318 1184 3496 1260; x_wconf 89' lang='lat' dir='ltr'>fidei</span> <span class='ocrx_word' id='word_1_268' title='bbox 3555 1184 3665 1259; x_wconf 89' lang='lat' dir='ltr'>sic</span> <span class='ocrx_word' id='word_1_269' title='bbox 3706 1184 3827 1258; x_wconf 93' lang='lat' dir='ltr'>in-</span> 
     </span>
     <span class='ocr_line' id='line_1_54' title="bbox 2290 1303 3825 1401; baseline -0.002 -24"><span class='ocrx_word' id='word_1_270' title='bbox 2290 1303 2520 1378; x_wconf 85' lang='lat' dir='ltr'>clinet</span> <span class='ocrx_word' id='word_1_271' title='bbox 2598 1304 3019 1401; x_wconf 88' lang='lat' dir='ltr'>potentiam</span> <span class='ocrx_word' id='word_1_272' title='bbox 3090 1304 3168 1376; x_wconf 93' lang='lat' dir='ltr'>in</span> <span class='ocrx_word' id='word_1_273' title='bbox 3237 1313 3520 1396; x_wconf 86' lang='lat' dir='ltr'>actum,</span> <span class='ocrx_word' id='word_1_274' title='bbox 3609 1303 3825 1376; x_wconf 92' lang='lat' dir='ltr'>nullo</span> 
     </span>
     <span class='ocr_line' id='line_1_55' title="bbox 2291 1420 3832 1518; baseline -0.003 -22"><span class='ocrx_word' id='word_1_275' title='bbox 2291 1423 2514 1496; x_wconf 90' lang='lat' dir='ltr'>modo</span> <span class='ocrx_word' id='word_1_276' title='bbox 2560 1430 2729 1497; x_wconf 90' lang='lat' dir='ltr'>actu</span> <span class='ocrx_word' id='word_1_277' title='bbox 2795 1420 3212 1496; x_wconf 82' lang='lat' dir='ltr'>voluntatis</span> <span class='ocrx_word' id='word_1_278' title='bbox 3262 1420 3533 1518; x_wconf 85' lang='lat' dir='ltr'>posite,</span> <span class='ocrx_word' id='word_1_279' title='bbox 3576 1428 3832 1517; x_wconf 90' lang='lat' dir='ltr'>posset</span> 
     </span>
     <span class='ocr_line' id='line_1_56' title="bbox 2289 1533 3832 1627; baseline -0.003 -14"><span class='ocrx_word' id='word_1_280' title='bbox 2289 1538 2628 1627; x_wconf 89' lang='lat' dir='ltr'>credere,</span> <span class='ocrx_word' id='word_1_281' title='bbox 2701 1538 2763 1610; x_wconf 89' lang='lat' dir='ltr'>si</span> <span class='ocrx_word' id='word_1_282' title='bbox 2843 1538 3161 1613; x_wconf 89' lang='lat' dir='ltr'>haberet</span> <span class='ocrx_word' id='word_1_283' title='bbox 3224 1536 3570 1611; x_wconf 89' lang='lat' dir='ltr'>habitum</span> <span class='ocrx_word' id='word_1_284' title='bbox 3653 1533 3832 1609; x_wconf 90' lang='lat' dir='ltr'>fidei</span> 
     </span>
     <span class='ocr_line' id='line_1_57' title="bbox 2288 1655 3831 1747; baseline -0.005 -15"><span class='ocrx_word' id='word_1_285' title='bbox 2288 1666 2462 1732; x_wconf 87' lang='lat' dir='ltr'>ante</span> <span class='ocrx_word' id='word_1_286' title='bbox 2506 1680 2813 1731; x_wconf 85' lang='lat' dir='ltr'>omnem</span> <span class='ocrx_word' id='word_1_287' title='bbox 2860 1667 3116 1731; x_wconf 87' lang='lat' dir='ltr'>actum</span> <span class='ocrx_word' id='word_1_288' title='bbox 3161 1655 3607 1747; x_wconf 79' lang='lat' dir='ltr'>voluntatis,</span> <span class='ocrx_word' id='word_1_289' title='bbox 3654 1675 3831 1727; x_wconf 89' lang='lat' dir='ltr'>cum</span> 
     </span>
     <span class='ocr_line' id='line_1_58' title="bbox 2286 1775 3834 1871; baseline -0.003 -21"><span class='ocrx_word' id='word_1_290' title='bbox 2286 1776 2592 1850; x_wconf 86' lang='lat' dir='ltr'>termini</span> <span class='ocrx_word' id='word_1_291' title='bbox 2649 1775 3146 1849; x_wconf 86' lang='lat' dir='ltr'>articulorum</span> <span class='ocrx_word' id='word_1_292' title='bbox 3191 1782 3505 1871; x_wconf 84' lang='lat' dir='ltr'>possent</span> <span class='ocrx_word' id='word_1_293' title='bbox 3552 1795 3834 1870; x_wconf 87' lang='lat' dir='ltr'>appre-</span> 
     </span>
     <span class='ocr_line' id='line_1_59' title="bbox 2290 1884 3827 1977; baseline -0.004 -15"><span class='ocrx_word' id='word_1_294' title='bbox 2290 1888 2520 1962; x_wconf 87' lang='lat' dir='ltr'>hendi</span> <span class='ocrx_word' id='word_1_295' title='bbox 2550 1897 2725 1963; x_wconf 90' lang='lat' dir='ltr'>ante</span> <span class='ocrx_word' id='word_1_296' title='bbox 2759 1911 3063 1961; x_wconf 90' lang='lat' dir='ltr'>omnem</span> <span class='ocrx_word' id='word_1_297' title='bbox 3091 1896 3345 1961; x_wconf 86' lang='lat' dir='ltr'>actum</span> <span class='ocrx_word' id='word_1_298' title='bbox 3383 1884 3827 1977; x_wconf 80' lang='lat' dir='ltr'>voluntatis,</span> 
     </span>
     <span class='ocr_line' id='line_1_60' title="bbox 2291 2002 3828 2080; baseline -0.004 0"><span class='ocrx_word' id='word_1_299' title='bbox 2291 2014 2364 2080; x_wconf 90' lang='lat' dir='ltr'>et</span> <span class='ocrx_word' id='word_1_300' title='bbox 2423 2005 2525 2079; x_wconf 85' lang='lat' dir='ltr'>ita</span> <span class='ocrx_word' id='word_1_301' title='bbox 2565 2006 2923 2079; x_wconf 82' lang='lat' dir='ltr'>voluntas</span> <span class='ocrx_word' id='word_1_302' title='bbox 2967 2005 3258 2077; x_wconf 88' lang='lat' dir='ltr'>nullam</span> <span class='ocrx_word' id='word_1_303' title='bbox 3303 2002 3828 2077; x_wconf 83' lang='lat' dir='ltr'>causalitatem</span> 
     </span>
     <span class='ocr_line' id='line_1_61' title="bbox 2290 2118 3833 2218; baseline -0.003 -23"><span class='ocrx_word' id='word_1_304' title='bbox 2290 2122 2608 2197; x_wconf 88' lang='lat' dir='ltr'>haberet</span> <span class='ocrx_word' id='word_1_305' title='bbox 2675 2130 3027 2218; x_wconf 86' lang='lat' dir='ltr'>respectu</span> <span class='ocrx_word' id='word_1_306' title='bbox 3117 2120 3350 2209; x_wconf 85' lang='lat' dir='ltr'>illius,</span> <span class='ocrx_word' id='word_1_307' title='bbox 3424 2118 3628 2216; x_wconf 87' lang='lat' dir='ltr'>quod</span> <span class='ocrx_word' id='word_1_308' title='bbox 3715 2127 3833 2193; x_wconf 88' lang='lat' dir='ltr'>est</span> 
     </span>
     <span class='ocr_line' id='line_1_62' title="bbox 2290 2235 3831 2335; baseline -0.003 -21"><span class='ocrx_word' id='word_1_309' title='bbox 2290 2248 2556 2314; x_wconf 89' lang='lat' dir='ltr'>contra</span> <span class='ocrx_word' id='word_1_310' title='bbox 2650 2238 3166 2335; x_wconf 77' lang='lat' dir='ltr'>Augustinum</span> <span class='ocrx_word' id='word_1_311' title='bbox 3231 2241 3448 2312; x_wconf 81' lang='lat' dir='ltr'>tract.</span> <span class='ocrx_word' id='word_1_312' title='bbox 3530 2235 3648 2307; x_wconf 81' lang='lat'>26.</span> <span class='ocrx_word' id='word_1_313' title='bbox 3749 2236 3831 2310; x_wconf 79' lang='lat' dir='ltr'>in</span> 
     </span>
     <span class='ocr_line' id='line_1_63' title="bbox 2285 2353 3833 2453; baseline -0.003 -23"><span class='ocrx_word' id='word_1_314' title='bbox 2285 2357 2515 2431; x_wconf 79' lang='lat' dir='ltr'>Joan.</span> <span class='ocrx_word' id='word_1_315' title='bbox 2572 2356 2755 2453; x_wconf 90' lang='lat' dir='ltr'>quia</span> <span class='ocrx_word' id='word_1_316' title='bbox 2799 2360 3076 2429; x_wconf 66' lang='lat' dir='ltr'>caetera</span> <span class='ocrx_word' id='word_1_317' title='bbox 3112 2358 3367 2451; x_wconf 78' lang='lat' dir='ltr'>potest</span> <span class='ocrx_word' id='word_1_318' title='bbox 3413 2353 3639 2426; x_wconf 78' lang='lat' dir='ltr'>homo</span> <span class='ocrx_word' id='word_1_319' title='bbox 3692 2376 3833 2427; x_wconf 81' lang='lat' dir='ltr'>no-</span> 
     </span>
     <span class='ocr_line' id='line_1_64' title="bbox 2292 2468 3832 2567; baseline -0.003 -19"><span class='ocrx_word' id='word_1_320' title='bbox 2292 2473 2481 2567; x_wconf 71' lang='lat' dir='ltr'>len-3,</span> <span class='ocrx_word' id='word_1_321' title='bbox 2527 2472 2836 2547; x_wconf 81' lang='lat' dir='ltr'>credere</span> <span class='ocrx_word' id='word_1_322' title='bbox 2878 2495 3032 2546; x_wconf 78' lang='lat' dir='ltr'>non</span> <span class='ocrx_word' id='word_1_323' title='bbox 3074 2471 3233 2545; x_wconf 79' lang='lat' dir='ltr'>nisi</span> <span class='ocrx_word' id='word_1_324' title='bbox 3270 2469 3558 2544; x_wconf 78' lang='lat' dir='ltr'>volens.</span> <span class='ocrx_word' id='word_1_325' title='bbox 3614 2468 3832 2544; x_wconf 90' lang='lat' dir='ltr'>Unde</span> 
     </span>
     <span class='ocr_line' id='line_1_65' title="bbox 2289 2585 3840 2665; baseline -0.005 0"><span class='ocrx_word' id='word_1_326' title='bbox 2289 2590 2350 2665; x_wconf 89' lang='lat' dir='ltr'>si</span> <span class='ocrx_word' id='word_1_327' title='bbox 2420 2589 2730 2664; x_wconf 85' lang='lat' dir='ltr'>habitus</span> <span class='ocrx_word' id='word_1_328' title='bbox 2771 2587 2948 2663; x_wconf 85' lang='lat' dir='ltr'>fidei</span> <span class='ocrx_word' id='word_1_329' title='bbox 3007 2596 3306 2662; x_wconf 86' lang='lat' dir='ltr'>tantum</span> <span class='ocrx_word' id='word_1_330' title='bbox 3371 2586 3687 2661; x_wconf 89' lang='lat' dir='ltr'>inclinet</span> <span class='ocrx_word' id='word_1_331' title='bbox 3728 2585 3840 2659; x_wconf 90' lang='lat' dir='ltr'>in-</span> 
     </span>
     <span class='ocr_line' id='line_1_66' title="bbox 2289 2706 3838 2802; baseline -0.001 -22"><span class='ocrx_word' id='word_1_332' title='bbox 2289 2710 2682 2783; x_wconf 86' lang='lat' dir='ltr'>tellectum</span> <span class='ocrx_word' id='word_1_333' title='bbox 2716 2708 2809 2781; x_wconf 91' lang='lat' dir='ltr'>ad</span> <span class='ocrx_word' id='word_1_334' title='bbox 2854 2706 3356 2799; x_wconf 88' lang='lat' dir='ltr'>credendum,</span> <span class='ocrx_word' id='word_1_335' title='bbox 3409 2716 3593 2780; x_wconf 82' lang='lat' dir='ltr'>tunc</span> <span class='ocrx_word' id='word_1_336' title='bbox 3634 2728 3838 2802; x_wconf 79' lang='lat' dir='ltr'>prae-</span> 
     </span>
     <span class='ocr_line' id='line_1_67' title="bbox 2288 2824 3839 2900; baseline -0.002 -1"><span class='ocrx_word' id='word_1_337' title='bbox 2288 2836 2404 2900; x_wconf 87' lang='lat' dir='ltr'>ter</span> <span class='ocrx_word' id='word_1_338' title='bbox 2461 2826 2808 2900; x_wconf 90' lang='lat' dir='ltr'>habitum</span> <span class='ocrx_word' id='word_1_339' title='bbox 2869 2824 3370 2899; x_wconf 86' lang='lat' dir='ltr'>inclinantem</span> <span class='ocrx_word' id='word_1_340' title='bbox 3427 2824 3523 2897; x_wconf 86' lang='lat' dir='ltr'>ad</span> <span class='ocrx_word' id='word_1_341' title='bbox 3582 2846 3839 2898; x_wconf 84' lang='lat' dir='ltr'>assen-</span> 
     </span>
     <span class='ocr_line' id='line_1_68' title="bbox 2288 2940 3837 3041; baseline -0.003 -22"><span class='ocrx_word' id='word_1_342' title='bbox 2288 2968 2490 3036; x_wconf 89' lang='lat' dir='ltr'>sum,</span> <span class='ocrx_word' id='word_1_343' title='bbox 2528 2952 2828 3041; x_wconf 86' lang='lat' dir='ltr'>oportet</span> <span class='ocrx_word' id='word_1_344' title='bbox 2853 2965 3140 3041; x_wconf 87' lang='lat' dir='ltr'>ponere</span> <span class='ocrx_word' id='word_1_345' title='bbox 3173 2940 3522 3015; x_wconf 86' lang='lat' dir='ltr'>habitum</span> <span class='ocrx_word' id='word_1_346' title='bbox 3552 2963 3837 3037; x_wconf 80' lang='lat' dir='ltr'>reprae-</span> 
     </span>
     <span class='ocr_line' id='line_1_69' title="bbox 2288 3057 3827 3156; baseline -0.005 -20"><span class='ocrx_word' id='word_1_347' title='bbox 2288 3070 2721 3137; x_wconf 88' lang='lat' dir='ltr'>sentantem</span> <span class='ocrx_word' id='word_1_348' title='bbox 2761 3059 3084 3156; x_wconf 88' lang='lat' dir='ltr'>objecta,</span> <span class='ocrx_word' id='word_1_349' title='bbox 3132 3082 3305 3133; x_wconf 90' lang='lat' dir='ltr'>cum</span> <span class='ocrx_word' id='word_1_350' title='bbox 3363 3081 3517 3132; x_wconf 91' lang='lat' dir='ltr'>non</span> <span class='ocrx_word' id='word_1_351' title='bbox 3563 3057 3827 3132; x_wconf 86' lang='lat' dir='ltr'>sintin</span> 
     </span>
     <span class='ocr_line' id='line_1_70' title="bbox 2286 3173 3834 3273; baseline -0.004 -21"><span class='ocrx_word' id='word_1_352' title='bbox 2286 3179 2416 3252; x_wconf 93' lang='lat' dir='ltr'>illo</span> <span class='ocrx_word' id='word_1_353' title='bbox 2480 3177 2746 3252; x_wconf 85' lang='lat' dir='ltr'>habitu</span> <span class='ocrx_word' id='word_1_354' title='bbox 2821 3175 3221 3250; x_wconf 86' lang='lat' dir='ltr'>credibilia</span> <span class='ocrx_word' id='word_1_355' title='bbox 3254 3173 3691 3273; x_wconf 85' lang='lat' dir='ltr'>praesentia,</span> <span class='ocrx_word' id='word_1_356' title='bbox 3761 3182 3834 3248; x_wconf 91' lang='lat' dir='ltr'>et</span> 
     </span>
     <span class='ocr_line' id='line_1_71' title="bbox 2284 3286 3827 3390; baseline -0.003 -26"><span class='ocrx_word' id='word_1_357' title='bbox 2284 3298 2584 3390; x_wconf 88' lang='lat' dir='ltr'>oportet</span> <span class='ocrx_word' id='word_1_358' title='bbox 2622 3290 2829 3388; x_wconf 90' lang='lat' dir='ltr'>quod</span> <span class='ocrx_word' id='word_1_359' title='bbox 2861 3286 3265 3362; x_wconf 89' lang='lat' dir='ltr'>credibilia</span> <span class='ocrx_word' id='word_1_360' title='bbox 3304 3287 3567 3384; x_wconf 90' lang='lat' dir='ltr'>aliquo</span> <span class='ocrx_word' id='word_1_361' title='bbox 3603 3286 3827 3360; x_wconf 90' lang='lat' dir='ltr'>modo</span> 
     </span>
     <span class='ocr_line' id='line_1_72' title="bbox 2282 3401 3830 3502; baseline -0.003 -20"><span class='ocrx_word' id='word_1_362' title='bbox 2282 3407 2432 3482; x_wconf 87' lang='lat' dir='ltr'>sint</span> <span class='ocrx_word' id='word_1_363' title='bbox 2465 3415 2774 3481; x_wconf 86' lang='lat' dir='ltr'>ostensa</span> <span class='ocrx_word' id='word_1_364' title='bbox 2816 3416 2889 3480; x_wconf 93' lang='lat' dir='ltr'>et</span> <span class='ocrx_word' id='word_1_365' title='bbox 2924 3412 3474 3502; x_wconf 84' lang='lat' dir='ltr'>repraesentata</span> <span class='ocrx_word' id='word_1_366' title='bbox 3522 3401 3830 3478; x_wconf 87' lang='lat' dir='ltr'>intelle-</span> 
     </span>
     <span class='ocr_line' id='line_1_73' title="bbox 2283 3510 3834 3621; baseline -0.003 -22"><span class='ocrx_word' id='word_1_367' title='bbox 2283 3510 2468 3619; x_wconf 88' lang='lat' dir='ltr'>ctui,</span> <span class='ocrx_word' id='word_1_368' title='bbox 2506 3524 2598 3598; x_wconf 90' lang='lat' dir='ltr'>ad</span> <span class='ocrx_word' id='word_1_369' title='bbox 2637 3526 2776 3598; x_wconf 90' lang='lat' dir='ltr'>hoc</span> <span class='ocrx_word' id='word_1_370' title='bbox 2819 3523 3023 3621; x_wconf 89' lang='lat' dir='ltr'>quod</span> <span class='ocrx_word' id='word_1_371' title='bbox 3074 3521 3834 3618; x_wconf 86' lang='lat' dir='ltr'>credantur.Oportet</span> 
     </span>
     <span class='ocr_line' id='line_1_74' title="bbox 2280 3637 3831 3740; baseline -0.003 -24"><span class='ocrx_word' id='word_1_372' title='bbox 2280 3665 2462 3738; x_wconf 84' lang='lat' dir='ltr'>ergo</span> <span class='ocrx_word' id='word_1_373' title='bbox 2495 3665 2785 3740; x_wconf 84' lang='lat' dir='ltr'>ponere</span> <span class='ocrx_word' id='word_1_374' title='bbox 2821 3641 3015 3714; x_wconf 91' lang='lat' dir='ltr'>duos</span> <span class='ocrx_word' id='word_1_375' title='bbox 3041 3639 3353 3714; x_wconf 87' lang='lat' dir='ltr'>habitus</span> <span class='ocrx_word' id='word_1_376' title='bbox 3378 3639 3455 3711; x_wconf 93' lang='lat' dir='ltr'>in</span> <span class='ocrx_word' id='word_1_377' title='bbox 3483 3637 3831 3736; x_wconf 87' lang='lat' dir='ltr'>quolibet</span> 
     </span>
     <span class='ocr_line' id='line_1_75' title="bbox 2275 3757 3829 3857; baseline -0.004 -24"><span class='ocrx_word' id='word_1_378' title='bbox 2275 3762 2693 3857; x_wconf 76' lang='lat' dir='ltr'>Tllcologo,</span> <span class='ocrx_word' id='word_1_379' title='bbox 2733 3769 2806 3832; x_wconf 85' lang='lat' dir='ltr'>et</span> <span class='ocrx_word' id='word_1_380' title='bbox 2849 3757 3059 3832; x_wconf 83' lang='lat' dir='ltr'>fideli</span> <span class='ocrx_word' id='word_1_381' title='bbox 3092 3757 3534 3842; x_wconf 87' lang='lat' dir='ltr'>intellectu;</span> <span class='ocrx_word' id='word_1_382' title='bbox 3587 3778 3829 3829; x_wconf 92' lang='lat' dir='ltr'>unum</span> 
     </span>
     <span class='ocr_line' id='line_1_76' title="bbox 2280 3869 3828 3973; baseline -0.005 -23"><span class='ocrx_word' id='word_1_383' title='bbox 2280 3898 2433 3973; x_wconf 85' lang='lat' dir='ltr'>quo</span> <span class='ocrx_word' id='word_1_384' title='bbox 2512 3883 2918 3950; x_wconf 91' lang='lat' dir='ltr'>occurrant</span> <span class='ocrx_word' id='word_1_385' title='bbox 3020 3873 3151 3947; x_wconf 89' lang='lat' dir='ltr'>illa</span> <span class='ocrx_word' id='word_1_386' title='bbox 3237 3869 3660 3964; x_wconf 86' lang='lat' dir='ltr'>credibilia,</span> <span class='ocrx_word' id='word_1_387' title='bbox 3746 3877 3828 3943; x_wconf 91' lang='lat' dir='ltr'>ut</span> 
     </span>
     <span class='ocr_line' id='line_1_77' title="bbox 2276 3986 3825 4088; baseline -0.004 -21"><span class='ocrx_word' id='word_1_388' title='bbox 2276 4004 2553 4069; x_wconf 82' lang='lat' dir='ltr'>neutra</span> <span class='ocrx_word' id='word_1_389' title='bbox 2597 4021 2615 4087; x_wconf 86' lang='lat'><em>3</em></span> <span class='ocrx_word' id='word_1_390' title='bbox 2701 4003 2774 4067; x_wconf 92' lang='lat' dir='ltr'>et</span> <span class='ocrx_word' id='word_1_391' title='bbox 2856 3991 3093 4066; x_wconf 89' lang='lat' dir='ltr'>alium</span> <span class='ocrx_word' id='word_1_392' title='bbox 3170 4013 3325 4088; x_wconf 91' lang='lat' dir='ltr'>quo</span> <span class='ocrx_word' id='word_1_393' title='bbox 3409 3986 3825 4064; x_wconf 89' lang='lat' dir='ltr'>assentitur</span> 
     </span>
     <span class='ocr_line' id='line_1_78' title="bbox 2276 4106 3824 4205; baseline -0.004 -22"><span class='ocrx_word' id='word_1_394' title='bbox 2276 4111 2455 4184; x_wconf 89' lang='lat' dir='ltr'>illis.</span> <span class='ocrx_word' id='word_1_395' title='bbox 2494 4110 2655 4184; x_wconf 88' lang='lat' dir='ltr'>Hoc</span> <span class='ocrx_word' id='word_1_396' title='bbox 2688 4133 2872 4205; x_wconf 85' lang='lat' dir='ltr'>ergo</span> <span class='ocrx_word' id='word_1_397' title='bbox 2903 4108 3192 4183; x_wconf 90' lang='lat' dir='ltr'>dictum</span> <span class='ocrx_word' id='word_1_398' title='bbox 3234 4106 3331 4181; x_wconf 90' lang='lat' dir='ltr'>sit</span> <span class='ocrx_word' id='word_1_399' title='bbox 3362 4130 3499 4203; x_wconf 86' lang='lat' dir='ltr'>pro</span> <span class='ocrx_word' id='word_1_400' title='bbox 3538 4128 3824 4180; x_wconf 90' lang='lat' dir='ltr'>secun-</span> 
     </span>
     <span class='ocr_line' id='line_1_79' title="bbox 2275 4226 3823 4325; baseline -0.003 -23"><span class='ocrx_word' id='word_1_401' title='bbox 2275 4228 2371 4302; x_wconf 92' lang='lat' dir='ltr'>do</span> <span class='ocrx_word' id='word_1_402' title='bbox 2405 4229 2754 4322; x_wconf 88' lang='lat' dir='ltr'>articulo,</span> <span class='ocrx_word' id='word_1_403' title='bbox 2803 4226 2985 4325; x_wconf 86' lang='lat' dir='ltr'>quia</span> <span class='ocrx_word' id='word_1_404' title='bbox 3052 4250 3208 4299; x_wconf 92' lang='lat' dir='ltr'>non</span> <span class='ocrx_word' id='word_1_405' title='bbox 3260 4234 3373 4300; x_wconf 86' lang='lat' dir='ltr'>est</span> <span class='ocrx_word' id='word_1_406' title='bbox 3413 4232 3704 4299; x_wconf 90' lang='lat' dir='ltr'>certum</span> <span class='ocrx_word' id='word_1_407' title='bbox 3749 4234 3823 4298; x_wconf 91' lang='lat' dir='ltr'>et</span> 
     </span>
     <span class='ocr_line' id='line_1_80' title="bbox 2277 4340 3824 4444; baseline -0.004 -25"><span class='ocrx_word' id='word_1_408' title='bbox 2277 4348 2795 4437; x_wconf 79' lang='lat' dir='ltr'>manifestum,</span> <span class='ocrx_word' id='word_1_409' title='bbox 2878 4346 2973 4421; x_wconf 89' lang='lat' dir='ltr'>ad</span> <span class='ocrx_word' id='word_1_410' title='bbox 3050 4343 3235 4444; x_wconf 90' lang='lat' dir='ltr'>quid</span> <span class='ocrx_word' id='word_1_411' title='bbox 3304 4342 3665 4442; x_wconf 90' lang='lat' dir='ltr'>ponenda</span> <span class='ocrx_word' id='word_1_412' title='bbox 3726 4340 3824 4415; x_wconf 90' lang='lat' dir='ltr'>sit</span> 
     </span>
     <span class='ocr_line' id='line_1_81' title="bbox 2275 4456 3823 4555; baseline -0.004 -17"><span class='ocrx_word' id='word_1_413' title='bbox 2275 4464 2466 4540; x_wconf 84' lang='lat' dir='ltr'>fides</span> <span class='ocrx_word' id='word_1_414' title='bbox 2527 4465 2779 4540; x_wconf 81' lang='lat' dir='ltr'>inlusa</span> <span class='ocrx_word' id='word_1_415' title='bbox 2868 4463 2943 4537; x_wconf 91' lang='lat' dir='ltr'>in</span> <span class='ocrx_word' id='word_1_416' title='bbox 3015 4462 3265 4555; x_wconf 87' lang='lat' dir='ltr'>nobis,</span> <span class='ocrx_word' id='word_1_417' title='bbox 3358 4460 3557 4534; x_wconf 91' lang='lat' dir='ltr'>sicut</span> <span class='ocrx_word' id='word_1_418' title='bbox 3631 4456 3823 4532; x_wconf 87' lang='lat' dir='ltr'>fides</span> 
     </span>
    </p>
   </div>
   <div class='ocr_carea' id='block_1_10' title="bbox 2275 4582 2676 4681">
    <p class='ocr_par' dir='ltr' id='par_1_14' title="bbox 2275 4582 2676 4681">
     <span class='ocr_line' id='line_1_82' title="bbox 2275 4582 2676 4681; baseline -0.01 -21"><span class='ocrx_word' id='word_1_419' title='bbox 2275 4582 2676 4681; x_wconf 80' lang='lat' dir='ltr'>acquisita.</span> 
     </span>
    </p>
   </div>
   <div class='ocr_carea' id='block_1_11' title="bbox 2806 4881 3280 4940">
    <p class='ocr_par' dir='ltr' id='par_1_15' title="bbox 2806 4881 3280 4940">
     <span class='ocr_line' id='line_1_83' title="bbox 2806 4881 3280 4940; baseline -0.008 0"><span class='ocrx_word' id='word_1_420' title='bbox 2806 4881 3170 4940; x_wconf 81' lang='lat' dir='ltr'>SCHOLiUM</span> <span class='ocrx_word' id='word_1_421' title='bbox 3215 4884 3280 4936; x_wconf 90' lang='lat' dir='ltr'>V.</span> 
     </span>
    </p>
   </div>
   <div class='ocr_carea' id='block_1_12' title="bbox 2270 5024 3820 5738">
    <p class='ocr_par' dir='ltr' id='par_1_16' title="bbox 2270 5024 3820 5738">
     <span class='ocr_line' id='line_1_84' title="bbox 2342 5024 3820 5100; baseline -0.006 -13"><span class='ocrx_word' id='word_1_422' title='bbox 2342 5033 2505 5090; x_wconf 83' lang='lat' dir='ltr'>Fides</span> <span class='ocrx_word' id='word_1_423' title='bbox 2537 5031 2733 5087; x_wconf 78' lang='lat' dir='ltr'>inlusa</span> <span class='ocrx_word' id='word_1_424' title='bbox 2792 5031 3058 5100; x_wconf 81' lang='lat' dir='ltr'>ponenda</span> <span class='ocrx_word' id='word_1_425' title='bbox 3116 5031 3222 5094; x_wconf 81' lang='lat' dir='ltr'>est,</span> <span class='ocrx_word' id='word_1_426' title='bbox 3287 5043 3399 5082; x_wconf 89' lang='lat' dir='ltr'>non</span> <span class='ocrx_word' id='word_1_427' title='bbox 3450 5025 3695 5088; x_wconf 83' lang='lat' dir='ltr'>ratione,</span> <span class='ocrx_word' id='word_1_428' title='bbox 3718 5024 3820 5080; x_wconf 80' lang='lat' dir='ltr'>sed</span> 
     </span>
     <span class='ocr_line' id='line_1_85' title="bbox 2273 5113 3818 5186; baseline -0.008 -5"><span class='ocrx_word' id='word_1_429' title='bbox 2273 5125 2610 5182; x_wconf 81' lang='lat' dir='ltr'>auctoritate</span> <span class='ocrx_word' id='word_1_430' title='bbox 2642 5120 3034 5178; x_wconf 89' lang='lat' dir='ltr'>Conciliorum</span> <span class='ocrx_word' id='word_1_431' title='bbox 3068 5125 3124 5174; x_wconf 89' lang='lat' dir='ltr'>et</span> <span class='ocrx_word' id='word_1_432' title='bbox 3154 5121 3413 5183; x_wconf 72' lang='lat' dir='ltr'>Petrum,</span> <span class='ocrx_word' id='word_1_433' title='bbox 3446 5121 3502 5172; x_wconf 81' lang='lat' dir='ltr'>et</span> <span class='ocrx_word' id='word_1_434' title='bbox 3546 5113 3818 5186; x_wconf 86' lang='lat' dir='ltr'>Scriptu-</span> 
     </span>
     <span class='ocr_line' id='line_1_86' title="bbox 2272 5204 3817 5286; baseline -0.008 -14"><span class='ocrx_word' id='word_1_435' title='bbox 2272 5233 2347 5273; x_wconf 83' lang='lat' dir='ltr'>rae</span> <span class='ocrx_word' id='word_1_436' title='bbox 2380 5231 2524 5286; x_wconf 87' lang='lat' dir='ltr'>;pro</span> <span class='ocrx_word' id='word_1_437' title='bbox 2572 5214 2682 5269; x_wconf 86' lang='lat' dir='ltr'>hoc</span> <span class='ocrx_word' id='word_1_438' title='bbox 2733 5212 2861 5267; x_wconf 82' lang='lat' dir='ltr'>vide</span> <span class='ocrx_word' id='word_1_439' title='bbox 2907 5212 2966 5266; x_wconf 91' lang='lat' dir='ltr'>in</span> <span class='ocrx_word' id='word_1_440' title='bbox 3020 5208 3201 5265; x_wconf 80' lang='lat' dir='ltr'>Oxou.</span> <span class='ocrx_word' id='word_1_441' title='bbox 3254 5207 3315 5263; x_wconf 87' lang='lat' dir='ltr'>in</span> <span class='ocrx_word' id='word_1_442' title='bbox 3365 5204 3595 5262; x_wconf 88' lang='lat' dir='ltr'>Scholio</span> <span class='ocrx_word' id='word_1_443' title='bbox 3640 5221 3697 5260; x_wconf 91' lang='lat' dir='ltr'>n.</span> <span class='ocrx_word' id='word_1_444' title='bbox 3728 5204 3817 5260; x_wconf 77' lang='lat'>44.</span> 
     </span>
     <span class='ocr_line' id='line_1_87' title="bbox 2270 5292 3820 5375; baseline -0.008 -13"><span class='ocrx_word' id='word_1_445' title='bbox 2270 5305 2559 5374; x_wconf 81' lang='lat' dir='ltr'>SecundO,</span> <span class='ocrx_word' id='word_1_446' title='bbox 2596 5300 2892 5375; x_wconf 83' lang='lat' dir='ltr'>probabile</span> <span class='ocrx_word' id='word_1_447' title='bbox 2923 5300 3004 5356; x_wconf 81' lang='lat' dir='ltr'>ait</span> <span class='ocrx_word' id='word_1_448' title='bbox 3050 5297 3224 5355; x_wconf 82' lang='lat' dir='ltr'>simul</span> <span class='ocrx_word' id='word_1_449' title='bbox 3272 5295 3500 5353; x_wconf 79' lang='lat' dir='ltr'>infundi</span> <span class='ocrx_word' id='word_1_450' title='bbox 3555 5300 3671 5351; x_wconf 75' lang='lat' dir='ltr'>tres</span> <span class='ocrx_word' id='word_1_451' title='bbox 3710 5292 3820 5350; x_wconf 87' lang='lat' dir='ltr'>vir·</span> 
     </span>
     <span class='ocr_line' id='line_1_88' title="bbox 2272 5387 3817 5464; baseline -0.008 -12"><span class='ocrx_word' id='word_1_452' title='bbox 2272 5401 2424 5453; x_wconf 86' lang='lat' dir='ltr'>tutes</span> <span class='ocrx_word' id='word_1_453' title='bbox 2448 5392 2849 5464; x_wconf 69' lang='lat' dir='ltr'>TheologicaS,</span> <span class='ocrx_word' id='word_1_454' title='bbox 2882 5408 2949 5447; x_wconf 81' lang='lat' dir='ltr'>ex</span> <span class='ocrx_word' id='word_1_455' title='bbox 2979 5390 3143 5446; x_wconf 87' lang='lat' dir='ltr'>Trid.</span> <span class='ocrx_word' id='word_1_456' title='bbox 3169 5405 3314 5445; x_wconf 83' lang='lat' dir='ltr'>sess.</span> <span class='ocrx_word' id='word_1_457' title='bbox 3363 5388 3419 5442; x_wconf 85' lang='lat'>6.</span> <span class='ocrx_word' id='word_1_458' title='bbox 3473 5402 3598 5458; x_wconf 78' lang='lat' dir='ltr'>cap.</span> <span class='ocrx_word' id='word_1_459' title='bbox 3629 5387 3683 5439; x_wconf 88' lang='lat'>7.</span> <span class='ocrx_word' id='word_1_460' title='bbox 3718 5401 3817 5456; x_wconf 85' lang='lat' dir='ltr'>pru</span> 
     </span>
     <span class='ocr_line' id='line_1_89' title="bbox 2271 5477 3816 5560; baseline -0.008 -16"><span class='ocrx_word' id='word_1_461' title='bbox 2271 5504 2386 5560; x_wconf 89' lang='lat' dir='ltr'>quo</span> <span class='ocrx_word' id='word_1_462' title='bbox 2419 5485 2616 5558; x_wconf 82' lang='lat' dir='ltr'>plures</span> <span class='ocrx_word' id='word_1_463' title='bbox 2648 5483 2726 5541; x_wconf 86' lang='lat' dir='ltr'>ibi</span> <span class='ocrx_word' id='word_1_464' title='bbox 2760 5482 2950 5539; x_wconf 77' lang='lat' dir='ltr'>citavi.</span> <span class='ocrx_word' id='word_1_465' title='bbox 2981 5480 3197 5549; x_wconf 84' lang='lat' dir='ltr'>Tertio,</span> <span class='ocrx_word' id='word_1_466' title='bbox 3240 5479 3321 5535; x_wconf 80' lang='lat' dir='ltr'>ait</span> <span class='ocrx_word' id='word_1_467' title='bbox 3350 5477 3520 5534; x_wconf 82' lang='lat' dir='ltr'>fidem</span> <span class='ocrx_word' id='word_1_468' title='bbox 3554 5491 3683 5533; x_wconf 85' lang='lat' dir='ltr'>cum</span> <span class='ocrx_word' id='word_1_469' title='bbox 3712 5491 3816 5547; x_wconf 88' lang='lat' dir='ltr'>po-</span> 
     </span>
     <span class='ocr_line' id='line_1_90' title="bbox 2275 5565 3817 5638; baseline -0.009 -4"><span class='ocrx_word' id='word_1_470' title='bbox 2275 5577 2452 5634; x_wconf 81' lang='lat' dir='ltr'>tentia</span> <span class='ocrx_word' id='word_1_471' title='bbox 2482 5575 2655 5633; x_wconf 89' lang='lat' dir='ltr'>simul</span> <span class='ocrx_word' id='word_1_472' title='bbox 2695 5588 3037 5630; x_wconf 75' lang='lat' dir='ltr'>concurrere</span> <span class='ocrx_word' id='word_1_473' title='bbox 3062 5573 3131 5627; x_wconf 83' lang='lat' dir='ltr'>ad</span> <span class='ocrx_word' id='word_1_474' title='bbox 3167 5575 3386 5637; x_wconf 85' lang='lat' dir='ltr'>aetum,</span> <span class='ocrx_word' id='word_1_475' title='bbox 3418 5573 3475 5624; x_wconf 85' lang='lat' dir='ltr'>et</span> <span class='ocrx_word' id='word_1_476' title='bbox 3506 5583 3621 5623; x_wconf 90' lang='lat' dir='ltr'>non</span> <span class='ocrx_word' id='word_1_477' title='bbox 3654 5565 3817 5638; x_wconf 86' lang='lat' dir='ltr'>ponit</span> 
     </span>
     <span class='ocr_line' id='line_1_91' title="bbox 2274 5652 3812 5738; baseline -0.008 -14"><span class='ocrx_word' id='word_1_478' title='bbox 2274 5672 2503 5724; x_wconf 80' lang='lat' dir='ltr'>tantum</span> <span class='ocrx_word' id='word_1_479' title='bbox 2560 5672 2790 5738; x_wconf 84' lang='lat' dir='ltr'>propter</span> <span class='ocrx_word' id='word_1_480' title='bbox 2856 5663 3142 5737; x_wconf 81' lang='lat' dir='ltr'>graduum</span> <span class='ocrx_word' id='word_1_481' title='bbox 3202 5658 3612 5718; x_wconf 76' lang='lat' dir='ltr'>intensionem.</span> <span class='ocrx_word' id='word_1_482' title='bbox 3669 5652 3812 5712; x_wconf 78' lang='lat' dir='ltr'>vide</span> 
     </span>
    </p>
   </div>
   <div class='ocr_carea' id='block_1_13' title="bbox 3964 1205 4069 1271">
    <p class='ocr_par' dir='ltr' id='par_1_17' title="bbox 3964 1205 4069 1271">
     <span class='ocr_line' id='line_1_92' title="bbox 3964 1205 4069 1271; baseline 0.01 -1"><span class='ocrx_word' id='word_1_483' title='bbox 3964 1205 4069 1271; x_wconf 83' lang='lat'>16.</span> 
     </span>
    </p>
   </div>
  </div>
 </body>
</html>
