4295 6326
1441 528 1668 597 DIST.
1718 525 1939 595 XVII.
1994 524 2412 605 QUAESTIO
2460 524 2490 593 1
2536 526 2646 593 ΕΤ
2692 524 2782 596 ΙΙ.

3547 525 3676 593 375

950 924 2392 1253 DISTINCTIO
2543 1064 3169 1250 XVII.

985 1757 1392 1839 QUAESTIO
1441 1761 1494 1827 1.

2620 1758 3028 1839 QUAESTIO
3077 1761 3161 1830 11.

468 1931 712 1996 Utrum
732 1927 808 1994 in
851 1927 1127 1996 Christo
1164 1926 1311 1993 sint
1340 1924 1497 1993 duae
1533 1923 1921 1995 voluntates
1966 1924 2008 1992 P
2121 1932 2370 1999 Utrum
2402 1932 2718 2001 Christus
2764 1929 3043 2019 aliquid
3091 1926 3335 2012 voluit,
3369 1930 3479 1996 vel
3536 1929 3663 1996 ali·

459 2143 660 2200 Ateus.
712 2144 770 2201 ἴ).
818 2157 874 2212 p.
914 2157 967 2213 q.
1017 2141 1104 2197 15.
1152 2155 1230 2194 m.
1279 2155 1319 2195 ι.
1366 2143 1472 2195 art.
1530 2138 1584 2195 1.
1612 2138 1665 2193 2.
1698 2141 1766 2195 D.
1794 2137 2001 2195 Thom.

531 2222 721 2287 quaeu.
756 2215 842 2270 18.
874 2218 983 2269 art.
1018 2229 1056 2267 1.
1090 2217 1143 2267 et
1170 2210 1260 2266 hic
1282 2228 1331 2283 q.
1366 2226 1405 2264 1.
1446 2218 1552 2267 art.
1587 2224 1625 2268 1.
1657 2209 1917 2266 Durand.
1948 2227 2001 2281 q.

533 2304 574 2344 1.
605 2285 778 2342 Gabr.
810 2302 864 2358 q.
891 2300 931 2339 1.
962 2288 1128 2339 Suar.
1150 2282 1204 2337 3.
1268 2321 1284 2339 .
1304 2290 1433 2339 tom.
1464 2299 1503 2340 1.
1534 2281 1679 2354 disp.
1710 2282 1799 2338 37.
1822 2280 2000 2353 Vasq.

529 2359 586 2416 d.
616 2358 707 2414 37.
739 2361 890 2414 Boot.
925 2358 986 2413 in
1017 2355 1191 2413 oxon.
1253 2356 1304 2410 tc
1332 2371 1387 2426 q.
1415 2352 1607 2413 unica.

226 2585 292 2654 1,
555 2552 774 2626 Circa
832 2553 1030 2625 hanc
1087 2549 1655 2627 distinctionem
1710 2558 2002 2650 quaeri-

2158 2040 2336 2129 quid
2370 2039 2619 2123 oravit,
2652 2038 2843 2127 quod
2902 2056 3045 2106 non
3081 2038 3234 2126 suit
3282 2040 3555 2125 sactum
3582 2038 3615 2103 ¹?

2114 2239 2384 2294 Doctores
2412 2235 2573 2293 citati
2605 2251 2709 2308 pro
2734 2238 2941 2307 quaest.
2982 2234 3228 2307 praeced.

2663 2464 3025 2525 SCHOLIUM
3062 2468 3108 2522 1.

2182 2618 2503 2691 In,Christo
2533 2624 2670 2675 suut
2717 2619 2842 2675 duae
2888 2618 3233 2687 voluntateS,
3278 2621 3454 2689 patet,
3515 2616 3654 2690 quia

117 2698 248 2764 Arg·
283 2699 390 2764 Pri·
456 2679 581 2745 tur
619 2668 866 2769 primo
899 2693 915 2743 ἶ
972 2669 1244 2745 Utrum
1322 2668 1406 2743 in
1487 2669 1785 2744 Christo
1844 2672 2003 2746 Sint
2108 2710 2234 2767 duae
2267 2714 2508 2780 naturae,
2529 2709 2802 2767 delinitur
2829 2709 2888 2764 in
2913 2710 3213 2781 6.Synodo
3241 2708 3476 2766 actAE.8.
3510 2716 3563 2764 et
3596 2710 3648 2765 7.

180 2777 353 2817 “¹⁰¹¹'‘
453 2787 628 2862 duae
666 2786 1092 2861 voluntates
1119 2786 1160 2858 ’Β

550 2904 768 2992 Quod
859 2927 1041 2978 non.
1117 2903 1501 2995 ProbatiO,
1571 2903 1756 3002 quia
1811 2913 1995 2981 tunc

450 3024 689 3098 altera
744 3022 1105 3097 voluntas
1159 3046 1308 3096 non
1419 3031 1619 3098 esset
1683 3022 1998 3100 domina

447 3139 568 3217 sui
636 3147 877 3218 actus,
944 3137 1330 3230 ProbatiO,
1395 3138 1578 3238 quia
1637 3141 1993 3217 voluntas

446 3260 814 3352 humana,
859 3258 979 3333 vel
1023 3256 1519 3353 regulabatur
1556 3281 1601 3332 a
1631 3259 1993 3335 volunta-

446 3384 518 3450 te
561 3374 848 3468 divina,
884 3374 1006 3449 vel
1077 3373 1540 3472 operabatur
1571 3374 1808 3451 libere
1838 3376 1878 3448 ⁴?
1909 3377 1991 3452 Si

444 3494 693 3592 primo
762 3492 1017 3586 modo,
1062 3491 1168 3566 ita
1225 3491 1429 3589 quod
1525 3515 1678 3567 non
1752 3493 1990 3593 possit

443 3610 665 3684 aliter
699 3609 928 3703 velle,
1003 3608 1234 3705 igitur
1274 3632 1426 3684 non
1488 3618 1601 3684 est
1677 3610 1989 3687 domina

442 3723 565 3800 sui
631 3734 873 3812 actu8‚
934 3732 1008 3799 et
1071 3747 1208 3822 per
1283 3748 1772 3824 consequens
1830 3752 1983 3803 non

441 3849 557 3916 est
596 3842 978 3915 voluntas.
1013 3839 1094 3914 Si
1134 3841 1472 3916 secundo
1550 3844 1802 3938 modo,
1840 3844 1987 3941 igi-

439 3968 564 4032 tur
602 3965 851 4056 potest
889 3956 1163 4033 elicere
1196 3966 1449 4032 actum
1515 3962 1985 4036 contrarium

438 4074 817 4150 voluntati
851 4074 1164 4169 divinae,
1199 4083 1274 4149 et
1312 4098 1449 4173 per
1504 4099 1984 4177 consequens

439 4190 607 4288 ipsa
651 4189 794 4264 erit
842 4212 992 4262 non
1060 4196 1263 4263 recta
1279 4216 1298 4283 ;
1343 4213 1831 4289 consequens
1871 4203 1986 4269 est

439 4307 1023 4383 inconveniens.
1571 4376 1576 4379 ,

535 4426 750 4518 Item,
787 4423 866 4497 in
925 4421 1224 4496 Christo
1285 4431 1400 4497 est
1443 4425 1804 4501 voluntas
1833 4429 1983 4502 hu-

437 4566 664 4618 mana
717 4541 1000 4639 duplex
1035 4539 1459 4615 :Voluntas
1517 4541 1977 4640 inquantum

435 4670 740 4756 natura,
787 4681 962 4759 quae
1004 4657 1456 4732 naturaliter
1484 4660 1763 4736 vultea
1803 4686 1979 4761 quae

434 4779 620 4874 vult,
652 4785 725 4852 et
778 4775 911 4850 illa
984 4773 1538 4849 determinatur
1594 4775 1687 4850 ad
1765 4802 1981 4853 com..

437 4896 662 4970 moda
764 4900 1062 4967 tantum
1136 4919 1156 4985 3
1243 4891 1605 4967 voluntas
1706 4894 1972 4986 libera,

437 5036 612 5112 quae
644 5018 895 5110 potest
933 5009 1129 5083 velle
1153 5007 1358 5105 juste
1400 5019 1474 5082 et
1506 5009 1811 5107 injuste.

534 5127 984 5229 Oppositum
1033 5149 1049 5200 :
1108 5125 1457 5200 Christus
1496 5127 1727 5202 habet
1783 5131 1979 5206 duos

438 5247 875 5322 intellectus
915 5249 1211 5316 tanturn
1246 5269 1266 5337 ;
1305 5241 1538 5338 igitur
1568 5253 1641 5318 et
1679 5255 1972 5321 tantum

434 5367 628 5440 duas
684 5362 1147 5446 voluntateS,
1212 5357 1391 5455 quia
1462 5384 1610 5434 non
1684 5374 1797 5438 est
1853 5364 1978 5438 in-

431 5484 784 5559 tellectus
824 5477 990 5554 sine
1030 5477 1453 5571 voluntate,
1500 5502 1641 5554 nec
1689 5504 1729 5555 e
1788 5506 1978 5557 con-

431 5615 574 5696 tra,
656 5622 797 5674 nec
872 5595 951 5668 in
1018 5594 1207 5684 De0‚
1290 5616 1430 5669 nec
1498 5595 1578 5671 in
1674 5612 1977 5677 creatu-

430 5720 562 5797 ris,

144 4438 342 4489 Secun-

171 4501 321 4553 dum.

141 5179 353 5233 Contra.

2105 2802 2334 2872 synodo
2364 2806 2473 2858 act.
2500 2802 2556 2856 7.
2580 2805 2638 2859 et
2666 2800 2725 2857 in
2754 2800 2938 2858 Later·
2960 2804 3096 2857 Can.
3126 2805 3211 2857 12.
3234 2800 3490 2872 Explicat
3512 2818 3650 2874 quo·

2106 2894 2281 2949 modo
2312 2892 2583 2949 voluntas
2615 2894 2765 2949 sumi
2796 2897 2985 2965 potest
3013 2891 3340 2964 dupliciter,
3370 2900 3424 2948 ei
3455 2890 3648 2963 quali·

2106 2984 2199 3039 ter
2253 2982 2471 3039 dicitur
2527 2982 2836 3055 tripliciter
2892 2979 3200 3049 naturalis,
3269 2981 3341 3037 do
3414 2997 3528 3055 quo
3584 2980 3646 3038 in

2103 3071 2285 3131 Oxou.
2317 3073 2414 3131 htc
2442 3089 2607 3132 num.
2627 3074 2683 3130 2.

2200 3261 2313 3335 Ad
2425 3259 2752 3359 primam
2858 3256 3394 3357 quaestionem,
3474 3254 3644 3330 dico
3811 3280 3873 3346 2,

2101 3380 2303 3477 quod
2332 3379 2469 3473 sic,
2506 3378 2710 3476 quod
2752 3377 3089 3451 declarat
3118 3375 3645 3450 Damascenus
3694 3396 3968 3472 Resoluta)

2099 3522 2163 3572 G.
2212 3497 2281 3570 6.
2321 3497 2527 3595 quod
2558 3495 2908 3570 Christus
2940 3493 3209 3568 habuit
3260 3493 3453 3567 duas
3511 3517 3649 3567 vo-
3679 3462 3723 3510 ¹⁶
3754 3466 3979 3573 qma-uo

2099 3614 2462 3707 luntates,
2499 3636 2591 3688 ex
2641 3635 2795 3709 quo
2855 3610 3125 3684 habuit
3172 3610 3365 3684 duas
3431 3619 3650 3683 natu·

2099 3753 2247 3819 raS,
2288 3730 2489 3829 quod
2510 3729 2847 3803 declarat
2871 3751 3009 3825 per
3033 3725 3388 3800 tredecim
3429 3725 3649 3799 ratio·

2098 3870 2261 3933 neS‚
2308 3856 2382 3921 et
2421 3846 2695 3920 deinde
2728 3867 2863 3943 per
2893 3844 3085 3919 duas
3119 3843 3452 3917 rationes
3484 3866 3651 3941 pro·

2095 3964 2221 4037 bat
2257 3961 2457 4059 quod
2503 3985 2593 4036 ex
2628 3961 2746 4033 his
2779 3983 2933 4033 non
2992 3959 3239 4057 potuit
3295 3957 3462 4032 fieri
3491 3980 3648 4032 una

2094 4080 2480 4153 voluntas.
2528 4077 2723 4151 Illud
2766 4074 3117 4175 sequitur
3156 4098 3247 4149 ex
3316 4074 3637 4149 articulo
3670 4093 3845 4205 lDuae
3875 4109 3962 4147 vo-

2093 4196 2299 4285 fidei,
2373 4196 2795 4271 secundum
2875 4192 3318 4293 opinionem
3396 4193 3634 4284 illam,
3693 4160 3990 4276 affigat-n

2094 4338 2270 4414 quae
2294 4312 2508 4412 ponit
2535 4312 2738 4410 quod
2780 4309 3123 4409 potentia
3168 4333 3321 4383 non
3364 4318 3476 4384 est
3517 4333 3638 4384 res

2092 4435 2244 4509 alia
2283 4433 2377 4508 ab
2437 4431 2793 4517 essentia,
2854 4430 3037 4529 quia
3094 4438 3276 4503 tunc
3345 4439 3640 4504 contra·

2090 4549 2321 4624 dictio
2364 4558 2504 4642 est,
2537 4546 2743 4645 quod
2775 4545 2928 4619 sint
2975 4544 3151 4619 duae
3192 4553 3520 4638 naturae‚
3564 4556 3639 4619 et

2091 4690 2246 4741 non
2303 4666 2479 4740 duae
2579 4665 3040 4737 voluntates.
3139 4660 3384 4734 Etiam
3475 4669 3638 4736 esto

2089 4785 2295 4881 quod
2374 4783 2472 4857 sit
2570 4779 2951 4880 quoddam
3071 4777 3482 4877 posteriuS‚
3564 4787 3640 4852 et

2088 4900 2295 4999 quod
2327 4900 2420 4974 de
2488 4896 2830 4997 potentia
2868 4895 3009 4969 Dei
3077 4896 3429 4969 absoluta
3470 4918 3636 4993 pos-

2088 5019 2184 5092 sit
2217 5026 2490 5092 natura
2517 5038 2685 5090 esse
2718 5014 2882 5087 sine
2914 5013 3335 5100 voluntate,
3375 5020 3629 5085 tamen

2089 5159 2243 5207 non
2289 5133 2397 5206 sic
2441 5132 2580 5206 fuit
2620 5131 2711 5204 de
2765 5129 2986 5221 laem,
3024 5132 3205 5225 quia
3262 5129 3432 5201 talis
3492 5151 3635 5200 na-

2089 5260 2261 5323 tura
2315 5272 2464 5320 non
2528 5247 2795 5321 fuisset
2844 5268 3187 5340 congrua
3253 5243 3344 5317 ad
3416 5253 3633 5317 actus

2088 5366 2461 5442 merendi.
2526 5365 2693 5437 Non
2781 5362 2986 5437 enim
3091 5363 3263 5461 plus
3352 5360 3633 5434 meruit

2086 5485 2436 5558 Christus
2495 5489 2667 5555 actu
2715 5478 2949 5554 Verbi
2990 5478 3067 5551 in
3112 5476 3441 5552 creando
3474 5476 3633 5550 ani-

2090 5624 2257 5675 mas
2298 5599 2375 5672 in
2412 5596 2658 5685 terris,
2695 5619 2924 5693 quam
2995 5602 3166 5668 actu
3247 5592 3493 5666 Patris
3558 5600 3632 5665 et

2086 5716 2419 5817 Spiritus
2487 5713 2731 5790 sancti
2802 5741 2821 5807 ;
2919 5721 3253 5786 attamen
3347 5708 3625 5784 dicitur
