4295 6326
296 2217 374 2266 Ad
405 2218 568 2268 ratio-

280 2291 402 2330 nem
435 2281 483 2329 1.
518 2295 599 2329 su·

313 2341 541 2405 pei-ioris

367 2406 514 2467 opin.

275 2894 355 2944 Ad
385 2904 570 2944 secun·

354 2957 500 3006 dum.

278 3018 567 3144 p‘ssssg'gzffi
624 3002 829 3100 quod
874 3027 1227 3101 personae
1263 3029 1413 3078 non
1477 3016 1854 3103 repugnat
1895 3007 2173 3104 depen-

269 3149 592 3271 32233335‘*
623 3118 909 3213 dentia,
958 3143 1134 3219 quae
1166 3130 1279 3195 est
1312 3121 1821 3219 repugnantia
1853 3121 1943 3197 de
1988 3147 2170 3223 pos-

265 3728 343 3778 Ad
374 3742 483 3792 arg.
521 3732 563 3777 1.

308 3794 362 3841 iu
395 3790 552 3841 initio

328 3859 520 3918 quaesf..

264 4428 343 4478 Aa
377 4441 561 4477 secun·

354 4490 502 4541 dum.

643 386 770 455 238

644 563 979 662 pendere
1021 562 1279 659 aliqua
1332 560 1897 660 dependentia3
1964 559 2197 655 igitur

640 680 771 753 illa
803 678 1481 775 estindependens
1547 676 1757 750 omni
1830 675 2195 771 indepen-

639 793 927 886 dentia,
965 792 1137 866 ideo
1180 815 1332 865 non
1380 798 1757 887 repugnat
1796 789 1865 864 ei
1930 788 2191 863 termi-

638 931 824 983 nare
886 930 1454 1006 quamcumque
1560 904 2180 1003 dependentiam.

640 1024 1000 1098 Probatio
1095 1023 1466 1120 assumpti
1550 1046 1565 1096 :
1644 1022 2007 1095 Personae
2106 1020 2183 1093 in

634 1165 918 1239 genere
1019 1166 1172 1215 non
1291 1140 1722 1216 necessario
1821 1138 2188 1213 convenit

634 1258 1111 1358 imperfectio
1187 1260 1364 1357 plus
1420 1280 1649 1357 quam
1724 1264 2045 1331 naturae.
2094 1245 2187 1329 Et

632 1376 1098 1474 cuicumque
1131 1400 1283 1449 non
1320 1384 1698 1474 repugnat
1736 1375 2186 1474 dependen-

610 1493 737 1578 tia
768 1492 1209 1585 habitualis,
1243 1493 1310 1567 ei
1345 1492 1779 1568 necessario
1821 1492 2183 1567 convenit

630 1608 1152 1707 imperfecti03
1201 1609 1433 1705 igitur
1508 1610 1736 1684 alicui
1822 1634 2175 1708 personas

631 1724 994 1799 convenit
1026 1749 1160 1823 per
1217 1749 1297 1800 se
1367 1749 1533 1800 esse
1611 1725 2168 1824 independenS,

630 1839 816 1935 quia
903 1839 1374 1939 imperfectio
1472 1865 1626 1914 non
1740 1842 2180 1919 necessario

631 1956 994 2030 convenit
1025 1956 1195 2030 sibi.

728 2072 840 2146 Ad
935 2073 1266 2171 primum
1381 2083 1922 2169 argumentum
2039 2097 2176 2171 pro

630 2190 992 2287 opinione
1026 2191 1373 2280 adversa,
1419 2190 1588 2264 dico
1641 2191 1844 2289 quod
1910 2214 2177 2289 perso-

633 2329 751 2380 nae
782 2305 1067 2379 divinae
1109 2306 2178 2404 competitincommunicabi·

628 2422 801 2496 litas
832 2422 1282 2520 simpliciter
1313 2447 1448 2520 per
1486 2423 1798 2520 aliquod
1841 2447 1977 2498 ens
2030 2449 2175 2521 po-

627 2538 971 2631 sitivum,
1019 2549 1092 2614 et
1135 2541 1277 2614 hoc
1321 2539 1676 2636 intelligit
1711 2541 2167 2635 RicharduS,

593 2654 760 2745 >sed
816 2656 1030 2729 nulla
1082 2655 1255 2729 talis
1340 2656 2171 2732 incommunicabilitas

627 2780 875 2867 potest
907 2794 1074 2845 esse
1117 2771 1192 2844 in
1228 2773 1625 2847 creaturis.

722 2887 832 2960 Ad
884 2887 1311 2962 secundum
1381 2900 1953 2985 argumentum,
2000 2891 2169 2966 dico

623 3238 854 3330 sibili,
910 3238 1107 3311 sicut
1183 3239 1476 3312 homini
1537 3250 1915 3337 repugnat
1973 3241 2169 3316 irra-

620 3353 1116 3447 tionabilitas,
1163 3355 1293 3428 sed
1353 3354 1422 3428 ei
1482 3365 1860 3453 repugnat
1900 3358 2171 3453 aptitu-

618 3470 976 3545 dinaliter
1018 3471 1477 3568 dependere,
1523 3472 1722 3546 sicut
1760 3474 1975 3568 gravi
2046 3498 2168 3551 re-

617 3598 909 3685 pugnat
933 3611 1099 3663 esse
1142 3613 1477 3663 sursum.

714 3705 825 3779 Ad
869 3707 1205 3803 primum
1257 3719 1795 3803 argumentum
1881 3710 2170 3806 princi-

619 3825 817 3923 pale,
847 3824 1016 3899 dico
1097 3824 1300 3922 quod
1373 3849 1525 3899 non
1595 3837 1891 3924 oportet
1958 3829 2164 3925 quod

619 3964 949 4037 persona
988 3941 1086 4015 sit
1166 3942 1584 4016 formaliter
1648 3945 1794 4018 tale
1859 3968 1997 4019 ens
2055 3969 2170 4020 se·

619 4057 959 4131 cundum
1021 4066 1375 4131 naturam
1437 4058 1977 4135 informantem
2043 4062 2165 4160 ip-

619 4196 809 4260 sam,
856 4173 988 4247 sed
1084 4174 1510 4249 secundum
1594 4185 1947 4251 naturam
2026 4178 2163 4254 de-

619 4289 1084 4386 pendentem
1108 4290 1200 4364 ad
1231 4290 1474 4388 ipsam
1510 4292 1962 4368 extrinsece.

715 4406 825 4479 Ad
905 4406 1331 4480 secundum
1424 4431 1599 4480 cum
1656 4408 1960 4503 dicitur,
2032 4435 2168 4485 eo-

617 4522 791 4596 dem
853 4532 967 4596 est
1025 4533 1301 4597 natura
1364 4524 1554 4617 llaec,
1618 4535 1692 4598 et
1761 4539 2168 4624 personata

619 4639 1187 4736 personalitate,
1262 4638 1672 4714 dicendum
1741 4644 1945 4739 quod
2007 4669 2163 4717 non

618 4754 887 4829 eodem
931 4755 1411 4829 eXtendendo
1472 4755 1673 4831 idem
1731 4758 1825 4831 ad
1896 4759 2166 4856 positi-

616 4895 798 4945 vum
842 4880 915 4945 et
983 4872 1455 4965 negativum,
1494 4873 1678 4971 quia
1729 4885 1840 4949 est
1896 4900 2166 4974 perso-

619 4997 795 5062 nata
828 5011 963 5085 per
995 4987 1283 5084 aliquid
1334 4989 1804 5083 negativum,
1855 5003 1935 5066 ut
2000 4993 2165 5067 dic-

613 5116 772 5179 tum
811 5114 924 5179 est
963 5104 1204 5202 prius,
1252 5105 1432 5201 quia
1484 5129 1631 5204 vper
1690 5133 1842 5182 non
1886 5110 2164 5206 depen-

612 5218 792 5292 dere
853 5217 1527 5316 aptitudinaliter;
1601 5221 1734 5295 sed
1812 5233 1927 5297 est
1998 5224 2162 5297 lzaec

616 5358 750 5431 per
790 5333 1081 5430 aliquid
1124 5335 1568 5432 positivum,
1617 5339 1737 5412 vel
1799 5363 1950 5413 non
2031 5365 2162 5415 eo-

616 5449 784 5523 dem
821 5450 1149 5548 positivo
1183 5452 1583 5549 complete.

712 5565 824 5638 Ad
880 5565 1116 5658 aliud,
1153 5564 1322 5639 dico
1372 5568 1576 5664 quod
1649 5593 1797 5643 non
1871 5571 2160 5669 depen-

2058 380 2293 452 LlBRl
2350 381 2470 451 ΙΙΙ.

2304 559 2429 634 det
2463 569 2733 634 natura
2765 562 2856 636 ad
2926 586 3332 660 personam
3402 561 3847 661 dependen-
3941 587 4025 661 A5¹
4060 593 4178 641 ter-

2301 675 2406 749 tia
2436 699 2692 751 causae
2751 676 2844 750 ad
2887 677 3270 771 effectum,
3317 702 3460 753 nec
3514 677 3846 753 efficien-
3962 654 4119 703 ‘¹⁰¹⁸‘

2299 792 2425 866 tiae
2493 794 2845 892 alicujus.
2911 795 3103 868 Nam
3161 796 3375 888 illud,
3435 794 3639 892 quod
3709 795 3846 870 de-

2297 909 2578 1006 pendet
2608 910 2701 984 ad
2734 911 2964 985 aliam
2994 936 3398 1008 personam
3433 913 3510 985 in
3545 913 3841 986 ratione

2295 1047 2550 1099 causae
2636 1026 3064 1121 efficientiS,
3118 1028 3499 1125 dependet
3575 1028 3844 1103 eadem

2297 1142 2586 1216 ratione
2638 1144 2730 1216 ad
2805 1168 3109 1219 omnem
3182 1167 3623 1242 personam,
3662 1143 3845 1242 quia

2292 1258 2703 1334 efficientia
2747 1262 3094 1344 omnium
3140 1285 3644 1361 personarum
3690 1284 3842 1335 res·

2290 1385 2513 1471 pectu
2610 1376 2938 1475 alicujus
3027 1377 3533 1475 dependentis
3627 1386 3839 1451 extra

2288 1501 2643 1566 naturam
2687 1493 3024 1567 divinam
3080 1504 3194 1569 est
3256 1494 3615 1585 indivisa,
3653 1493 3838 1590 quia

2285 1608 2612 1683 Trinitas
2653 1610 3221 1686 indivisibiliter
3265 1620 3651 1708 operatur.

2386 1724 2532 1799 Sed
2577 1725 2654 1799 in
2702 1726 2929 1801 rebus
2962 1750 3114 1801 non
3195 1736 3443 1825 potest
3500 1724 3830 1800 inveniri
3861 1740 4011 1790 Aetio
4047 1741 4172 1792 'rri-

2286 1840 2798 1938 dependentia
2828 1842 3154 1918 similior
3208 1843 3413 1937 huic,
3461 1866 3692 1942 quam
3736 1841 3832 1916 sit
3863 1805 4171 1941 ῃᾷιιῗιξῖἶέἷ

2285 1956 2797 2055 dependentia
2854 1960 3270 2034 accidentis
3373 1959 3466 2033 ad
3536 1958 3832 2056 subjec·
3887 1930 4177 2050 ifflfflsffi't

2282 2085 2474 2164 tum,
2511 2077 2655 2148 hoc
2705 2076 2953 2165 modo,
2995 2085 3075 2149 ut
3116 2076 3179 2151 si
3238 2076 3441 2150 circu
3459 2075 3828 2150 mscriba-
3858 2053 4192 2170 ῗῑξρξῖῗξξζ

2282 2196 2406 2261 tur
2437 2188 2896 2265 inhaerentia
2935 2190 3351 2265 accidentis
3391 2192 3485 2265 ad
3518 2190 3826 2287 subjec-
3857 2185 4160 2293 ⁸⁸23Q22‘?

2283 2312 2471 2396 tum,
2517 2304 2772 2379 adhuc
2835 2313 2949 2381 est
3015 2305 3528 2402 dependentia
3616 2305 3822 2380 illius
3944 2304 4096 2355 hum.

2281 2421 2374 2495 ad
2433 2422 2893 2518 subjectum,
2939 2433 3300 2523 tanquam
3380 2423 3823 2522 posterioris

2280 2545 2557 2612 natura
2587 2539 2678 2612 ad
2735 2539 2945 2637 prius
3005 2552 3306 2634 natura,
3344 2548 3416 2614 et
3474 2541 3641 2614 haec
3704 2539 3828 2613 de-

2282 2654 2718 2749 pendentia,
2765 2656 3345 2755 circumscripta
3382 2655 3827 2754 dependen-

2257 2768 2383 2843 tia
2423 2770 2931 2865 inhaerentiae,
2991 2796 3167 2869 quae
3226 2783 3339 2848 est
3398 2796 3534 2871 per
3599 2771 3826 2845 infor-

2278 2885 2723 2976 mationem,
2770 2889 3098 2963 maxime
3159 2888 3634 2963 assimilatur
3690 2888 3828 2964 de-

2279 3003 2743 3099 pendentiae,
2807 3026 2961 3102 qua
3053 3005 3436 3102 dependet
3550 3014 3830 3082 natura

2278 3128 2674 3217 assumpta
2742 3119 2836 3194 ad
2897 3143 3337 3218 personam,
3408 3143 3627 3219 quae-
3666 3143 3821 3194 non

2276 3233 2732 3309 informatur
2798 3246 3097 3325 natura,
3155 3261 3298 3311 nec
3377 3246 3459 3311 ut
3515 3237 3626 3311 sic
3710 3247 3825 3312 est

2275 3351 2442 3449 ejus
2483 3362 2881 3427 causatum
2917 3354 3132 3451 prius
3166 3365 3517 3450 respectu
3582 3364 3827 3453 poste-

2275 3469 2523 3543 rioris..
2575 3469 2794 3544 Unde
2853 3471 3209 3545 accidens
3269 3471 3652 3569 dependet
3726 3471 3819 3545 ad

2274 3586 2733 3682 subjectum,
2772 3594 2855 3661 ut
2907 3587 2998 3661 ad
3059 3587 3560 3686 perfectibile,
3597 3597 3672 3661 et
3741 3595 3820 3660 ut

2274 3704 2366 3778 ad
2401 3704 2614 3801 prius
2673 3714 2949 3779 natura
2983 3731 2999 3790 3
3039 3705 3375 3803 primum
3443 3704 3626 3778 dicit
3673 3704 3821 3777 im-

2274 3819 2814 3916 perfectionem
2894 3821 2971 3894 in
3051 3822 3458 3918 subject03
3539 3844 3821 3895 secun-

2274 3936 2455 4009 dum
2571 3938 3141 4035 perfectionem.
3245 3938 3635 4025 Quantum
3723 3939 3818 4012 ad

2275 4056 2419 4128 hoc
2460 4064 2572 4129 est
2622 4055 2870 4130 simile
2949 4056 3040 4130 de
3090 4065 3386 4131 naturae
3455 4058 3819 4131 humanae

2273 4170 2787 4269 dependentia
2818 4171 2912 4245 ad
2954 4172 3469 4270 suppositum.

2780 4505 3178 4583 QUAESTIO
3231 4507 3310 4571 ΙΙ.

2280 4685 2522 4752 Utrum
2551 4682 2881 4770 possibile
2910 4687 3001 4752 sit
3042 4693 3369 4751 naturam
3430 4683 3814 4752 humanam

2357 4795 2817 4881 personaliter
2866 4794 3065 4861 uniri
3137 4795 3270 4859 um·
3321 4794 3454 4860 soli
3502 4812 3816 4879 personae
3879 4830 3890 4831 ff

2361 4901 2614 4969 divinae
2649 4906 2685 4969 ?

2275 5098 2384 5153 DD.
2419 5096 2575 5153 citati
2611 5112 2669 5168 q.
2702 5095 3066 5166 praecedenti.
3090 5097 3247 5220 f{coh
3273 5092 3330 5148 in
3367 5093 3538 5149 Oxon.
3572 5093 3660 5147 hic
3688 5108 3738 5162 q.
3773 5108 3811 5145 ι.

2939 5184 3057 5222 an.
3132 5208 3145 5220 .

2367 5343 2584 5431 Quod
2627 5366 2807 5416 non.
2847 5342 3186 5417 Persona
3215 5339 3477 5414 divina
3518 5346 3632 5412 est
3685 5361 3814 5411 ac-
3964 5379 4026 5443 1·

2268 5469 2391 5534 tus
2433 5461 2726 5558 primus
2757 5487 2775 5552 ;
2812 5458 3044 5555 igitur
3121 5457 3310 5531 nibil
3368 5465 3616 5554 potest
3665 5453 3809 5528 sibi
3842 5491 4072 5556 Argum,
4133 5501 4186 5550 ι.

2243 5577 2501 5671 uniri,
2538 5576 2721 5675 quia
2752 5576 2873 5651 cui
2946 5575 3209 5651 unitur
3266 5572 3584 5671 aliquid,
3621 5570 3809 5643 illud
