4295 6326
1527 466 1753 533 DIST.
1806 467 1991 535 XVI.
2045 466 2463 546 QUAESTIO
2507 467 2742 537 UNlC.
3596 469 3678 535 67

1232 998 2373 1178 DISTINCTIO
2508 1011 2909 1188 XVI.

841 1669 1248 1748 QUAESTIO
1307 1665 1603 1734 UNICA.

450 1841 708 1907 Utrum
769 1840 995 1926 imaqo
1075 1834 1427 1903 Trinitatis
1512 1834 1844 1902 consistat
1920 1835 1996 1900 in

543 1946 768 2014 tribas
791 1947 1130 2034 potentiis
1189 1946 1439 2012 animae
1483 1943 1832 2011 distinctis
1880 1944 1910 2010 ?

442 2139 652 2194 Ateus.
684 2141 739 2192 2.
781 2141 924 2209 part.
951 2145 1141 2209 quaest.
1164 2138 1253 2192 65.
1286 2136 1527 2191 membro
1554 2134 1609 2191 2.
1642 2134 1710 2189 D.
1741 2133 1996 2189 Thomas

520 2228 559 2265 1.
612 2216 760 2276 part.
812 2220 1005 2281 quaest.
1053 2210 1144 2265 77.
1202 2215 1311 2263 art.
1366 2225 1403 2265 1.
1459 2208 1686 2263 Hem-ic.
1738 2205 1918 2277 quedl.
1980 2219 1999 2258 1

524 2290 719 2354 qnaest.
766 2282 823 2336 9.
874 2283 936 2336 D.
988 2285 1299 2336 Bonavent.
1345 2296 1383 2334 1.
1435 2280 1557 2334 dist.
1617 2279 1670 2333 3.
1715 2285 1910 2349 qua‘st.
1942 2276 1995 2332 3.

526 2355 784 2410 Durand.
843 2352 926 2408 ibi
981 2358 1173 2424 quaest.
1233 2354 1285 2406 2.
1361 2351 1602 2422 Gregor.
1679 2353 1866 2431 qttaest.
1942 2351 1996 2402 3.

521 2426 774 2482 Oecham
803 2428 997 2495 quaest.
1020 2425 1109 2478 24.
1144 2424 1313 2479 Gabr.
1348 2427 1544 2495 quaest.
1579 2438 1618 2475 1.
1661 2422 1806 2475 Vnde
1852 2420 2000 2501 Doe-

524 2504 708 2553 torem
741 2499 792 2552 4.
824 2497 950 2551 dist.
984 2496 1073 2551 44.
1105 2514 1156 2567 q.
1182 2499 1234 2549 2.
1259 2495 1554 2550 Conimbr.
1586 2494 1639 2547 2.
1673 2493 1737 2547 de
1766 2498 1995 2571 Anima,

521 2587 644 2641 cap.
695 2570 754 2625 7.
803 2578 993 2640 quaest.
1046 2568 1096 2622 4.
1132 2568 1338 2622 Scotus
1388 2568 1445 2620 in
1490 2565 1665 2620 Oxou.
1716 2563 1997 2619 hic.V=de

522 2642 796 2697 eumdem
830 2642 887 2695 in
918 2641 1046 2695 dist.
1070 2639 1158 2695 44.
1185 2647 1379 2710 quaest.
1413 2639 1467 2691 2.
1501 2644 1554 2692 et
1601 2639 1658 2690 in
1710 2637 1923 2718 Report.
1955 2651 1994 2690 1.

522 2716 652 2769 dist.
683 2713 736 2767 3.
768 2715 960 2782 quaest.
994 2711 1047 2766 3.
1079 2717 1133 2765 et
1166 2713 1222 2764 in
1268 2714 1429 2765 tract.
1482 2710 1545 2763 de
1588 2713 1786 2763 lterum
1816 2722 1995 2778 prmo.

521 2788 717 2858 quaest.
749 2784 837 2838 41.

224 2983 276 3046 ι,
550 2960 771 3034 Circa
818 2958 1379 3032 distinctionem
1444 2955 1999 3031 decimamsex-

156 3101 226 3150 Aa
259 3103 366 3163 pri-
448 3088 608 3150 tarn
644 3076 1018 3175 quaeritur
1049 3076 1296 3175 primo
1343 3099 1358 3148 :
1416 3075 1687 3148 Utrum
1743 3074 1995 3172 imaqo

191 3179 346 3214 mm·
458 3194 859 3268 Trinitatis
900 3193 982 3266 in
1022 3193 1285 3266 anima
1314 3189 1683 3265 rationali
1746 3190 1998 3264 consi-

447 3317 604 3384 stat
638 3311 719 3383 in
778 3307 1022 3383 tribus
1061 3308 1429 3406 potentiis
1504 3306 1818 3381 realiter
1873 3306 1998 3380 di-

446 3428 748 3501 stinctis
777 3426 817 3497 ⁴?
848 3426 1063 3513 Quod
1096 3424 1229 3498 sic.
1282 3425 1645 3498 Personae
1666 3424 1999 3498 Trinita-

449 3545 546 3617 tis
586 3551 768 3617 sunt
802 3542 1108 3616 realiter
1156 3541 1534 3615 distinctae
1571 3569 1588 3634 3
1644 3540 1877 3636 igitur
1917 3539 1993 3613 in

450 3660 787 3758 imagine
820 3658 1180 3758 potentiae
1235 3666 1875 3756 repraesentantes
1916 3658 1997 3729 il·

450 3779 563 3851 las
606 3800 974 3874 personas
1032 3784 1258 3850 erunt
1317 3774 1625 3849 realiter
1678 3773 1998 3848 distinc-

455 3903 576 3967 tae.

553 4010 770 4102 Item,
806 4009 876 4081 2.
915 4009 1007 4083 de
1066 4007 1368 4101 Anima,
1434 4015 1609 4082 text.
1670 4006 1789 4079 35.
1834 4005 1999 4079 Po-

454 4130 712 4204 tentiae
767 4126 1347 4222 distinqauntar
1394 4146 1538 4221 per
1589 4128 1823 4209 actas,
1884 4146 1998 4196 ac-

451 4255 568 4321 tas
614 4269 758 4344 per
798 4242 1090 4343 objecta
1118 4270 1145 4328 ,·
1206 4241 1336 4315 sed
1380 4250 1596 4315 actus
1664 4241 1997 4314 intellec-

456 4377 572 4438 tus
608 4372 681 4437 et
716 4358 1136 4434 voluntatis
1169 4367 1350 4432 sunt
1380 4356 1714 4431 distincti
1766 4356 1994 4432 reali-

453 4492 562 4555 ter
596 4508 613 4574 ;
650 4479 886 4577 igitur
923 4487 998 4553 et
1038 4476 1425 4574 potentiae.

547 4599 763 4688 Item,
812 4594 955 4668 nisi
993 4595 1101 4667 sic
1133 4602 1359 4686 esset,
1405 4594 1570 4667 haec
1616 4603 1816 4667 esset
1856 4618 1992 4668 ve-

453 4738 531 4788 ra
594 4738 608 4786 :
674 4710 1116 4785 Intellectus
1168 4716 1280 4783 est
1376 4708 1749 4796 valaniae,
1808 4712 1990 4808 quia

451 4831 806 4906 identitas
845 4828 1074 4904 realis
1127 4826 1410 4901 sufficit
1462 4827 1554 4901 ad
1596 4827 1814 4902 istam
1850 4853 1990 4904 ve-

450 4950 773 5041 ritatem,
810 4957 884 5021 et
909 4956 1092 5022 tunc
1134 4954 1392 5043 posset
1431 4945 1575 5019 dici
1612 4947 1813 5044 quod
1850 4948 1990 5021 ali-

452 5067 618 5164 quis
656 5065 822 5140 vult
865 5064 1286 5156 intellectu,
1341 5071 1415 5137 et
1455 5061 1779 5160 intelligi
1848 5089 1989 5139 vo-

452 5182 759 5256 luntate.

543 5297 1025 5397 Oppositum,
1129 5295 1607 5391 Augustinus
1700 5297 1814 5369 14.
1893 5298 1985 5373 de

450 5418 804 5492 Trinitate
842 5447 857 5506 ;
905 5414 1031 5489 Ibi
1079 5414 1538 5512 inquirenda
1587 5422 1696 5490 est
1732 5417 1983 5515 imaqo

462 5533 874 5617 Trinitatiat,
916 5531 999 5604 in
1062 5553 1206 5628 quo
1293 5529 1498 5604 nihil
1549 5531 1825 5606 metius
1901 5534 1985 5607 in

454 5649 663 5726 nobis
693 5655 826 5724 est.
865 5646 1014 5722 Sed
1058 5646 1117 5720 si
1152 5647 1512 5743 potentiae
1566 5659 1822 5724 essent
1863 5673 1983 5726 res

166 4006 361 4054 seeun-

191 4069 335 4118 dnm.

144 4614 392 4665 Tertium.

172 5323 385 5377 Contra.

2114 1441 2288 1516 aliae
2346 1441 2440 1516 ab
2508 1443 2871 1537 essentia,
2910 1444 3185 1518 melius
3260 1453 3461 1519 esset
3539 1468 3666 1520 es-

2111 1556 2359 1631 sentia
2399 1579 2633 1654 quam
2666 1559 3030 1657 potentia.

2209 1673 2425 1763 Item,
2464 1675 2723 1751 anima
2781 1698 2917 1773 per
2966 1678 3376 1753 essentiam
3436 1703 3655 1754 suam
3715 1723 3981 1777 secundm

2109 1796 2226 1862 est
2265 1787 2848 1884 immaterialis3
2904 1791 3139 1888 igitur
3205 1816 3341 1891 per
3393 1818 3658 1871 essen-

2109 1905 2290 1980 tiam
2371 1907 2863 1996 intellectiva,
2931 1919 3004 1983 et
3084 1911 3651 2009 intellectualiS,

2109 2023 2271 2097 sive
2361 2024 2829 2122 intelligens,
2921 2028 3348 2104 secundum
3443 2030 3652 2106 illam

2108 2140 2710 2237 propositionem
2846 2143 3153 2219 Proculi
3259 2170 3273 2219 ε
3414 2145 3655 2221 Omne

2109 2254 2622 2331 immateriale
2681 2265 2791 2333 est
2838 2284 3076 2361 supra
3130 2286 3210 2336 se
3282 2266 3652 2338 conversi·

2107 2395 2314 2446 vum.
2361 2372 2531 2445 Non
2575 2374 2811 2469 igitur
2842 2376 3049 2451 aliud
3081 2387 3194 2452 est
3233 2379 3328 2453 ab
3387 2403 3656 2455 essen-

2113 2489 2214 2562 tia
2256 2498 2552 2565 naturae
2597 2491 3164 2588 intellectualis,
3216 2519 3391 2569 nam
3470 2498 3654 2595 quia
3701 2522 3712 2531 ’

2110 2606 2665 2703 immaterialis,
2703 2609 2873 2684 ideo
2914 2612 3370 2688 conversiva
3419 2639 3654 2713 supra

2110 2746 2190 2797 se
2226 2751 2244 2817 ;
2292 2723 2524 2820 igitur
2565 2727 2924 2823 potentiae
2958 2752 3112 2804 non
3141 2731 3447 2807 realiter
3495 2732 3653 2807 dis-

2110 2839 2571 2936 tinguuntur
2673 2843 2768 2917 ab
2853 2845 3137 2940 anima,
3219 2870 3361 2923 nec
3455 2848 3654 2925 inter

2109 2976 2218 3028 se.

2210 3072 2423 3166 Item,
2465 3075 2830 3149 memoria
2870 3077 3199 3175 pertinet
3229 3081 3322 3153 ad
3377 3079 3654 3179 imagi-

2110 3210 2316 3280 nem,
2355 3188 2538 3284 quia
2576 3202 3076 3287 repraesentat
3130 3194 3429 3270 Patrem
3479 3224 3498 3290 3
3545 3198 3656 3272 in-

2109 3302 2559 3400 telligentia,
2642 3306 2823 3404 quia
2900 3320 3402 3408 repraesentat
3505 3314 3656 3391 Pa-

2108 3430 2296 3495 trem
2336 3451 2355 3516 3
2403 3423 2937 3521 intelligentia,
2976 3429 3158 3527 quia
3224 3453 3657 3528 repraesen-

2106 3546 2216 3611 tat
2247 3537 2615 3629 Verbum,
2650 3543 3076 3617 secundum
3134 3548 3653 3643 Augustinum

2106 3652 2201 3726 de
2257 3653 2532 3728 Trinit.
2572 3680 2738 3753 cap.
2804 3662 2873 3732 6.
2949 3667 3024 3733 et
3073 3661 3142 3734 7.
3208 3662 3301 3737 a'e
3357 3666 3650 3761 parvis.

2110 3768 2260 3844 Sed
2337 3770 2851 3868 intelligentia
2919 3785 2991 3851 et
3062 3779 3431 3854 memoria
3499 3805 3656 3856 non

2110 3887 2418 3963 realiter
2458 3889 3068 3990 distinguuntur,
3113 3897 3296 3994 quia
3363 3923 3658 3974 memo-

2110 4004 2225 4078 ria
2290 4007 2625 4103 perfecta
2713 4018 2827 4083 est
2892 4010 3287 4090 sufficiens
3380 4017 3657 4114 princi-

2108 4118 2320 4216 pium
2373 4119 2943 4218 intellectionis,
2998 4136 3362 4225 tanquam
3437 4141 3653 4207 actus

2108 4233 2429 4331 primus.
2464 4236 2612 4310 Sed
2646 4248 2861 4312 actus
2893 4242 3189 4338 primus
3253 4255 3325 4320 et
3366 4246 3656 4344 princi-

2108 4350 2321 4447 pium
2363 4353 2831 4450 operationis
2872 4381 3028 4432 non
3070 4358 3431 4435 differunt
3479 4386 3654 4437 rea-

2105 4467 2327 4561 liter3
2374 4468 2610 4566 igitur
2675 4496 2814 4547 nec
2898 4474 3332 4552 intellectus
3401 4488 3471 4553 et
3514 4504 3651 4553 vo-

2105 4585 2386 4661 luntas.

2542 4825 2546 4829 ’
2646 4845 3011 4905 scnotluM
3053 4852 3097 4905 1.

2170 4999 2463 5056 Sententia
2492 5017 2758 5057 asserens
2804 5003 3097 5074 potentias
3147 5006 3434 5081 distingui
3485 5009 3646 5066 reali·

2099 5093 2186 5144 tor
2215 5089 2285 5144 ab
2315 5090 2513 5147 anima
2543 5108 2672 5148 cum
2708 5095 2880 5150 variis
2913 5096 3095 5151 modis
3120 5098 3449 5170 explicandi
3489 5101 3644 5172 ejus-

2097 5180 2225 5234 dem
2287 5181 2585 5250 probatur.
2640 5186 2973 5256 Respondet
3032 5186 3244 5243 Ductor
3316 5190 3383 5244 ad
3446 5191 3645 5248 omnia

2097 5275 2443 5340 argumenta
2473 5272 2723 5328 adducta
2745 5290 2845 5346 pro
2872 5274 2977 5331 huo
3010 5280 3172 5348 parte
3203 5282 3322 5334 tam
3357 5297 3390 5335 a
3420 5280 3643 5337 ratione

2097 5372 2267 5428 quam
2301 5359 2370 5415 ab
2404 5360 2766 5418 auctoritate.

2192 5537 2303 5611 Ad
2337 5538 2557 5613 istam
2587 5542 3094 5637 quaestionem
3124 5545 3402 5620 dicitur
3430 5550 3637 5645 quod

2097 5655 2364 5738 saltem
2417 5655 2592 5731 duae
2653 5659 3040 5755 potentiae,
3077 5662 3366 5737 scilicet
3407 5664 3638 5741 intel-

3743 3123 3941 3177 Tertio.

3806 5581 3868 5647 ’ΚΟ
