4295 6326
1485 380 1711 450 DIST.
1762 381 2018 454 XVIII.
2072 384 2490 465 QUAESTIO
2539 389 2592 459 l.

423 552 850 627 secundum
882 553 1313 651 portionem
1364 554 1832 647 inferiorem,
1901 555 1965 631 si

422 667 897 766 intelligatur
927 669 1137 743 omni
1189 671 1415 745 modo
1475 673 1558 747 in
1604 674 1961 769 termino,

424 785 702 881 falsum
744 794 884 860 est.

954 1048 1315 1106 SCHOLIUM
1361 1049 1430 1105 ll.

492 1218 613 1274 Non
665 1222 895 1288 reputat
930 1218 1314 1290 improbabile
1356 1219 1646 1276 Christum
1687 1220 1966 1277 meruisse

422 1309 654 1364 actibus
686 1309 993 1377 beatificis,
1026 1310 1158 1380 quin
1191 1315 1330 1366 suut
1362 1299 1709 1381 laudabiles,
1758 1317 1816 1367 et
1861 1308 1964 1366 eli·

420 1396 584 1453 ciens
617 1397 724 1453 suit
753 1397 957 1467 viator,
992 1398 1322 1455 licetfuerit
1352 1400 1409 1454 in
1443 1398 1714 1470 termine,
1771 1399 1961 1472 quoad

418 1482 987 1554 impeccabilitatem,
1019 1502 1117 1542 seu
1143 1486 1504 1559 (alloquitur
1528 1490 1752 1555 Doctor)
1773 1486 1971 1560 quoad<

422 1572 784 1630 effectionem
838 1574 1102 1645 Justitiae.
1147 1576 1433 1647 Secundo,
1495 1576 1553 1632 in
1586 1576 1756 1633 nobis
1790 1575 1965 1632 meri·

422 1667 552 1719 tum
583 1671 670 1720 est
699 1667 1021 1721 secundum
1070 1666 1392 1738 portionem
1454 1667 1835 1738 superiorem.
1883 1669 1965 1723 lta

421 1752 590 1810 Altis.
625 1754 726 1810 lib.
759 1756 812 1810 3.
847 1756 1072 1812 Summ.
1107 1760 1272 1814 tract.
1304 1774 1345 1814 1.
1373 1774 1498 1831 cap.
1520 1758 1574 1815 7.
1609 1757 1836 1815 Gabriel
1869 1757 1965 1815 hic

420 1848 626 1914 quaest.
662 1843 816 1900 unic.
851 1850 962 1901 art.
984 1848 1039 1902 2.
1070 1848 1269 1918 Major.
1301 1852 1506 1918 quaest.
1547 1849 1602 1902 2.
1635 1846 1882 1904 Hulchot
1910 1855 1964 1903 et

426 1935 572 1988 Alm.
611 1932 724 1990 hic.
758 1935 1020 2007 Cepi-eol.
1056 1942 1261 2008 quaest.
1296 1954 1334 1993 1.
1369 1936 1568 1994 dicens
1601 1938 1779 1994 fuisse
1827 1953 1964 1993 sen·

422 2023 660 2080 tentiam
694 2024 761 2080 D.
792 2024 996 2083 Thom.
1032 2026 1146 2085 htc.
1180 2027 1485 2100 Pitigianis
1525 2027 1641 2095 bic,
1685 2036 1792 2084 art.
1825 2029 1878 2083 3.
1911 2035 1964 2084 et

421 2114 555 2170 Feb.
588 2114 645 2170 d.
680 2115 764 2169 44.
802 2116 1540 2189 respondentsargumentis
1587 2116 1754 2190 Vasq.
1807 2122 1855 2173 1.
1906 2117 1962 2174 2.

424 2201 560 2259 dist.
591 2203 716 2261 214.
751 2212 953 2261 contra
979 2209 1232 2277 Scotum,
1264 2212 1559 2279 quatenus
1589 2207 1665 2263 ait
1708 2215 1965 2277 accepta-

422 2291 641 2348 tionem
687 2309 810 2349 esse
861 2293 1136 2351 rationem
1183 2295 1588 2368 completivum
1650 2297 1858 2367 meriti,
1908 2300 1965 2352 et

421 2383 629 2438 merito
659 2382 1098 2454 reprehendunt
1130 2385 1535 2442 immodestam
1570 2386 1701 2457 ejus
1748 2401 1960 2442 censu·

422 2488 573 2527 rum.
610 2477 817 2528 Doctor
846 2472 993 2528 nihil
1046 2473 1258 2530 asserit
1312 2475 1384 2531 de
1430 2476 1631 2531 merito
1665 2492 1763 2546 per
1792 2478 1962 2531 actus

423 2560 743 2627 beatificos,
776 2563 872 2617 sed
926 2568 1149 2618 tantum
1210 2564 1358 2636 quod
1419 2563 1527 2621 hoc
1587 2569 1778 2635 potest
1825 2563 1961 2631 dici,

415 2649 564 2721 quod
602 2654 790 2706 lamen
838 2650 1071 2724 (inquit)
1118 2653 1284 2710 valde
1306 2654 1540 2724 difficile
1567 2654 1807 2711 videtur.
1845 2655 1958 2709 Ad·

416 2740 592 2796 mittit
623 2747 1043 2812 consequenter
1069 2741 1403 2799 fruitionem
1439 2749 1729 2815 quatenus
1759 2743 1958 2800 tende·

417 2830 516 2885 bat
546 2830 605 2884 in
637 2830 750 2886 alia
780 2830 1093 2887 relucentia
1119 2832 1176 2887 in
1207 2831 1416 2898 Vei-bc,
1449 2838 1512 2889 ut
1539 2834 1597 2889 in
1632 2832 1871 2890 Matrem
1904 2838 1963 2889 et

415 2916 587 2986 elice,
623 2920 804 2976 fuisse
836 2919 1192 2977 meritoriam
1225 2938 1241 2991 ;
1292 2930 1347 2978 et
1393 2923 1503 2979 hoc
1554 2923 1751 2980 minus
1791 2922 1962 2979 habet

415 3007 802 3066 difficultatis.

195 3235 257 3300 9,
518 3206 840 3306 Propter
911 3209 1338 3284 secundum
1417 3222 1959 3307 argumentum

88 3344 159 3395 Aa
202 3360 384 3399 secun·
415 3333 670 3423 potest
761 3324 910 3400 dici
994 3324 1146 3401 alia
1229 3328 1450 3404 tertia
1517 3329 1669 3425 via,
1750 3333 1957 3429 quod

121 3408 350 3535 dffissb‘
414 3443 766 3518 Christus
853 3444 1130 3520 meruit
1218 3448 1445 3523 etiam
1527 3452 1954 3528 secundum

309 3641 312 3648 4
409 3560 843 3658 portionem
879 3561 1382 3659 superiorem,
1428 3575 1501 3640 et
1526 3569 1956 3644 secundum

408 3700 721 3752 omnem
785 3689 1040 3753 actum
1096 3680 1288 3778 ejus.
1338 3682 1501 3759 Hoc
1548 3696 1798 3763 tamen
1841 3701 1957 3766 est

407 3792 718 3870 difficile
748 3804 1034 3890 tenere,
1053 3806 1364 3896 propter
1385 3800 1578 3876 alios
1598 3803 1947 3902 Sanctos,

403 3909 543 4007 qui
583 3919 765 3984 tunc
806 3911 1168 3987 videntur
1208 3926 1468 4013 posset
1510 3921 1787 3995 mereri
1829 3920 1952 3997 in-

401 4025 735 4102 finitum.
792 4028 954 4104 Hoc
1002 4040 1259 4108 tamen
1301 4034 1497 4126 dice,
1544 4046 1617 4112 et
1672 4041 1943 4137 probe,

405 4144 591 4241 quia
657 4147 907 4220 omnis
975 4158 1190 4224 actus
1248 4150 1602 4249 alicujuS,
1649 4156 1780 4253 qui
1833 4182 1949 4233 ac-

405 4272 754 4361 ceptatur
787 4288 831 4338 a
853 4265 1014 4340 Deo
1043 4275 1412 4364 tanquam
1447 4282 1661 4348 actus
1693 4275 1947 4352 bonus

400 4389 474 4453 et
506 4380 942 4475 laudabilis,
986 4406 1125 4480 pro
1160 4408 1313 4481 quo
1348 4386 1565 4463 Deus
1598 4393 1761 4465 vult
1800 4393 1944 4468 ali-

402 4496 589 4596 quid
687 4498 1110 4575 retribuere
1179 4501 1317 4598 illi,
1398 4507 1621 4604 cujus
1687 4520 1942 4586 actum

400 4624 771 4713 acceptat,
828 4617 945 4690 vel
1006 4618 1224 4692 alteri
1276 4645 1414 4719 pro
1474 4647 1627 4721 quo
1669 4627 1776 4702 sic
1817 4652 1944 4704 ac-

401 4733 775 4830 ceptatur,
824 4743 938 4807 est
977 4735 1461 4834 meritorius3
1501 4743 1943 4840 hujusmodi

402 4860 519 4925 est
572 4851 825 4925 omnis
879 4862 1096 4926 actus
1153 4854 1433 4931 Christi
1515 4862 1942 4937 secundum

404 4976 758 5041 naturam
789 4969 1237 5063 humanam,
1270 4972 1498 5047 etiam
1534 4987 1748 5051 actus
1775 4979 1945 5054 bea-

403 5081 684 5177 tificus,
769 5108 921 5182 quo
1005 5088 1431 5162 secundum
1509 5094 1939 5190 portionem

77 5178 372 5299 ξξῗξξῗζζῗ
404 5199 882 5296 superiorem
947 5201 1222 5275 fruitur
1282 5205 1470 5300 Deo,
1544 5210 1725 5306 quia
1768 5236 1944 5308 per—

84 5308 131 5353 ω
169 5308 372 5423 ξξξῑῑῦ·
404 5339 594 5391 sona
653 5317 784 5392 illa
824 5319 1251 5394 secundum
1321 5347 1628 5402 omnem
1689 5330 1945 5403 condi-

403 5433 689 5509 tionem
733 5434 852 5510 sui
918 5459 1073 5510 non
1143 5438 1283 5512 fuit
1349 5441 1799 5542 simpliciter
1864 5449 1940 5523 in

398 5550 755 5627 termino.
815 5553 1020 5627 Ideo*
1063 5556 1311 5652 potuit
1365 5559 1576 5636 Deus
1633 5588 1940 5641 omnem

3495 407 3626 476 383

2077 568 2334 635 actum
2403 574 2744 640 creatum
2806 568 3015 646 illius
3080 597 3436 671 personae
3503 604 3621 654 ac·

2076 685 2382 773 ceptare
2449 690 2812 779 tanquam
2895 687 3214 785 dignum
3286 695 3616 771 retribu-

2075 793 2286 870 tione
2337 796 2665 896 alicujus
2703 802 2887 877 boni
2947 829 3084 905 pro
3144 833 3235 885 eo
3277 811 3387 885 illi
3443 836 3617 910 per-

2076 934 2318 1006 sonae,
2354 914 2415 987 si
2445 914 2927 1013 indiguisset,
2960 925 3080 998 vel
3122 927 3368 1023 alteri,
3408 931 3618 1005 scili-

2074 1036 2195 1101 cet
2237 1027 2457 1105 nobis
2487 1056 2626 1129 pro
2668 1036 2952 1132 quibus
2996 1043 3297 1117 meruit.
3348 1048 3439 1120 Et
3471 1048 3613 1123 hoc
3646 1064 3807 1114 Actu·
3837 1065 3963 1117 ben·

2073 1146 2432 1238 tenendo‚
2463 1159 2762 1247 oportet
2801 1155 3052 1232 dicere
3086 1160 3290 1256 quod
3314 1163 3378 1235 si
3397 1174 3614 1241 actus
3646 1131 3937 1253 ωῗόῗέοῗιῗ

2072 1258 2473 1338 beatificus
2514 1265 2792 1341 Christi
2836 1268 3262 1349 secundum
3320 1280 3614 1376 portio-
3645 1253 3964 1366 effiiffffl'

2074 1400 2252 1451 nem
2348 1382 2824 1479 superiorem
2918 1389 3058 1463 fuit
3146 1377 3932 1493 merit01·ius‚„0‘¹,?,‘{²,?2‘f’

2073 1494 2280 1591 quod
2331 1520 2487 1571 non
2544 1498 2867 1577 includit
2929 1510 3612 1590 contradictionem

2072 1631 2312 1707 quare
2346 1622 2561 1691 actus
2592 1617 3461 1725 beatificus⁴Michaelis,
3492 1635 3613 1709 vel

2072 1728 2389 1805 alterius
2430 1732 2690 1809 Sancti
2740 1762 2894 1812 non
2948 1751 3615 1846 possetacceptari

2071 1851 2440 1941 tanquam
2516 1850 2807 1948 aliquid
2885 1856 3206 1953 dignum
3292 1864 3618 1940 retribu-

2070 1960 2306 2052 tione,
2345 1967 2548 2061 quod
2597 1970 3053 2048 retributum
3094 1988 3296 2053 esset
3349 1981 3617 2057 datum

2070 2088 2370 2175 propter
2451 2085 2833 2177 meritum,
2898 2090 3190 2168 scilicet
3255 2104 3336 2170 ut
3401 2098 3616 2174 daret

2069 2193 2358 2292 aliquid
2391 2197 2749 2275 Michaeli
2785 2217 3097 2305 propter
3138 2212 3612 2289 meritorium

2070 2324 2325 2386 actum
2382 2318 2779 2414 custodiae,
2829 2345 3059 2419 quern
3112 2341 3413 2406 exercet
3432 2360 3451 2425 ;
3501 2343 3613 2407 ta-

2076 2451 2245 2503 men
2281 2428 2373 2504 de
2427 2432 2618 2507 facto
2651 2460 2806 2510 non
2853 2439 2961 2515 sic
3014 2455 3356 2543 acceptat
3400 2449 3610 2525 Deus

2070 2556 2322 2621 actum
2378 2548 2624 2646 illum,
2683 2556 2866 2652 quia
2925 2583 3257 2657 persona
3320 2565 3454 2641 illa
3492 2578 3607 2643 est

2069 2665 2402 2741 totaliter
2458 2680 2671 2745 extra
2723 2683 3005 2750 statum
3076 2683 3420 2757 merendi
3489 2710 3610 2762 se-

2068 2783 2409 2857 cundum
2442 2795 2684 2861 totum
2717 2791 2837 2865 sui
2862 2820 2882 2886 ;
2912 2817 3066 2868 non
3100 2797 3207 2872 sic
3227 2799 3603 2895 ChristuS,

2067 2899 2203 2973 sed
2261 2903 2686 2978 secundum
2758 2908 3047 3007 aliquid
3090 2914 3227 2989 fuit
3265 2916 3344 2990 in
3405 2927 3604 2995 statu

2067 3010 2410 3109 viatoriS,
2454 3027 2528 3091 et
2564 3029 2877 3118 propter
2907 3025 3051 3099 hoc
3084 3029 3336 3105 omnis
3392 3043 3608 3108 actus

2066 3128 2274 3206 illius
2316 3156 2668 3231 personae
2701 3150 3002 3218 creatus
3045 3144 3184 3220 tuit
3214 3158 3602 3250 acceptus,

2065 3256 2140 3320 et
2180 3248 2616 3328 meritorius
2656 3253 2806 3330 illis
2848 3282 2983 3357 pro
3018 3262 3305 3359 quibus
3345 3265 3608 3344 offere-

2063 3363 2291 3438 batur
2319 3364 2508 3442 Deo.

2163 3478 2312 3554 Sed
2366 3485 2752 3579 quomodo
2809 3489 2946 3563 suit
2988 3493 3134 3569 hoc
3202 3500 3595 3598 possibile,
3749 3517 3855 3585 10.

2062 3618 2153 3669 ex
2210 3618 2362 3693 quo
2430 3599 2571 3673 suit
2627 3612 2839 3678 extra
2904 3609 3105 3683 viam
3171 3617 3598 3694 secundum

2059 3714 2487 3810 portionem
2528 3723 3002 3817 superiorem
3033 3727 3263 3805 ?Non
3297 3735 3601 3813 videtur

2059 3830 2264 3925 quod
2341 3835 2766 3911 secundum
2839 3839 3046 3916 illam
3115 3847 3290 3944 plus
3358 3854 3602 3949 possit

2058 3948 2363 4042 mereri,
2400 3972 2631 4046 quam
2665 3953 2947 4032 Beatus
2979 3961 3176 4035 alius
3208 3964 3284 4038 in
3316 3971 3590 4065 patria.

2155 4063 2637 4161 Responde0‚
2688 4073 2890 4168 quod
2969 4076 3166 4153 sicut
3232 4085 3592 4163 meritum
3665 4089 3910 4202 Ch‘ffmff

2053 4204 2209 4254 non
2254 4183 2603 4259 consistit
2651 4190 2900 4265 solum
2944 4192 3022 4266 in
3089 4207 3290 4288 actu,
3336 4204 3468 4277 sed
3510 4205 3586 4280 in
3623 4157 3742 4289 ἓξὲξ
3770 4159 3941 4290 [1ῗᾷῗῖ

2053 4298 2625 4377 conditionibus
2666 4305 2925 4404 aliquo
2972 4314 3195 4389 modo
3235 4340 3589 4414 personae
3646 4282 3910 4415 riaggtgffiti’

2051 4415 2453 4511 elicientiS,
2517 4419 2626 4495 sic
2707 4427 3044 4524 acceptio
3104 4431 3366 4510 divina
3433 4462 3586 4513 non
3706 4403 3867 4454 beati.

2051 4533 2298 4606 solum
2392 4536 2702 4634 respicit
2782 4553 3065 4638 actum,
3138 4550 3271 4623 sed
3319 4556 3590 4629 condi-

2049 4647 2299 4722 tiones
2331 4650 2839 4732 accidentales
2878 4664 3253 4761 suppositi
3286 4669 3592 4747 elicien-

2048 4764 2171 4837 tis.
2220 4766 2701 4865 Exemplum,
2759 4773 3039 4872 aliquis
3106 4780 3421 4862 offendit
3471 4815 3589 4867 me

2055 4881 2323 4956 modo:
2383 4884 2534 4959 duo
2603 4887 2953 4987 veniunt,
3011 4906 3083 4971 et
3138 4916 3413 4998 rogant
3469 4933 3593 4984 ve-

2052 4997 2258 5070 niam
2302 5022 2439 5096 pro
2481 5001 2773 5080 offensa
2839 5011 3038 5083 tertii
3097 5015 3585 5121 offendentis,

2052 5134 2259 5207 pono
2363 5115 2565 5209 quod
2666 5129 2986 5219 uterque
3083 5134 3590 5229 supplicando

2051 5235 2273 5323 aeque
2341 5231 2670 5326 gratiose
2735 5246 2808 5310 et
2874 5239 3102 5337 ‘aeque
3178 5247 3589 5332 affectuose

2052 5351 2295 5437 roget,
2358 5353 2431 5417 et
2487 5347 2691 5441 quod
2762 5349 2915 5425 sint
2979 5378 3200 5455 aeque
3251 5367 3582 5467 pulchri,

2047 5465 2346 5531 tantum
2404 5463 2607 5560 quud
2654 5490 2853 5541 unus
2920 5470 3017 5546 sit
3072 5473 3459 5580 inimicuS‚
3516 5497 3591 5563 et

2049 5572 2248 5649 alius
2280 5601 2488 5673 non;
2553 5583 2845 5679 rogatio
2888 5599 3003 5664 est
3058 5614 3290 5674 causa
3348 5625 3587 5700 quare
