4295 6326
1303 404 1531 476 DIST.
1582 407 1873 479 XXVII.
1925 410 2343 491 QUAESTIO
2394 416 2632 487 UNIC.

57 593 188 642 ηοω
218 591 376 664 raup-
413 564 507 639 ad
540 567 686 642 hoc
728 571 896 646 haec
955 575 1288 651 conditio
1331 588 1445 654 est
1498 581 1740 678 magis
1806 582 1951 681 ipsi

98 667 353 768 ᾓξῖξῖξιξζ
412 706 715 759 summo
749 687 951 763 bono
994 691 1455 790 inquantum
1498 697 1576 772 in
1630 700 1795 798 ipso
1830 725 1956 777 se-

94 781 342 895 b‘fflggffi,
412 802 752 876 cundum
808 829 918 900 se,
969 830 1197 905 quarn
1244 812 1702 910 inquantum
1768 818 1951 891 mihi

407 921 529 992 vel
572 920 757 1014 tibi3
797 925 1214 1002 redamatio
1247 941 1505 1007 autem
1560 934 1634 1007 in
1692 937 1951 1035 aliquo

410 1035 723 1111 homine
765 1040 1113 1119 virtuoso
1173 1048 1446 1144 posita,
1503 1053 1947 1129 ulteriorem

406 1154 586 1229 dicit
653 1158 1031 1236 rationem
1099 1164 1635 1259 diligibilitatis
1698 1173 1773 1246 in
1833 1198 1941 1249 se.

408 1269 625 1347 Unde
703 1278 951 1373 prima
1009 1282 1199 1356 ratio
1278 1286 1812 1384 diligibilitatis
1866 1292 1946 1365 in

402 1388 562 1464 Deo
598 1401 710 1465 est
741 1396 1152 1473 honestum
1181 1427 1199 1488 ;
1236 1406 1578 1480 secunda
1610 1409 1800 1483 ratio
1833 1421 1947 1486 est

302 1522 305 1525 ’
404 1505 850 1601 redamatiO,
955 1537 1129 1611 quae
1234 1523 1597 1617 praecedit
1689 1537 1938 1602 actum

402 1646 689 1719 meum,
755 1651 895 1703 nec
962 1642 1209 1728 potest
1268 1659 1435 1713 esse
1476 1642 1943 1738 perfectissi-

402 1763 526 1814 ma
577 1743 765 1818 ratio
825 1744 1360 1843 diligibilitatis
1406 1755 1571 1832 sine
1614 1769 1940 1860 utroque

400 1859 677 1935 horum
709 1889 728 1955 ;
785 1861 862 1936 in
917 1865 1080 1940 Deo
1136 1880 1391 1946 autern
1435 1875 1685 1972 prima
1748 1881 1939 1955 ratio

402 1973 934 2073 diligibilitatis
975 1994 1089 2057 est
1156 1988 1518 2065 honestas
1574 2017 1742 2069 sua.
1803 1996 1942 2072 Se-

398 2094 650 2172 cunda
717 2098 927 2183 ratio
982 2106 1428 2198 praecedens
1479 2121 1762 2210 actum,
1826 2126 1941 2191 est

397 2210 581 2307 quia
620 2215 904 2289 amavit
936 2240 1076 2292 nos
1117 2226 1479 2321 creando,
1524 2240 1664 2304 etc.

146 2339 250 2408 10,
494 2327 743 2405 Tertia
818 2333 1154 2411 conditio
1214 2349 1327 2414 est
1412 2335 1938 2428 concomitans

396 2446 514 2519 vel
594 2470 1081 2548 consequens
1148 2468 1431 2555 actum,
1505 2476 1715 2563 puta,
1781 2494 1930 2544 non

396 2561 575 2658 quia
616 2568 904 2642 amavit
944 2571 1196 2648 dando
1254 2578 1609 2676 gratiam,
1652 2596 1725 2659 et
1755 2588 1933 2684 alia,

393 2678 526 2752 sed
559 2681 740 2777 quia
780 2695 895 2760 est
935 2687 1221 2766 bonum
1268 2718 1554 2793 meum,
1601 2701 1940 2800 inquan-

393 2806 553 2870 tum
587 2800 992 2899 attingitur
1025 2831 1158 2905 per
1206 2823 1461 2888 actum
1510 2842 1763 2894 meum
1823 2823 1939 2896 di-

392 2914 706 3012 ligendi,
746 2922 889 2997 hoc
916 2936 1056 3018 est,
1093 2939 1266 3004 actu
1309 2957 1507 3028 me0,
1546 2946 1617 3010 et
1657 2939 1765 3013 sic
1824 2952 1938 3017 est

391 3029 831 3109 beatificum
872 3039 1255 3136 obJectum
1300 3051 1702 3129 actualiter
1754 3056 1938 3132 bea-

391 3144 720 3246 tificanS,
757 3165 831 3228 et
861 3158 1213 3255 sequitur
1242 3174 1525 3256 actum,
1572 3170 1743 3246 ideo
1777 3198 1933 3250 non

391 3275 506 3340 est
564 3269 756 3343 ratio
817 3273 1121 3371 objecti,
1169 3280 1370 3356 sicut
1445 3285 1505 3360 si
1566 3289 1798 3364 tendo
1854 3292 1931 3366 in

390 3382 681 3473 album,
730 3396 809 3459 ut
841 3389 1131 3484 quietet
1173 3395 1426 3471 visum
1479 3426 1766 3500 meum,
1803 3407 1934 3485 illa

389 3498 580 3572 ratio
615 3523 768 3574 non
813 3514 926 3579 est
970 3508 1158 3583 ratio
1183 3512 1457 3609 obJ'ecti
1492 3518 1730 3595 visus.

22 3610 337 3725 2535&ss
488 3606 598 3688 Ex'
664 3618 806 3693 hoc
883 3626 1218 3701 concedo
1296 3633 1500 3726 quod
1579 3650 1928 3735 respectu

58 3737 311 3790 Scotum·
387 3729 622 3827 hujus
679 3745 895 3810 actus
946 3748 1196 3835 potest
1243 3746 1422 3841 poni
1489 3750 1792 3828 habitus
1859 3767 1932 3831 et

384 3846 918 3946 Theologicus,
963 3857 1147 3952 quia
1186 3870 1296 3936 est
1358 3867 1769 3945 conformis
1820 3897 1931 3948 re-

386 3965 589 4059 gulae
657 3978 964 4043 actuum
1039 3974 1584 4077 humanorum,
1667 3996 1738 4061 et
1815 4001 1928 4064 est

383 4094 732 4180 respectu
780 4087 948 4182 Dei,
1015 4101 1095 4165 ut
1163 4095 1465 4193 obJecti,
1522 4112 1595 4177 et
1661 4105 1924 4182 inlun-

8 4180 344 4295 2J5³Jssg¹52
380 4199 586 4275 ditur
623 4226 668 4277 a
719 4204 909 4294 De0,
969 4208 1168 4285 sicut
1229 4215 1495 4311 prius'
1558 4223 1925 4317 probatur

379 4316 472 4391 de
531 4342 693 4417 spe,
741 4324 944 4419 quod
1011 4325 1108 4400 sit
1146 4329 1455 4409 habitus
1523 4337 1923 4439 Theologi-

377 4456 540 4528 cuS,
587 4437 767 4534 quia
826 4441 1084 4520 anima
1151 4451 1577 4527 secundum
1630 4459 1922 4553 portio-

372 4573 549 4625 nem
593 4557 1069 4653 superiorem
1132 4586 1282 4637 non
1317 4568 1712 4665 perficitur
1757 4599 1923 4673 per-

370 4668 563 4744 fecte
612 4694 657 4746 a
713 4683 1017 4770 natura,
1081 4680 1214 4755 sed
1267 4693 1563 4760 tantum
1625 4714 1669 4765 a
1725 4692 1914 4787 Deo,

370 4782 544 4860 ideo
612 4793 1040 4868 secundum
1117 4821 1387 4877 omnes
1463 4814 1677 4883 actus
1739 4834 1920 4908 per-

371 4900 608 4979 fectos
670 4906 750 4980 in
781 4910 1132 5007 portione
1166 4919 1574 5016 superiori,
1620 4938 1920 5023 oportet

370 5013 656 5093 habere
715 5021 1062 5098 habitum
1122 5026 1698 5130 Theologicum.
1773 5039 1915 5116 Hic

366 5156 523 5207 non
617 5146 734 5212 est
829 5142 1137 5220 habitus
1232 5154 1909 5253 concupiscentiae,

367 5272 520 5347 quo
580 5258 1155 5355 concupiscitur
1219 5264 1507 5343 bonum
1561 5272 1735 5368 sibi,
1808 5276 1915 5350 si-

368 5377 497 5442 cut
534 5380 741 5467 patet
783 5376 1024 5472 priuS.

3486 428 3615 495 483

2580 608 2942 668 SCHOLIUM
2996 612 3093 669 111.

2131 774 2434 832 Sententia
2464 777 2533 836 D.
2600 780 2808 837 Thom.
2866 791 2921 839 et
2967 783 3213 853 ilenrici,
3264 784 3608 846 charitatem

2063 867 2417 935 ponendam,
2450 871 2587 940 quia
2619 872 2745 926 sine
2771 871 2871 928 illa
2903 889 3018 930 non
3065 879 3255 946 potest
3307 876 3460 933 Deus
3509 896 3613 935 su-

2057 969 2161 1024 per
2191 957 2388 1011 omnia
2438 959 2623 1031 diligi.
2674 961 2983 1019 Goss'redus
3039 965 3370 1036 oppositum
3427 971 3607 1036 tenet,

2055 1046 2195 1116 quia
2226 1065 2359 1119 pars
2392 1048 2523 1119 plus
2554 1058 2713 1107 amat
2743 1058 2928 1108 totum
2998 1071 3173 1127 quam
3210 1073 3294 1123 se,
3340 1063 3403 1112 ut.
3454 1064 3610 1129 patet

2053 1152 2119 1191 ex
2156 1153 2402 1193 ascensu
2437 1142 2651 1211 gravis,
2686 1159 2757 1197 ne
2816 1144 2988 1199 detur
3043 1161 3318 1214 vacuum,
3380 1151 3437 1204 et
3470 1148 3609 1220 quia

2053 1242 2265 1283 manus
2307 1245 2370 1284 se
2414 1234 2656 1302 opponit
2701 1233 2860 1297 ictui,
2923 1251 2993 1290 ne
3052 1236 3352 1309 frangatur
3408 1247 3602 1311 caput.

2051 1316 2267 1374 Doctor
2296 1321 2648 1379 conveniens
2675 1339 2808 1379 cum
2836 1316 3103 1382 Goffredo
3133 1326 3193 1382 in
3225 1327 3605 1388 conclusione

2051 1407 2241 1477 rejicit
2269 1409 2399 1478 ejus
2430 1410 2680 1467 rationes
2709 1421 2764 1468 et
2811 1415 3098 1486 exempla.
3159 1416 3419 1473 Resolvit
3468 1437 3600 1491 ergo

2048 1511 2220 1567 posse
2253 1513 2359 1553 nos
2392 1515 2461 1553 ex
2504 1501 2872 1558 naturalibus
2923 1520 3121 1560 amare
3178 1510 3360 1563 Deum
3421 1524 3601 1581 super

2047 1588 2270 1649 omnia.
2312 1589 2448 1659 quia
2479 1589 2533 1644 id
2571 1599 2723 1647 recta
2754 1593 2896 1650 ratio
2929 1594 3127 1662 dictat,
3154 1600 3208 1651 et
3241 1597 3403 1653 fortis
3426 1598 3599 1669 juxta

2046 1679 2265 1731 rectam
2301 1683 2584 1734 rationem
2619 1683 2853 1752 exponit
2883 1699 2945 1740 se
2977 1685 3142 1739 morti
3200 1688 3272 1741 ob
3297 1686 3595 1758 publicum

2045 1764 2290 1837 honum,
2325 1769 2524 1842 inquo
2556 1771 2687 1843 plus
2717 1780 2877 1830 amat
2918 1774 3060 1831 illud
3108 1792 3282 1848 quam
3326 1794 3411 1845 se,
3460 1779 3598 1851 quia

2044 1877 2144 1932 pro
2189 1865 2621 1922 conservatione
2653 1865 2811 1924 illius
2863 1867 2986 1924 vult
3041 1886 3212 1927 suum
3269 1888 3382 1928 non
3445 1890 3592 1932 esse.

2041 1948 2186 2006 Vide
2243 1957 2477 2009 Doctor.
2540 1953 2599 2010 in
2660 1955 2841 2013 Oxou.
2889 1960 2944 2012 2.
2992 1957 3049 2015 d.
3094 1959 3182 2016 28.
3221 1963 3280 2016 et
3309 1960 3387 2017 ibi
3414 1962 3592 2020 Scho-

2041 2037 2213 2097 lium.

2138 2220 2249 2296 De
2313 2221 2535 2296 tertio
2614 2226 2962 2322 articulo,
3035 2230 3355 2306 dubium
3415 2257 3584 2309 esse
3721 2250 3826 2319 11.

2042 2346 2292 2434 potest
2343 2338 2528 2434 quid
2588 2341 2763 2415 facit
2813 2343 2954 2418 iste
3007 2347 3314 2423 habitus
3381 2349 3590 2425 inl'u-
3618 2365 3939 2478 videdrlteqr.

2045 2478 2178 2528 sus
2214 2452 2254 2525 ἱ)
2314 2455 2612 2530 Dicitur
2670 2461 2875 2556 quod
2935 2473 3049 2537 est
3106 2468 3591 2544 necessarius
3651 2442 3764 2555 (ἴυζ’.
3799 2448 3922 2542 §.b

2044 2578 2339 2644 tantum
2420 2584 2731 2671 propter
2792 2577 3000 2655 illam
3072 2584 3591 2661 conditionem

2041 2670 2274 2786 super
2327 2691 2608 2777 omnia,
2687 2695 2870 2789 quia
2945 2697 3054 2772 sic
3124 2723 3277 2775 non
3348 2713 3596 2800 potest

2044 2805 2260 2903 diligi
2316 2807 2526 2882 Deus
2563 2832 2609 2884 a
2671 2813 2924 2907 nobis,
2971 2815 3117 2890 nisi
3180 2842 3315 2916 per
3369 2821 3596 2894 habi-

2044 2933 2204 2996 turn
2284 2925 2653 3001 infusum.
2735 2930 3003 3006 Omnis
3089 2935 3295 3008 enim
3380 2961 3597 3013 amor

2046 3043 2420 3117 naturalis
2469 3055 2582 3119 est
2621 3069 2760 3143 per
2818 3072 2897 3123 se
2939 3050 3033 3124 ad
3076 3040 3364 3128 bonum
3425 3079 3600 3131 con-

2040 3159 2393 3256 veniens,
2440 3163 2625 3260 quia
2663 3166 2756 3239 ad
2812 3169 3360 3266 perfectionem
3401 3173 3592 3250 illud

2042 3279 2378 3378 respicit,
2439 3283 2661 3378 cujus
2702 3294 2814 3359 est
2869 3287 3192 3385 -bonum,
3265 3292 3437 3368 ideo
3479 3304 3595 3376 est

2040 3395 2327 3471 bonum
2395 3402 2919 3477 ‘commodum
2987 3405 3076 3479 ‘in
3161 3411 3587 3506 communi,

2040 3524 2114 3590 et
2171 3515 2492 3612 proinde
2554 3540 2707 3591 non
2761 3519 3026 3617 diliget
3066 3525 3297 3601 homo
3362 3537 3595 3604 natu-

2041 3634 2301 3708 raliter
2340 3634 2631 3732 aliquid
2702 3637 3111 3736 plusquam
3183 3668 3291 3719 se.
3366 3647 3588 3743 Item,

2037 3774 2128 3825 ex
2215 3752 2359 3825 hoc
2427 3751 2765 3828 amicitia
2823 3755 2917 3828 ad
2986 3760 3342 3857 alterum,
3407 3765 3592 3862 quia

2035 3872 2151 3939 est
2194 3865 2438 3961 magis
2490 3890 2728 3940 unum
2790 3869 2961 3959 sibi,
3027 3871 3197 3949 ideo
3239 3876 3367 3950 dat
3416 3903 3586 3952 om-

2038 3982 2221 4056 nino
2280 3983 2495 4057 illum
2556 3985 2866 4061 modum
2911 4013 3145 4087 super
3191 3994 3475 4070 omnia.

2132 4099 2414 4175 Contra
2468 4102 2611 4175 hoc
2651 4104 3052 4198 arguitur:
3102 4109 3289 4184 Pars
3331 4111 3578 4210 diligit
3607 4137 3941 4210 cumquod-

2037 4216 2280 4313 magis
2345 4226 2584 4291 totum
2656 4220 2877 4316 cujus
2932 4247 3108 4319 pars
3174 4237 3288 4301 est
3341 4254 3571 4328 quam
3602 4198 3694 4251 ω’
3727 4202 3772 4250 ⁴'
3809 4215 3859 4266 ‘¹‘
3890 4201 3939 4253 δ’

2030 4354 2139 4425 se,
2208 4332 2407 4405 unde
2475 4356 2707 4429 grave
2768 4338 3135 4433 ascendit,
3205 4350 3284 4415 ut
3340 4367 3569 4443 aqua,

2031 4456 2133 4521 ut>
2190 4447 2599 4546 impleatur
2676 4450 2891 4527 locus
2967 4455 3167 4531 aeris
3260 4474 3576 4561 propter

2026 4563 2319 4638 bonum
2401 4566 2768 4662 universi,
2860 4593 2956 4644 ne
3036 4572 3133 4647 sit
3207 4600 3568 4655 vacuum.

2028 4678 2397 4757 Similiter
2476 4707 2750 4760 manus
2818 4689 3256 4765 extenditur
3308 4696 3402 4770 ad
3462 4698 3576 4773 ic-

2030 4807 2190 4872 tum
2258 4823 2395 4897 pro
2460 4801 2734 4899 capite,
2817 4827 2911 4879 ne
2979 4816 3222 4883 totum
3293 4835 3574 4911 corpus

2026 4912 2375 4990 intereat.

2122 5031 2275 5105 Ista
2333 5032 2523 5107 ratio
2582 5057 2736 5108 non
2788 5038 3019 5132 valet,
3081 5050 3326 5117 totum
3369 5054 3573 5124 amat

2023 5168 2132 5238 se,
2206 5153 2281 5220 et
2332 5155 2589 5222 tamen
2661 5150 2906 5246 magis
2982 5165 3188 5230 amat
3242 5170 3565 5255 partem,

2022 5283 2200 5359 quae
2271 5263 2515 5360 magis
2590 5273 2704 5340 est
2774 5272 3213 5348 necessaria
3277 5276 3373 5350 ad
3449 5280 3568 5354 sui

2022 5401 2204 5465 esse,
2255 5378 2425 5455 ideo
2461 5381 2635 5455 facit
2691 5382 2980 5481 aliquid
3039 5393 3566 5470 necessarium

2022 5496 2116 5569 ad
2182 5520 2341 5572 esse
2426 5499 2741 5575 alterius
2844 5504 3083 5600 partis
3158 5517 3233 5582 et
3296 5511 3559 5608 totius,

2023 5634 2202 5709 quae
2303 5623 2486 5691 sunt
2563 5617 2999 5694 necessaria
3091 5623 3336 5721 magis
3419 5627 3563 5704 sibi
