4295 6326
630 417 760 485 536
869 466 874 470 -

2052 414 2296 483 LIBRI
2341 416 2463 489 lv,

623 593 983 690 vaccipere
1064 592 1421 667 virtutem
1534 591 1871 683 creandi,
1962 591 2184 687 cujus
2291 593 2498 686 tivae,
2563 568 3017 688 sequeretur
3083 582 3284 683 quod
3361 576 3839 654 Mathemati-

641 711 1078 808 oppositum
1123 711 1489 785 deberent
1531 710 1884 806 probare.

407 856 470 922 8,
742 828 959 916 Quod
1002 853 1184 903 vero
1219 828 1485 901 dicunt
1524 829 1615 901 de
1672 828 1968 902 actione
2022 853 2189 926 pro-

292 971 585 1045 serutatur
643 946 807 1044 pria
847 946 1361 1031 instrumenti,
1401 967 1665 1041 quaero
1726 946 1817 1019 de
1880 945 2011 1019 illa
2071 970 2188 1020 ac·

291 1036 581 1158 ὺῖῗῖᾈρζῗῑῖ
642 1061 847 1135 tione
892 1060 1228 1158 propria,
1289 1084 1380 1134 an
1445 1060 1853 1134 conveniat
1913 1060 2189 1135 instru-

290 1161 580 1272 maeffiio-
642 1190 897 1253 mento
970 1180 1397 1253 secundum
1467 1177 1752 1275 aliquid
1814 1178 1956 1257 sibi
2007 1203 2190 1276 pro—

638 1296 890 1394 prium
952 1296 991 1367 ‘2
1075 1305 1208 1369 aut
1299 1294 1661 1369 convenit
1749 1294 1894 1368 ista
1993 1296 2187 1371 actio

639 1413 1064 1487 secundum
1139 1413 1454 1485 formam
1552 1411 1966 1509 propriam,
2058 1421 2192 1486 aut

638 1531 1066 1606 secundum
1125 1530 1329 1627 quod
1400 1538 1515 1602 est
1590 1529 2188 1603 instrumentum

639 1657 928 1720 motum
965 1670 1008 1720 a
1042 1646 1441 1743 superiore
1475 1656 1775 1741 agente.
1825 1644 1901 1719 Si
1936 1645 2189 1743 primo

640 1763 895 1854 inodO,
969 1785 1150 1857 ergo
1227 1761 1477 1834 virtus
1563 1761 1772 1834 illius
1867 1761 2191 1835 actionis

638 1879 972 1978 propria}
1015 1887 1126 1952 est
1159 1901 1397 1973 agens
1451 1876 1783 1974 primum
1842 1885 1914 1950 et
1976 1878 2187 1975 prin-

641 1997 914 2093 cipale,
980 2002 1054 2068 et
1102 2018 1254 2067 non
1326 1993 1954 2086 instrumentum,
2012 1995 2195 2092 quia

639 2112 885 2185 virtus
920 2110 1127 2185 illius
1169 2110 1495 2184 actionis
1529 2111 1719 2182 nulli
1754 2110 1882 2182 alii
1926 2111 2191 2184 subor-

642 2231 977 2322 dinatur,
1024 2240 1098 2304 et
1130 2228 1385 2303 omnis
1436 2229 1633 2302 actio
1689 2251 1863 2325 quae
1923 2253 2197 2305 conve-

645 2347 757 2421 nit
797 2346 1052 2438 alicui,
1093 2355 1173 2418 ut
1228 2344 1633 2443 principali
1690 2346 1975 2441 agenti,
2032 2370 2186 2420 non

643 2462 1004 2537 convenit
1039 2462 1185 2536 sibi
1237 2462 1558 2559 praecise
1596 2469 1675 2535 ut
1716 2461 2195 2537 instrumen-

643 2580 859 2666 tasi
888 2603 1070 2653 vero
1106 2578 1249 2651 ista
1281 2577 1476 2652 actio
1510 2577 1655 2651 sibi
1690 2578 1996 2676 proprie
2033 2602 2189 2652 non

645 2706 1028 2795 competat
1103 2696 1531 2769 secundum
1593 2697 1910 2770 formam
2008 2720 2189 2794 pro-

644 2815 918 2914 priam,
957 2813 1090 2886 sed
1137 2812 1567 2886 secundum
1605 2812 1808 2908 quod
1848 2823 2198 2887 movetur

647 2933 741 3007 ab
816 2939 1088 3026 agente
1158 2929 1592 3028 principali,
1704 2954 1886 3027 ergo
1973 2923 2198 3006 'nulla

648 3049 845 3123 actio
895 3047 1258 3121 convenit
1288 3046 1432 3119 sibi
1480 3048 1814 3144 propria,
1866 3049 2199 3145 inquan-

652 3175 812 3241 tum
856 3176 970 3239 est
1015 3163 1611 3238 instrumentum
1649 3165 1949 3261 agentis
1984 3166 2200 3263 prin-

581 3359 584 3362 ,
651 3280 947 3378 cipalis,
986 3278 1129 3352 nisi
1178 3303 1314 3377 per
1355 3280 1740 3372 accidenS,
1786 3291 1859 3354 et
1908 3284 2054 3355 tale
2088 3291 2202 3356 est

655 3395 1083 3493 separabile
1124 3422 1140 3487 ;
1176 3393 1365 3466 falsa
1398 3401 1512 3464 est
1545 3417 1728 3489 ergo
1772 3393 1901 3467 illa
1936 3395 2198 3491 major,

655 3511 858 3609 quod
955 3532 1182 3584 omne
1289 3530 1528 3602 agens
1616 3508 2199 3586 instrumentale

660 3628 889 3702 habet
932 3626 1309 3701 actionem
1364 3624 1751 3723 propriam
1808 3650 1944 3723 per
1992 3627 2199 3701 aliud

659 3744 804 3819 sibi
876 3743 1302 3841 proprium,
1386 3751 1664 3840 praeter
1721 3743 1928 3817 illam
2026 3767 2201 3841 quae

659 3860 1104 3935 attribuitur
1144 3859 1401 3954 agenti
1444 3858 1875 3957 principali.

324 3994 628 4102 narffiffsn-
760 3981 850 4051 Et
909 4001 1079 4052 cum
1162 3977 1491 4075 probant
1556 3978 1647 4050 de
1694 4001 1927 4066 serra,
1998 3976 2201 4074 quod

342 4116 469 4190 quja
503 4114 609 4164 effi-
662 4094 869 4170 illius
972 4105 1085 4168 est
1179 4094 1485 4191 proprie
1605 4093 1973 4186 dividere,
2085 4094 2203 4166 vel

376 4177 566 4228 cmm?
661 4235 948 4303 secare,
1013 4232 1278 4306 quaero
1366 4233 1409 4283 a
1495 4233 1648 4307 qua
1733 4212 1971 4284 forma
2061 4211 2205 4284 sibi

661 4328 1079 4401 intrinseca
1142 4327 1373 4400 habet
1441 4349 1653 4402 serra
1719 4327 1922 4399 illam
1967 4329 2209 4401 actio-

664 4472 841 4522 nem
893 4448 1038 4522 sibi
1089 4447 1474 4545 propriam
1525 4445 1565 4517 ἵ)
1608 4446 1777 4520 Non
1832 4470 1874 4519 a
1933 4446 2205 4543 figura,

663 4567 785 4639 vel
829 4563 1253 4661 quantitate
1284 4563 1481 4658 ejuS,
1540 4585 1715 4659 quae
1750 4574 1930 4637 sunt
1965 4566 2207 4660 magis

669 4680 1133 4772 intrinsecae,
1180 4679 1362 4776 quia
1403 4679 1713 4775 quando
1747 4679 2210 4754 instrumen-

667 4805 827 4871 tum
873 4820 1023 4869 non
1090 4796 1319 4869 hahet
1384 4795 1610 4868 talem
1665 4793 2015 4891 figuram,
2083 4799 2205 4871 vel

666 4915 896 4987 talem
931 4911 1467 5008 quantitatem,
1507 4934 1659 4984 non
1695 4912 1988 5004 dividit,
2025 4914 2209 5010 quia

667 5038 1026 5103 neutrum
1090 5051 1356 5101 eorum
1427 5036 1540 5101 est
1606 5027 1844 5100 forma
1929 5028 2200 5102 activa.

666 5147 834 5221 Non
881 5145 1157 5242 figura,
1204 5144 1378 5241 quia
1425 5153 1538 5218 est
1570 5145 1660 5217 de
1703 5144 1919 5219 tertia
1954 5147 2206 5244 specie

669 5262 1074 5350 Qualitatis
1113 5286 1128 5347 ;
1179 5285 1317 5335 nec
1360 5261 1777 5357 quantitas,
1823 5261 2005 5358 quia
2036 5286 2211 5336 con-

669 5379 1021 5477 sequitur
1085 5377 1332 5476 primo
1414 5378 1876 5476 principium
1963 5379 2210 5477 passi-

668 5523 879 5572 vum.

766 5615 847 5689 Si
916 5613 1143 5689 etiam
1214 5613 1380 5687 istae
1451 5614 1712 5688 lormae
1771 5624 2028 5688 essent
2077 5638 2209 5690 ac-

2295 734 2431 785 cus
2472 708 2972 783 considerans
3019 708 3392 801 quantum
3453 698 3572 770 vel
3609 694 3835 769 etiam

2294 826 2653 923 figuram,
2765 832 2843 896 ut
2965 816 3617 917 quadrangulum,
3715 812 3835 885 vel

2295 943 2798 1040 triangulum,
2839 962 2987 1012 non
3035 935 3510 1011 abstraheret
3549 957 3594 1005 a
3632 938 3837 1003 motu

2297 1072 2371 1136 et
2402 1061 2728 1144 actione,
2758 1057 2962 1156 quod
2998 1055 3269 1128 falsum
3304 1060 3461 1143 est3
3500 1047 3838 1122 dividere

2297 1203 2479 1274 ergo
2513 1175 2938 1252 ser-undum
2972 1170 3173 1270 quod
3228 1168 3452 1255 actia,
3500 1187 3662 1238 non
3728 1170 3841 1237 est

2299 1319 2608 1370 aserra.
2671 1293 2747 1367 Si
2805 1314 2988 1364 vero
3045 1285 3385 1360 dividere
3428 1283 3526 1357 sit
3590 1288 3841 1354 motus

2300 1413 2593 1505 localiS,
2665 1421 2847 1484 tunc
2917 1429 3129 1481 serra
3186 1428 3338 1477 non
3415 1409 3667 1475 movet
3716 1420 3841 1472 ac-

2300 1531 2533 1611 tione,
2570 1528 2701 1602 sed
2739 1533 3087 1599 movetur
3117 1519 3471 1618 passione
3521 1541 3564 1591 a
3620 1514 3839 1614 prin-

2298 1646 2526 1743 cipali
2576 1653 2903 1740 agente;
2968 1639 3152 1738 quia
3211 1636 3413 1711 enim
3476 1634 3628 1707 duo
3685 1654 3843 1705 cor-

2299 1788 2488 1862 pora
2569 1786 2722 1834 non
2808 1765 3135 1857 possunt
3220 1777 3387 1828 esse
3476 1750 3704 1826 simul
3765 1746 3842 1820 in

2300 1882 2565 1957 eodem
2603 1880 2795 1970 loco,
2834 1876 3005 1949 ideo
3038 1897 3304 1949 eorum
3367 1870 3719 1945 simultas
3765 1864 3843 1938 in

2301 1997 2567 2072 eodem
2604 1995 2767 2068 loco
2803 2001 2914 2066 est
2946 2013 3209 2065 eorum
3250 1985 3590 2060 formalis
3625 2006 3850 2080 repu-

2301 2114 2639 2211 gnantia.
2687 2112 2865 2185 Ideo
2907 2109 3106 2197 sicut
3154 2107 3233 2179 in
3300 2115 3512 2179 motu
3564 2103 3846 2176 altera-

2301 2230 2558 2322 tionis,
2631 2238 2704 2302 et
2768 2237 2972 2300 motu
3040 2224 3134 2298 ad
3194 2224 3541 2312 sormam,
3603 2240 3841 2314 agens

2302 2351 2568 2425 eadem
2612 2347 2938 2439 actione,
2999 2368 3150 2442 qua
3199 2341 3375 2417 facit
3417 2364 3650 2416 unam
3703 2338 3844 2411 for-

2306 2490 2505 2540 mam
2550 2464 2832 2555 inesse,
2880 2462 3053 2536 facit
3107 2460 3337 2534 aliam
3389 2459 3687 2549 abesse,
3743 2455 3847 2528 ita

2304 2584 2378 2657 in
2419 2592 2625 2655 motu
2659 2580 2880 2654 locali
2909 2601 3149 2674 agens
3197 2576 3463 2651 eadem
3514 2573 3839 2665 actione,

2306 2722 2460 2796 qua
2508 2706 2763 2770 movet
2826 2717 3061 2769 unum
3123 2715 3403 2791 corpus
3460 2690 3538 2763 in
3601 2711 3844 2763 unum

2307 2817 2591 2907 locum,
2689 2811 3000 2911 expellit
3091 2809 3300 2883 aliud
3393 2830 3675 2905 corpus
3777 2803 3845 2879 ei

2307 2929 2932 3029 incompossibile
2993 2928 3087 3002 ab
3149 2927 3274 2999 illo
3323 2928 3535 3018 loco;
3574 2925 3841 2999 eodem

2305 3049 2533 3122 modo
2620 3056 2733 3121 est
2815 3046 2906 3119 de
2961 3068 3172 3118 serra
3249 3053 3318 3116 et
3401 3040 3842 3133 divisione3

2307 3190 2519 3242 serra
2560 3189 2713 3238 non
2743 3162 2972 3237 habet
3013 3160 3354 3236 dividere
3408 3183 3500 3235 ex
3549 3182 3658 3251 se,
3712 3157 3847 3233 sed

2309 3294 2561 3358 motus
2621 3283 2786 3380 ejus
2845 3291 2958 3356 est
3025 3305 3068 3355 a
3130 3304 3392 3373 manu,
3455 3287 3528 3353 et
3572 3277 3848 3351 divisio

2308 3422 2794 3496 consequens
2886 3406 3201 3484 motum,
3295 3403 3367 3470 et
3431 3403 3614 3467 sunt
3697 3393 3849 3465 duo

2308 3515 2623 3593 effectus
2656 3514 3003 3588 ordinate
3051 3510 3374 3608 agentis,
3441 3508 3659 3597 Quod
3713 3531 3851 3581 au-

2308 3643 2458 3707 tem
2504 3630 2770 3705 dividit
2811 3639 2923 3703 est
2956 3650 3235 3701 manus
3270 3650 3589 3702 movens
3639 3627 3851 3700 loca-

2311 3750 2482 3823 liter
2557 3746 2806 3845 primo
2868 3745 3112 3843 ipsam
3148 3766 3468 3830 serram,
3536 3752 3615 3816 ut
3692 3739 3853 3840 pri-

2311 3889 2520 3940 mum
2593 3863 2943 3939 effectum
3019 3862 3214 3959 ejuS,
3308 3871 3383 3935 et
3475 3861 3849 3953 secundO,

2308 3982 2496 4080 quia
2521 3981 2673 4055 duo
2715 4001 3037 4077 corpora
3080 4001 3232 4053 non
3304 3985 3627 4075 possunt
3683 4000 3853 4052 esse

2312 4100 2570 4191 simul,
2606 4097 2873 4171 dividit
2912 4097 3207 4193 lignum
3239 4124 3258 4188 ;
3292 4095 3585 4170 securis
3644 4095 3848 4169 enim

2313 4228 2386 4291 et
2461 4239 2699 4307 serra,
2793 4215 2975 4311 quia
3072 4223 3251 4287 sunt
3344 4213 3857 4288 instrumenta

2314 4342 2562 4418 acuta,
2601 4341 2782 4404 sunt
2844 4329 3061 4404 facile
3122 4330 3458 4422 mobilia,
3527 4329 3853 4404 maxime

2314 4448 2739 4524 secundum
2845 4456 3135 4520 motum
3242 4446 3663 4542 gravitatis.
3765 4447 3858 4520 Et

2315 4567 2513 4651 ideo,
2545 4566 3003 4662 inquantum
3050 4564 3217 4661 ipsa
3271 4572 3680 4639 moventur
3726 4586 3858 4639 ac-

2317 4685 2466 4758 tive
2509 4683 2601 4756 ab
2644 4680 3369 4778 a1·titice,expellunt
3428 4681 3634 4755 aliud
3686 4705 3858 4755 cor-

2314 4825 2461 4898 pus
2493 4799 2933 4893 dividendo,
2986 4800 3105 4872 vel
3159 4798 3310 4872 alio
3374 4798 3596 4873 modo
3648 4798 3857 4873 scin-

2315 4917 2590 5002 dendo,
2688 4918 2808 4990 vel
2900 4917 3333 5014 copulando
3428 4918 3852 4992 secundum

2316 5032 2929 5108 convenientiam
2981 5034 3245 5106 formae
3292 5032 3738 5123 artificialiS,
3785 5041 3859 5107 et

2316 5151 2738 5225 secundum
2812 5149 3017 5246 quod
3082 5148 3424 5224 dividere
3501 5150 3858 5247 dirigitur

2318 5268 2411 5341 ab
2454 5264 2764 5351 artifice,
2802 5267 3177 5340 movendo
3256 5289 3346 5341 ea
3399 5294 3416 5359 ;
3468 5291 3622 5340 non
3673 5291 3854 5366 ergo

2317 5407 2528 5458 serra
2569 5385 2688 5457 vel
2732 5382 3025 5456 securis
3086 5382 3243 5478 agit
3299 5381 3670 5478 effective,
3724 5386 3856 5461 sed

2316 5509 2611 5575 tantum
2658 5499 2987 5597 passive,
3030 5500 3456 5574 secundum
3494 5502 3697 5599 quod
3761 5503 3857 5577 ab

2320 5623 2594 5710 agente
2632 5622 3010 5687 movetur.
3061 5612 3277 5687 Unde
3306 5613 3573 5688 eadem
3619 5615 3862 5689 actio-
