<?xml version="1.0" encoding="UTF-8"?>
<!DOCTYPE html PUBLIC "-//W3C//DTD XHTML 1.0 Transitional//EN"
    "http://www.w3.org/TR/xhtml1/DTD/xhtml1-transitional.dtd">
<html xmlns="http://www.w3.org/1999/xhtml" xml:lang="en" lang="en">
 <head>
  <title>
</title>
<meta http-equiv="Content-Type" content="text/html;charset=utf-8" />
  <meta name='ocr-system' content='tesseract 3.04.00' />
  <meta name='ocr-capabilities' content='ocr_page ocr_carea ocr_par ocr_line ocrx_word'/>
</head>
<body>
  <div class='ocr_page' id='page_1' title='image "./joannisdunsscot00waddgoog_0090.png"; bbox 0 0 4295 6326; ppageno 0'>
   <div class='ocr_carea' id='block_1_1' title="bbox 743 400 4252 531">
    <p class='ocr_par' dir='ltr' id='par_1_1' title="bbox 743 400 4254 541">
     <span class='ocr_line' id='line_1_1' title="bbox 743 400 4252 531; baseline 0.004 -4"><span class='ocrx_word' id='word_1_1' title='bbox 743 461 827 527; x_wconf 79' lang='lat'>76</span> <span class='ocrx_word' id='word_1_2' title='bbox 2149 457 2389 526; x_wconf 74' lang='lat' dir='ltr'>mem</span> <span class='ocrx_word' id='word_1_3' title='bbox 2436 458 2524 531; x_wconf 90' lang='lat'>11.</span> <span class='ocrx_word' id='word_1_4' title='bbox 4249 400 4252 423; x_wconf 41' lang='grc' dir='ltr'>Ι</span> 
     </span>
    </p>
   </div>
   <div class='ocr_carea' id='block_1_2' title="bbox 749 631 2300 888">
    <p class='ocr_par' dir='ltr' id='par_1_2' title="bbox 749 631 2300 888">
     <span class='ocr_line' id='line_1_2' title="bbox 749 631 2293 704; baseline -0.002 -15"><span class='ocrx_word' id='word_1_5' title='bbox 749 633 994 689; x_wconf 84' lang='lat' dir='ltr'>tendens</span> <span class='ocrx_word' id='word_1_6' title='bbox 1048 636 1371 690; x_wconf 80' lang='lat' dir='ltr'>secundum</span> <span class='ocrx_word' id='word_1_7' title='bbox 1433 632 1835 704; x_wconf 70' lang='lat' dir='ltr'>Philosophoe,</span> <span class='ocrx_word' id='word_1_8' title='bbox 1912 631 2293 687; x_wconf 77' lang='lat' dir='ltr'>substantiam</span> 
     </span>
     <span class='ocr_line' id='line_1_3' title="bbox 753 721 2300 780; baseline -0.003 0"><span class='ocrx_word' id='word_1_9' title='bbox 753 740 874 780; x_wconf 85' lang='lat' dir='ltr'>essc</span> <span class='ocrx_word' id='word_1_10' title='bbox 916 724 1251 779; x_wconf 83' lang='lat' dir='ltr'>immediate</span> <span class='ocrx_word' id='word_1_11' title='bbox 1294 725 1565 778; x_wconf 83' lang='lat' dir='ltr'>activam.</span> <span class='ocrx_word' id='word_1_12' title='bbox 1610 722 1790 777; x_wconf 80' lang='lat' dir='ltr'>Solvit</span> <span class='ocrx_word' id='word_1_13' title='bbox 1838 723 2010 777; x_wconf 79' lang='lat' dir='ltr'>ctiam</span> <span class='ocrx_word' id='word_1_14' title='bbox 2059 721 2300 777; x_wconf 76' lang='lat' dir='ltr'>auctori-</span> 
     </span>
     <span class='ocr_line' id='line_1_4' title="bbox 755 811 2150 888; baseline -0.004 -18"><span class='ocrx_word' id='word_1_15' title='bbox 755 820 904 871; x_wconf 76' lang='lat' dir='ltr'>tates</span> <span class='ocrx_word' id='word_1_16' title='bbox 938 831 1041 886; x_wconf 86' lang='lat' dir='ltr'>pro</span> <span class='ocrx_word' id='word_1_17' title='bbox 1073 814 1330 869; x_wconf 81' lang='lat' dir='ltr'>secunda</span> <span class='ocrx_word' id='word_1_18' title='bbox 1360 813 1648 888; x_wconf 73' lang='lat' dir='ltr'>sententia</span> <span class='ocrx_word' id='word_1_19' title='bbox 1674 813 1976 879; x_wconf 75' lang='lat' dir='ltr'>adductas,</span> <span class='ocrx_word' id='word_1_20' title='bbox 2010 829 2065 867; x_wconf 88' lang='lat' dir='ltr'>n.</span> <span class='ocrx_word' id='word_1_21' title='bbox 2096 811 2150 865; x_wconf 86' lang='lat'>9.</span> 
     </span>
    </p>
   </div>
   <div class='ocr_carea' id='block_1_3' title="bbox 419 1099 2333 5639">
    <p class='ocr_par' dir='ltr' id='par_1_3' title="bbox 524 1099 2320 3042">
     <span class='ocr_line' id='line_1_5' title="bbox 524 1099 2302 1200; baseline -0.006 -20"><span class='ocrx_word' id='word_1_22' title='bbox 524 1130 632 1198; x_wconf 70' lang='lat'>20,</span> <span class='ocrx_word' id='word_1_23' title='bbox 825 1106 963 1179; x_wconf 61' lang='lat' dir='ltr'>Ad</span> <span class='ocrx_word' id='word_1_24' title='bbox 1036 1105 1528 1179; x_wconf 79' lang='lat' dir='ltr'>auctoritates</span> <span class='ocrx_word' id='word_1_25' title='bbox 1598 1127 1733 1200; x_wconf 90' lang='lat' dir='ltr'>pro</span> <span class='ocrx_word' id='word_1_26' title='bbox 1824 1102 2071 1199; x_wconf 87' lang='lat' dir='ltr'>prima</span> <span class='ocrx_word' id='word_1_27' title='bbox 2129 1099 2302 1196; x_wconf 87' lang='lat' dir='ltr'>opi-</span> 
     </span>
     <span class='ocr_line' id='line_1_6' title="bbox 760 1208 2301 1316; baseline -0.004 -23"><span class='ocrx_word' id='word_1_28' title='bbox 760 1208 1014 1306; x_wconf 85' lang='lat' dir='ltr'>nione,</span> <span class='ocrx_word' id='word_1_29' title='bbox 1064 1220 1231 1294; x_wconf 91' lang='lat' dir='ltr'>dico</span> <span class='ocrx_word' id='word_1_30' title='bbox 1301 1220 1505 1316; x_wconf 86' lang='lat' dir='ltr'>quod</span> <span class='ocrx_word' id='word_1_31' title='bbox 1574 1241 1794 1316; x_wconf 83' lang='lat' dir='ltr'>aeque</span> <span class='ocrx_word' id='word_1_32' title='bbox 1862 1213 2301 1313; x_wconf 89' lang='lat' dir='ltr'>probabiles</span> 
     </span>
     <span class='ocr_line' id='line_1_7' title="bbox 762 1327 2302 1432; baseline -0.006 -23"><span class='ocrx_word' id='word_1_33' title='bbox 762 1334 1065 1409; x_wconf 82' lang='lat' dir='ltr'>suntad</span> <span class='ocrx_word' id='word_1_34' title='bbox 1114 1334 1578 1432; x_wconf 87' lang='lat' dir='ltr'>oppositum.</span> <span class='ocrx_word' id='word_1_35' title='bbox 1655 1331 1872 1405; x_wconf 86' lang='lat' dir='ltr'>Unde</span> <span class='ocrx_word' id='word_1_36' title='bbox 1932 1327 2302 1425; x_wconf 77' lang='lat' dir='ltr'>Augusti-</span> 
     </span>
     <span class='ocr_line' id='line_1_8' title="bbox 762 1444 2302 1545; baseline -0.005 -21"><span class='ocrx_word' id='word_1_37' title='bbox 762 1475 908 1524; x_wconf 85' lang='lat' dir='ltr'>nus</span> <span class='ocrx_word' id='word_1_38' title='bbox 950 1450 1019 1522; x_wconf 80' lang='lat'>9.</span> <span class='ocrx_word' id='word_1_39' title='bbox 1058 1449 1150 1523; x_wconf 78' lang='lat' dir='ltr'>de</span> <span class='ocrx_word' id='word_1_40' title='bbox 1198 1450 1472 1523; x_wconf 75' lang='lat' dir='ltr'>Trinit.</span> <span class='ocrx_word' id='word_1_41' title='bbox 1511 1448 1580 1520; x_wconf 74' lang='grc'>5.</span> <span class='ocrx_word' id='word_1_42' title='bbox 1656 1446 1858 1545; x_wconf 90' lang='lat' dir='ltr'>quod</span> <span class='ocrx_word' id='word_1_43' title='bbox 1929 1444 2302 1543; x_wconf 61' lang='lat' dir='ltr'>potentiae</span> 
     </span>
     <span class='ocr_line' id='line_1_9' title="bbox 759 1561 2299 1650; baseline -0.005 -9"><span class='ocrx_word' id='word_1_44' title='bbox 759 1592 914 1642; x_wconf 76' lang='lat' dir='ltr'>non</span> <span class='ocrx_word' id='word_1_45' title='bbox 952 1574 1133 1641; x_wconf 76' lang='lat' dir='ltr'>sant</span> <span class='ocrx_word' id='word_1_46' title='bbox 1161 1566 1611 1641; x_wconf 74' lang='lat' dir='ltr'>accidentia.</span> <span class='ocrx_word' id='word_1_47' title='bbox 1650 1566 1740 1638; x_wconf 89' lang='lat' dir='ltr'>Et</span> <span class='ocrx_word' id='word_1_48' title='bbox 1770 1564 1840 1635; x_wconf 80' lang='lat'>2.</span> <span class='ocrx_word' id='word_1_49' title='bbox 1879 1564 1971 1637; x_wconf 93' lang='lat' dir='ltr'>de</span> <span class='ocrx_word' id='word_1_50' title='bbox 1996 1561 2299 1650; x_wconf 88' lang='lat' dir='ltr'>Anima,</span> 
     </span>
     <span class='ocr_line' id='line_1_10' title="bbox 760 1677 2307 1781; baseline -0.006 -21"><span class='ocrx_word' id='word_1_51' title='bbox 760 1696 941 1760; x_wconf 83' lang='lat' dir='ltr'>text.</span> <span class='ocrx_word' id='word_1_52' title='bbox 990 1684 1061 1756; x_wconf 88' lang='grc'>9.</span> <span class='ocrx_word' id='word_1_53' title='bbox 1113 1684 1212 1758; x_wconf 87' lang='lat' dir='ltr'>Si</span> <span class='ocrx_word' id='word_1_54' title='bbox 1248 1682 1538 1781; x_wconf 67' lang='lat' dir='ltr'>oculus]</span> <span class='ocrx_word' id='word_1_55' title='bbox 1564 1689 1754 1757; x_wconf 78' lang='lat' dir='ltr'>esset</span> <span class='ocrx_word' id='word_1_56' title='bbox 1821 1678 2141 1772; x_wconf 81' lang='lat' dir='ltr'>animal,</span> <span class='ocrx_word' id='word_1_57' title='bbox 2186 1677 2307 1752; x_wconf 86' lang='lat' dir='ltr'>vi-</span> 
     </span>
     <span class='ocr_line' id='line_1_11' title="bbox 759 1795 2308 1900; baseline -0.006 -23"><span class='ocrx_word' id='word_1_58' title='bbox 759 1827 888 1878; x_wconf 78' lang='lat' dir='ltr'>sas</span> <span class='ocrx_word' id='word_1_59' title='bbox 943 1809 1138 1876; x_wconf 79' lang='lat' dir='ltr'>esset</span> <span class='ocrx_word' id='word_1_60' title='bbox 1181 1802 1344 1900; x_wconf 79' lang='lat' dir='ltr'>ejus</span> <span class='ocrx_word' id='word_1_61' title='bbox 1408 1799 1665 1898; x_wconf 85' lang='lat' dir='ltr'>forma</span> <span class='ocrx_word' id='word_1_62' title='bbox 1699 1827 1717 1893; x_wconf 86' lang='lat'><em>3</em></span> <span class='ocrx_word' id='word_1_63' title='bbox 1756 1798 1987 1894; x_wconf 88' lang='lat' dir='ltr'>igitur</span> <span class='ocrx_word' id='word_1_64' title='bbox 2053 1795 2308 1869; x_wconf 83' lang='lat' dir='ltr'>innuit</span> 
     </span>
     <span class='ocr_line' id='line_1_12' title="bbox 766 1913 2309 2018; baseline -0.004 -25"><span class='ocrx_word' id='word_1_65' title='bbox 766 1918 970 2018; x_wconf 89' lang='lat' dir='ltr'>quod</span> <span class='ocrx_word' id='word_1_66' title='bbox 1006 1917 1345 2016; x_wconf 90' lang='lat' dir='ltr'>potentia</span> <span class='ocrx_word' id='word_1_67' title='bbox 1376 1940 1532 1991; x_wconf 91' lang='lat' dir='ltr'>non</span> <span class='ocrx_word' id='word_1_68' title='bbox 1579 1915 1676 1990; x_wconf 89' lang='lat' dir='ltr'>sit</span> <span class='ocrx_word' id='word_1_69' title='bbox 1715 1913 2076 1989; x_wconf 85' lang='lat' dir='ltr'>differens</span> <span class='ocrx_word' id='word_1_70' title='bbox 2134 1936 2309 1988; x_wconf 91' lang='lat' dir='ltr'>rea-</span> 
     </span>
     <span class='ocr_line' id='line_1_13' title="bbox 766 2030 2310 2128; baseline -0.005 -19"><span class='ocrx_word' id='word_1_71' title='bbox 766 2036 940 2111; x_wconf 92' lang='lat' dir='ltr'>liter</span> <span class='ocrx_word' id='word_1_72' title='bbox 981 2036 1078 2110; x_wconf 90' lang='lat' dir='ltr'>ab</span> <span class='ocrx_word' id='word_1_73' title='bbox 1129 2034 1485 2119; x_wconf 79' lang='lat' dir='ltr'>essentia,</span> <span class='ocrx_word' id='word_1_74' title='bbox 1530 2056 1704 2107; x_wconf 89' lang='lat' dir='ltr'>cum</span> <span class='ocrx_word' id='word_1_75' title='bbox 1775 2031 1872 2105; x_wconf 91' lang='lat' dir='ltr'>sit</span> <span class='ocrx_word' id='word_1_76' title='bbox 1923 2030 2089 2128; x_wconf 86' lang='lat' dir='ltr'>ejus</span> <span class='ocrx_word' id='word_1_77' title='bbox 2159 2030 2310 2103; x_wconf 88' lang='lat' dir='ltr'>for-</span> 
     </span>
     <span class='ocr_line' id='line_1_14' title="bbox 767 2149 2313 2245; baseline -0.002 -20"><span class='ocrx_word' id='word_1_78' title='bbox 767 2176 918 2227; x_wconf 89' lang='lat' dir='ltr'>ma.</span> <span class='ocrx_word' id='word_1_79' title='bbox 990 2154 1102 2227; x_wconf 80' lang='lat' dir='ltr'>Et</span> <span class='ocrx_word' id='word_1_80' title='bbox 1129 2152 1220 2226; x_wconf 85' lang='lat' dir='ltr'>de</span> <span class='ocrx_word' id='word_1_81' title='bbox 1266 2149 1615 2245; x_wconf 77' lang='lat' dir='ltr'>dolabra,</span> <span class='ocrx_word' id='word_1_82' title='bbox 1663 2150 1737 2223; x_wconf 81' lang='lat' dir='ltr'>si</span> <span class='ocrx_word' id='word_1_83' title='bbox 1763 2153 1952 2223; x_wconf 79' lang='lat' dir='ltr'>esset</span> <span class='ocrx_word' id='word_1_84' title='bbox 2017 2171 2137 2221; x_wconf 80' lang='lat' dir='ltr'>res</span> <span class='ocrx_word' id='word_1_85' title='bbox 2168 2170 2313 2222; x_wconf 80' lang='lat' dir='ltr'>na-</span> 
     </span>
     <span class='ocr_line' id='line_1_15' title="bbox 766 2263 2314 2364; baseline -0.005 -21"><span class='ocrx_word' id='word_1_86' title='bbox 766 2267 1068 2355; x_wconf 72' lang='lat' dir='ltr'>tarali-5,</span> <span class='ocrx_word' id='word_1_87' title='bbox 1113 2268 1401 2342; x_wconf 82' lang='lat' dir='ltr'>acuties</span> <span class='ocrx_word' id='word_1_88' title='bbox 1438 2272 1631 2340; x_wconf 80' lang='lat' dir='ltr'>esset</span> <span class='ocrx_word' id='word_1_89' title='bbox 1667 2266 1831 2364; x_wconf 82' lang='lat' dir='ltr'>ejus</span> <span class='ocrx_word' id='word_1_90' title='bbox 1878 2264 2160 2360; x_wconf 78' lang='lat' dir='ltr'>forma.</span> <span class='ocrx_word' id='word_1_91' title='bbox 2221 2263 2314 2336; x_wconf 91' lang='lat' dir='ltr'>Et</span> 
     </span>
     <span class='ocr_line' id='line_1_16' title="bbox 768 2378 2307 2481; baseline -0.005 -24"><span class='ocrx_word' id='word_1_92' title='bbox 768 2386 837 2457; x_wconf 86' lang='lat'>7.</span> <span class='ocrx_word' id='word_1_93' title='bbox 875 2384 1217 2481; x_wconf 90' lang='lat' dir='ltr'>Metaph.</span> <span class='ocrx_word' id='word_1_94' title='bbox 1256 2392 1434 2457; x_wconf 87' lang='lat' dir='ltr'>text.</span> <span class='ocrx_word' id='word_1_95' title='bbox 1495 2381 1614 2454; x_wconf 82' lang='lat'>39.</span> <span class='ocrx_word' id='word_1_96' title='bbox 1689 2382 1779 2455; x_wconf 89' lang='lat' dir='ltr'>Et</span> <span class='ocrx_word' id='word_1_97' title='bbox 1843 2380 1913 2452; x_wconf 83' lang='lat'>4.</span> <span class='ocrx_word' id='word_1_98' title='bbox 1984 2378 2307 2454; x_wconf 90' lang='lat' dir='ltr'>Meteor.</span> 
     </span>
     <span class='ocr_line' id='line_1_17' title="bbox 780 2495 2314 2597; baseline -0.005 -21"><span class='ocrx_word' id='word_1_99' title='bbox 780 2499 1582 2597; x_wconf 81' lang='lat' dir='ltr'>Unumquodcumque</span> <span class='ocrx_word' id='word_1_100' title='bbox 1666 2496 1964 2571; x_wconf 76' lang='lat' dir='ltr'>dicetur</span> <span class='ocrx_word' id='word_1_101' title='bbox 2059 2495 2314 2592; x_wconf 73' lang='lat' dir='ltr'>sinqu-</span> 
     </span>
     <span class='ocr_line' id='line_1_18' title="bbox 771 2611 2308 2713; baseline -0.005 -23"><span class='ocrx_word' id='word_1_102' title='bbox 771 2617 959 2710; x_wconf 82' lang='lat' dir='ltr'>lum,</span> <span class='ocrx_word' id='word_1_103' title='bbox 1042 2639 1212 2690; x_wconf 84' lang='lat' dir='ltr'>cum</span> <span class='ocrx_word' id='word_1_104' title='bbox 1268 2620 1520 2713; x_wconf 80' lang='lat' dir='ltr'>potest</span> <span class='ocrx_word' id='word_1_105' title='bbox 1603 2614 1684 2688; x_wconf 80' lang='lat' dir='ltr'>in</span> <span class='ocrx_word' id='word_1_106' title='bbox 1761 2611 2308 2709; x_wconf 76' lang='lat' dir='ltr'>operationem,</span> 
     </span>
     <span class='ocr_line' id='line_1_19' title="bbox 769 2727 2320 2827; baseline -0.005 -20"><span class='ocrx_word' id='word_1_107' title='bbox 769 2756 942 2807; x_wconf 85' lang='lat' dir='ltr'>cum</span> <span class='ocrx_word' id='word_1_108' title='bbox 974 2756 1130 2806; x_wconf 82' lang='lat' dir='ltr'>non</span> <span class='ocrx_word' id='word_1_109' title='bbox 1201 2731 1487 2806; x_wconf 74' lang='lat' dir='ltr'>dicitur</span> <span class='ocrx_word' id='word_1_110' title='bbox 1561 2727 1709 2804; x_wconf 82' lang='lat' dir='ltr'>tale</span> <span class='ocrx_word' id='word_1_111' title='bbox 1747 2729 2162 2827; x_wconf 77' lang='lat' dir='ltr'>aequivoce,</span> <span class='ocrx_word' id='word_1_112' title='bbox 2234 2731 2320 2800; x_wconf 86' lang='lat' dir='ltr'>ut</span> 
     </span>
     <span class='ocr_line' id='line_1_20' title="bbox 762 2845 2317 2947; baseline -0.005 -24"><span class='ocrx_word' id='word_1_113' title='bbox 762 2855 978 2947; x_wconf 79' lang='lat' dir='ltr'>patet</span> <span class='ocrx_word' id='word_1_114' title='bbox 1047 2849 1140 2923; x_wconf 86' lang='lat' dir='ltr'>de</span> <span class='ocrx_word' id='word_1_115' title='bbox 1190 2847 1406 2922; x_wconf 82' lang='lat' dir='ltr'>oculo</span> <span class='ocrx_word' id='word_1_116' title='bbox 1459 2853 1697 2921; x_wconf 80' lang='lat' dir='ltr'>eruco.</span> <span class='ocrx_word' id='word_1_117' title='bbox 1802 2845 1951 2920; x_wconf 86' lang='lat' dir='ltr'>Sed</span> <span class='ocrx_word' id='word_1_118' title='bbox 2007 2852 2317 2942; x_wconf 90' lang='lat' dir='ltr'>propter</span> 
     </span>
     <span class='ocr_line' id='line_1_21' title="bbox 774 2959 2318 3042; baseline -0.006 -1"><span class='ocrx_word' id='word_1_119' title='bbox 774 2966 1270 3042; x_wconf 88' lang='lat' dir='ltr'>amissionem</span> <span class='ocrx_word' id='word_1_120' title='bbox 1330 2963 1749 3040; x_wconf 89' lang='lat' dir='ltr'>accidentis</span> <span class='ocrx_word' id='word_1_121' title='bbox 1805 2985 1960 3037; x_wconf 90' lang='lat' dir='ltr'>non</span> <span class='ocrx_word' id='word_1_122' title='bbox 2039 2959 2318 3035; x_wconf 89' lang='lat' dir='ltr'>dicitur</span> 
     </span>
    </p>

    <p class='ocr_par' dir='ltr' id='par_1_4' title="bbox 419 3076 2330 5203">
     <span class='ocr_line' id='line_1_22' title="bbox 419 3076 2320 3210; baseline -0.004 -51"><span class='ocrx_word' id='word_1_123' title='bbox 419 3094 594 3210; x_wconf 46' lang='lat'>2323</span> <span class='ocrx_word' id='word_1_124' title='bbox 615 3106 729 3208; x_wconf 51' lang='lat'>1³2·-</span> <span class='ocrx_word' id='word_1_125' title='bbox 775 3108 897 3159; x_wconf 92' lang='lat' dir='ltr'>res</span> <span class='ocrx_word' id='word_1_126' title='bbox 925 3083 1098 3158; x_wconf 89' lang='lat' dir='ltr'>talis</span> <span class='ocrx_word' id='word_1_127' title='bbox 1140 3082 1565 3181; x_wconf 83' lang='lat' dir='ltr'>aequivoce.</span> <span class='ocrx_word' id='word_1_128' title='bbox 1612 3080 1798 3154; x_wconf 89' lang='lat' dir='ltr'>Cum</span> <span class='ocrx_word' id='word_1_129' title='bbox 1856 3078 2092 3177; x_wconf 89' lang='lat' dir='ltr'>igitur</span> <span class='ocrx_word' id='word_1_130' title='bbox 2121 3076 2320 3152; x_wconf 89' lang='lat' dir='ltr'>dica-</span> 
     </span>
     <span class='ocr_line' id='line_1_23' title="bbox 421 3172 2320 3297; baseline -0.002 -25"><span class='ocrx_word' id='word_1_131' title='bbox 421 3222 570 3297; x_wconf 61' lang='lat' dir='ltr'>nitmj</span> <span class='ocrx_word' id='word_1_132' title='bbox 590 3172 659 3270; x_wconf 64' lang='lat'>1:¹1²</span> <span class='ocrx_word' id='word_1_133' title='bbox 680 3224 725 3272; x_wconf 84' lang='lat'>2.</span> <span class='ocrx_word' id='word_1_134' title='bbox 774 3212 898 3276; x_wconf 91' lang='lat' dir='ltr'>tur</span> <span class='ocrx_word' id='word_1_135' title='bbox 938 3201 1015 3274; x_wconf 90' lang='lat' dir='ltr'>in</span> <span class='ocrx_word' id='word_1_136' title='bbox 1060 3199 1693 3276; x_wconf 82' lang='lat' dir='ltr'>P1·aedicamentis</span> <span class='ocrx_word' id='word_1_137' title='bbox 1725 3197 1927 3296; x_wconf 91' lang='lat' dir='ltr'>quod</span> <span class='ocrx_word' id='word_1_138' title='bbox 1971 3205 2152 3271; x_wconf 90' lang='lat' dir='ltr'>sunt</span> <span class='ocrx_word' id='word_1_139' title='bbox 2184 3219 2320 3293; x_wconf 91' lang='lat' dir='ltr'>po-</span> 
     </span>
     <span class='ocr_line' id='line_1_24' title="bbox 424 3297 2320 3412; baseline -0.007 -13"><span class='ocrx_word' id='word_1_140' title='bbox 424 3297 744 3399; x_wconf 48' lang='lat' dir='ltr'>affiga-</span> <span class='ocrx_word' id='word_1_141' title='bbox 775 3318 1037 3394; x_wconf 87' lang='lat' dir='ltr'>tentiae</span> <span class='ocrx_word' id='word_1_142' title='bbox 1072 3318 1464 3391; x_wconf 78' lang='lat' dir='ltr'>naturales</span> <span class='ocrx_word' id='word_1_143' title='bbox 1515 3315 1588 3388; x_wconf 90' lang='lat' dir='ltr'>in</span> <span class='ocrx_word' id='word_1_144' title='bbox 1656 3336 1937 3412; x_wconf 82' lang='lat' dir='ltr'>genere</span> <span class='ocrx_word' id='word_1_145' title='bbox 1988 3311 2320 3400; x_wconf 87' lang='lat' dir='ltr'>Qualita-</span> 
     </span>
     <span class='ocr_line' id='line_1_25' title="bbox 714 3430 2320 3532; baseline -0.007 -20"><span class='ocrx_word' id='word_1_146' title='bbox 714 3505 723 3513; x_wconf 84' lang='lat'><strong>.</strong></span> <span class='ocrx_word' id='word_1_147' title='bbox 780 3437 899 3530; x_wconf 82' lang='lat' dir='ltr'>tis,</span> <span class='ocrx_word' id='word_1_148' title='bbox 937 3435 1108 3509; x_wconf 90' lang='lat' dir='ltr'>dico</span> <span class='ocrx_word' id='word_1_149' title='bbox 1142 3434 1347 3532; x_wconf 90' lang='lat' dir='ltr'>quod</span> <span class='ocrx_word' id='word_1_150' title='bbox 1382 3433 1526 3507; x_wconf 91' lang='lat' dir='ltr'>ista</span> <span class='ocrx_word' id='word_1_151' title='bbox 1562 3430 1927 3531; x_wconf 89' lang='lat' dir='ltr'>potentia,</span> <span class='ocrx_word' id='word_1_152' title='bbox 1964 3453 2138 3527; x_wconf 85' lang='lat' dir='ltr'>quae</span> <span class='ocrx_word' id='word_1_153' title='bbox 2207 3437 2320 3503; x_wconf 93' lang='lat' dir='ltr'>est</span> 
     </span>
     <span class='ocr_line' id='line_1_26' title="bbox 782 3547 2322 3648; baseline -0.006 -20"><span class='ocrx_word' id='word_1_154' title='bbox 782 3556 857 3627; x_wconf 89' lang='lat' dir='ltr'>in</span> <span class='ocrx_word' id='word_1_155' title='bbox 938 3553 1280 3628; x_wconf 89' lang='lat' dir='ltr'>secunda</span> <span class='ocrx_word' id='word_1_156' title='bbox 1364 3550 1617 3648; x_wconf 90' lang='lat' dir='ltr'>specie</span> <span class='ocrx_word' id='word_1_157' title='bbox 1703 3547 2134 3641; x_wconf 80' lang='lat' dir='ltr'>Qualitatis,</span> <span class='ocrx_word' id='word_1_158' title='bbox 2207 3555 2322 3621; x_wconf 90' lang='lat' dir='ltr'>est</span> 
     </span>
     <span class='ocr_line' id='line_1_27' title="bbox 778 3664 2318 3768; baseline -0.005 -26"><span class='ocrx_word' id='word_1_159' title='bbox 778 3668 1242 3768; x_wconf 88' lang='lat' dir='ltr'>principium</span> <span class='ocrx_word' id='word_1_160' title='bbox 1317 3665 1638 3740; x_wconf 82' lang='lat' dir='ltr'>faciliter</span> <span class='ocrx_word' id='word_1_161' title='bbox 1694 3664 1999 3760; x_wconf 89' lang='lat' dir='ltr'>agendi,</span> <span class='ocrx_word' id='word_1_162' title='bbox 2037 3672 2110 3737; x_wconf 91' lang='lat' dir='ltr'>et</span> <span class='ocrx_word' id='word_1_163' title='bbox 2164 3686 2318 3736; x_wconf 91' lang='lat' dir='ltr'>non</span> 
     </span>
     <span class='ocr_line' id='line_1_28' title="bbox 779 3780 2321 3882; baseline -0.004 -22"><span class='ocrx_word' id='word_1_164' title='bbox 779 3796 894 3860; x_wconf 89' lang='lat' dir='ltr'>est</span> <span class='ocrx_word' id='word_1_165' title='bbox 944 3783 1284 3882; x_wconf 90' lang='lat' dir='ltr'>potentia</span> <span class='ocrx_word' id='word_1_166' title='bbox 1328 3781 1700 3855; x_wconf 89' lang='lat' dir='ltr'>naturalis</span> <span class='ocrx_word' id='word_1_167' title='bbox 1733 3780 2107 3873; x_wconf 89' lang='lat' dir='ltr'>absolute,</span> <span class='ocrx_word' id='word_1_168' title='bbox 2181 3802 2321 3854; x_wconf 90' lang='lat' dir='ltr'>ne-</span> 
     </span>
     <span class='ocr_line' id='line_1_29' title="bbox 780 3896 2321 4002; baseline -0.006 -23"><span class='ocrx_word' id='word_1_169' title='bbox 780 3927 929 4002; x_wconf 89' lang='lat' dir='ltr'>que</span> <span class='ocrx_word' id='word_1_170' title='bbox 997 3903 1091 3977; x_wconf 90' lang='lat' dir='ltr'>ad</span> <span class='ocrx_word' id='word_1_171' title='bbox 1154 3901 1348 3975; x_wconf 89' lang='lat' dir='ltr'>bene</span> <span class='ocrx_word' id='word_1_172' title='bbox 1427 3899 1841 3995; x_wconf 89' lang='lat' dir='ltr'>agendum,</span> <span class='ocrx_word' id='word_1_173' title='bbox 1908 3920 2160 3994; x_wconf 89' lang='lat' dir='ltr'>neque</span> <span class='ocrx_word' id='word_1_174' title='bbox 2227 3896 2321 3970; x_wconf 92' lang='lat' dir='ltr'>ad</span> 
     </span>
     <span class='ocr_line' id='line_1_30' title="bbox 784 4013 2324 4116; baseline -0.006 -20"><span class='ocrx_word' id='word_1_175' title='bbox 784 4023 1011 4113; x_wconf 88' lang='lat' dir='ltr'>male,</span> <span class='ocrx_word' id='word_1_176' title='bbox 1048 4019 1181 4093; x_wconf 88' lang='lat' dir='ltr'>sed</span> <span class='ocrx_word' id='word_1_177' title='bbox 1223 4017 1577 4116; x_wconf 85' lang='lat' dir='ltr'>quaedam</span> <span class='ocrx_word' id='word_1_178' title='bbox 1624 4014 1942 4090; x_wconf 79' lang='lat' dir='ltr'>facilitas</span> <span class='ocrx_word' id='word_1_179' title='bbox 1974 4013 2066 4088; x_wconf 91' lang='lat' dir='ltr'>ad</span> <span class='ocrx_word' id='word_1_180' title='bbox 2099 4022 2324 4088; x_wconf 88' lang='lat' dir='ltr'>uten-</span> 
     </span>
     <span class='ocr_line' id='line_1_31' title="bbox 782 4131 2325 4234; baseline -0.006 -20"><span class='ocrx_word' id='word_1_181' title='bbox 782 4140 966 4214; x_wconf 91' lang='lat' dir='ltr'>dum</span> <span class='ocrx_word' id='word_1_182' title='bbox 997 4137 1126 4210; x_wconf 89' lang='lat' dir='ltr'>illa</span> <span class='ocrx_word' id='word_1_183' title='bbox 1157 4134 1522 4234; x_wconf 90' lang='lat' dir='ltr'>potentia.</span> <span class='ocrx_word' id='word_1_184' title='bbox 1573 4136 1664 4208; x_wconf 89' lang='lat' dir='ltr'>Et</span> <span class='ocrx_word' id='word_1_185' title='bbox 1695 4135 1838 4207; x_wconf 92' lang='lat' dir='ltr'>boc</span> <span class='ocrx_word' id='word_1_186' title='bbox 1868 4131 2049 4205; x_wconf 92' lang='lat' dir='ltr'>dicit</span> <span class='ocrx_word' id='word_1_187' title='bbox 2108 4131 2325 4205; x_wconf 89' lang='lat' dir='ltr'>Aris-</span> 
     </span>
     <span class='ocr_line' id='line_1_32' title="bbox 788 4247 2326 4330; baseline -0.007 0"><span class='ocrx_word' id='word_1_188' title='bbox 788 4256 1079 4330; x_wconf 90' lang='lat' dir='ltr'>toteles.</span> <span class='ocrx_word' id='word_1_189' title='bbox 1125 4253 1317 4326; x_wconf 88' lang='lat' dir='ltr'>Nam</span> <span class='ocrx_word' id='word_1_190' title='bbox 1364 4250 1787 4326; x_wconf 90' lang='lat' dir='ltr'>secundum</span> <span class='ocrx_word' id='word_1_191' title='bbox 1858 4248 2079 4322; x_wconf 88' lang='lat' dir='ltr'>istam</span> <span class='ocrx_word' id='word_1_192' title='bbox 2131 4247 2326 4321; x_wconf 90' lang='lat' dir='ltr'>dici-</span> 
     </span>
     <span class='ocr_line' id='line_1_33' title="bbox 784 4366 2319 4469; baseline -0.008 -19"><span class='ocrx_word' id='word_1_193' title='bbox 784 4386 907 4450; x_wconf 91' lang='lat' dir='ltr'>tur</span> <span class='ocrx_word' id='word_1_194' title='bbox 952 4370 1231 4469; x_wconf 89' lang='lat' dir='ltr'>aliquis</span> <span class='ocrx_word' id='word_1_195' title='bbox 1335 4392 1629 4463; x_wconf 87' lang='lat' dir='ltr'>cursor,</span> <span class='ocrx_word' id='word_1_196' title='bbox 1692 4369 1813 4442; x_wconf 80' lang='lat' dir='ltr'>vel</span> <span class='ocrx_word' id='word_1_197' title='bbox 1879 4366 2319 4464; x_wconf 84' lang='lat' dir='ltr'>pugillator,</span> 
     </span>
     <span class='ocr_line' id='line_1_34' title="bbox 784 4482 2327 4588; baseline -0.006 -24"><span class='ocrx_word' id='word_1_198' title='bbox 784 4490 967 4588; x_wconf 92' lang='lat' dir='ltr'>quia</span> <span class='ocrx_word' id='word_1_199' title='bbox 1041 4487 1358 4563; x_wconf 81' lang='lat' dir='ltr'>faciliter</span> <span class='ocrx_word' id='word_1_200' title='bbox 1415 4486 1652 4560; x_wconf 89' lang='lat' dir='ltr'>utitur</span> <span class='ocrx_word' id='word_1_201' title='bbox 1732 4482 2070 4581; x_wconf 87' lang='lat' dir='ltr'>potentia</span> <span class='ocrx_word' id='word_1_202' title='bbox 2146 4506 2327 4556; x_wconf 88' lang='lat' dir='ltr'>cur-</span> 
     </span>
     <span class='ocr_line' id='line_1_35' title="bbox 783 4599 2327 4700; baseline -0.003 -20"><span class='ocrx_word' id='word_1_203' title='bbox 783 4606 1031 4699; x_wconf 84' lang='lat' dir='ltr'>rendi,</span> <span class='ocrx_word' id='word_1_204' title='bbox 1070 4615 1142 4681; x_wconf 89' lang='lat' dir='ltr'>et</span> <span class='ocrx_word' id='word_1_205' title='bbox 1185 4604 1293 4678; x_wconf 92' lang='lat' dir='ltr'>sic</span> <span class='ocrx_word' id='word_1_206' title='bbox 1343 4603 1648 4700; x_wconf 79' lang='lat' dir='ltr'>agilitas</span> <span class='ocrx_word' id='word_1_207' title='bbox 1688 4610 1761 4676; x_wconf 90' lang='lat' dir='ltr'>et</span> <span class='ocrx_word' id='word_1_208' title='bbox 1822 4599 2327 4696; x_wconf 86' lang='lat' dir='ltr'>ingeniositas</span> 
     </span>
     <span class='ocr_line' id='line_1_36' title="bbox 785 4718 2329 4820; baseline -0.005 -20"><span class='ocrx_word' id='word_1_209' title='bbox 785 4733 966 4800; x_wconf 88' lang='lat' dir='ltr'>sunt</span> <span class='ocrx_word' id='word_1_210' title='bbox 1005 4724 1195 4798; x_wconf 91' lang='lat' dir='ltr'>tales</span> <span class='ocrx_word' id='word_1_211' title='bbox 1228 4720 1591 4820; x_wconf 82' lang='lat' dir='ltr'>potentiae</span> <span class='ocrx_word' id='word_1_212' title='bbox 1632 4719 1707 4791; x_wconf 86' lang='lat' dir='ltr'>in</span> <span class='ocrx_word' id='word_1_213' title='bbox 1760 4718 2100 4793; x_wconf 90' lang='lat' dir='ltr'>secunda</span> <span class='ocrx_word' id='word_1_214' title='bbox 2150 4741 2329 4815; x_wconf 89' lang='lat' dir='ltr'>spe-</span> 
     </span>
     <span class='ocr_line' id='line_1_37' title="bbox 788 4836 1362 4927; baseline -0.012 -13"><span class='ocrx_word' id='word_1_215' title='bbox 788 4841 902 4914; x_wconf 89' lang='lat' dir='ltr'>cie</span> <span class='ocrx_word' id='word_1_216' title='bbox 936 4836 1362 4927; x_wconf 87' lang='lat' dir='ltr'>Qualitatis.</span> 
     </span>
     <span class='ocr_line' id='line_1_38' title="bbox 433 4949 2330 5076; baseline -0.005 -46"><span class='ocrx_word' id='word_1_217' title='bbox 433 4964 753 5076; x_wconf 46' lang='lat' dir='ltr'>Assimgfljg,</span> <span class='ocrx_word' id='word_1_218' title='bbox 888 4954 997 5028; x_wconf 78' lang='lat' dir='ltr'>Ad</span> <span class='ocrx_word' id='word_1_219' title='bbox 1041 4953 1277 5042; x_wconf 88' lang='lat' dir='ltr'>aliud,</span> <span class='ocrx_word' id='word_1_220' title='bbox 1325 4973 1497 5025; x_wconf 88' lang='lat' dir='ltr'>cum</span> <span class='ocrx_word' id='word_1_221' title='bbox 1528 4949 1710 5024; x_wconf 89' lang='lat' dir='ltr'>dicit</span> <span class='ocrx_word' id='word_1_222' title='bbox 1758 4950 2330 5024; x_wconf 88' lang='lat' dir='ltr'>Commentator</span> 
     </span>
     <span class='ocr_line' id='line_1_39' title="bbox 433 5039 2326 5203; baseline 0.001 -65"><span class='ocrx_word' id='word_1_223' title='bbox 433 5039 755 5203; x_wconf 47' lang='grc' dir='ltr'>οῖἰιῗξοιιῖὲ)</span> <span class='ocrx_word' id='word_1_224' title='bbox 790 5073 992 5173; x_wconf 87' lang='lat' dir='ltr'>quod</span> <span class='ocrx_word' id='word_1_225' title='bbox 1047 5070 1309 5146; x_wconf 79' lang='lat' dir='ltr'>anima</span> <span class='ocrx_word' id='word_1_226' title='bbox 1358 5067 1731 5143; x_wconf 78' lang='lat' dir='ltr'>dividitur</span> <span class='ocrx_word' id='word_1_227' title='bbox 1773 5067 1855 5141; x_wconf 80' lang='lat' dir='ltr'>in</span> <span class='ocrx_word' id='word_1_228' title='bbox 1912 5067 2326 5164; x_wconf 73' lang='lat' dir='ltr'>polentiaS,</span> 
     </span>
    </p>

    <p class='ocr_par' dir='ltr' id='par_1_5' title="bbox 545 5165 2333 5639">
     <span class='ocr_line' id='line_1_40' title="bbox 545 5165 2324 5286; baseline -0.007 -19"><span class='ocrx_word' id='word_1_229' title='bbox 545 5165 640 5202; x_wconf 55' lang='grc' dir='ltr'>’ω’</span> <span class='ocrx_word' id='word_1_230' title='bbox 786 5191 987 5266; x_wconf 79' lang='lat' dir='ltr'>sicat</span> <span class='ocrx_word' id='word_1_231' title='bbox 1004 5209 1325 5286; x_wconf 77' lang='lat' dir='ltr'>pomam</span> <span class='ocrx_word' id='word_1_232' title='bbox 1358 5184 1440 5257; x_wconf 82' lang='lat' dir='ltr'>in</span> <span class='ocrx_word' id='word_1_233' title='bbox 1467 5206 1814 5279; x_wconf 77' lang='lat' dir='ltr'>saporem</span> <span class='ocrx_word' id='word_1_234' title='bbox 1843 5189 1917 5256; x_wconf 82' lang='lat' dir='ltr'>et</span> <span class='ocrx_word' id='word_1_235' title='bbox 1961 5181 2324 5277; x_wconf 84' lang='lat' dir='ltr'>calorem,</span> 
     </span>
     <span class='ocr_line' id='line_1_41' title="bbox 791 5298 2331 5402; baseline -0.006 -22"><span class='ocrx_word' id='word_1_236' title='bbox 791 5307 959 5381; x_wconf 89' lang='lat' dir='ltr'>dico</span> <span class='ocrx_word' id='word_1_237' title='bbox 1028 5303 1234 5402; x_wconf 88' lang='lat' dir='ltr'>quod</span> <span class='ocrx_word' id='word_1_238' title='bbox 1302 5299 1561 5375; x_wconf 90' lang='lat' dir='ltr'>anima</span> <span class='ocrx_word' id='word_1_239' title='bbox 1627 5322 1781 5371; x_wconf 90' lang='lat' dir='ltr'>non</span> <span class='ocrx_word' id='word_1_240' title='bbox 1838 5308 1951 5373; x_wconf 90' lang='lat' dir='ltr'>est</span> <span class='ocrx_word' id='word_1_241' title='bbox 2001 5298 2331 5376; x_wconf 88' lang='lat' dir='ltr'>totaliter</span> 
     </span>
     <span class='ocr_line' id='line_1_42' title="bbox 792 5415 2333 5513; baseline -0.004 -17"><span class='ocrx_word' id='word_1_242' title='bbox 792 5424 989 5498; x_wconf 90' lang='lat' dir='ltr'>idem</span> <span class='ocrx_word' id='word_1_243' title='bbox 1047 5416 1463 5494; x_wconf 80' lang='lat' dir='ltr'>formaliter</span> <span class='ocrx_word' id='word_1_244' title='bbox 1529 5415 1920 5513; x_wconf 82' lang='lat' dir='ltr'>potentiae,</span> <span class='ocrx_word' id='word_1_245' title='bbox 1975 5438 2117 5489; x_wconf 89' lang='lat' dir='ltr'>nec</span> <span class='ocrx_word' id='word_1_246' title='bbox 2174 5423 2333 5490; x_wconf 87' lang='lat' dir='ltr'>tota</span> 
     </span>
     <span class='ocr_line' id='line_1_43' title="bbox 789 5530 2331 5639; baseline -0.006 -24"><span class='ocrx_word' id='word_1_247' title='bbox 789 5537 1150 5639; x_wconf 86' lang='lat' dir='ltr'>perfectio</span> <span class='ocrx_word' id='word_1_248' title='bbox 1271 5532 1554 5608; x_wconf 84' lang='lat' dir='ltr'>animae</span> <span class='ocrx_word' id='word_1_249' title='bbox 1666 5530 2090 5630; x_wconf 87' lang='lat' dir='ltr'>explicatur</span> <span class='ocrx_word' id='word_1_250' title='bbox 2196 5555 2331 5630; x_wconf 88' lang='lat' dir='ltr'>per</span> 
     </span>
    </p>
   </div>
   <div class='ocr_carea' id='block_1_4' title="bbox 790 5647 2329 5749">
    <p class='ocr_par' dir='ltr' id='par_1_6' title="bbox 790 5647 2329 5749">
     <span class='ocr_line' id='line_1_44' title="bbox 790 5647 2329 5749; baseline -0.007 -18"><span class='ocrx_word' id='word_1_251' title='bbox 790 5677 1021 5731; x_wconf 89' lang='lat' dir='ltr'>unam</span> <span class='ocrx_word' id='word_1_252' title='bbox 1080 5649 1556 5749; x_wconf 69' lang='lat' dir='ltr'>potentiam,</span> <span class='ocrx_word' id='word_1_253' title='bbox 1610 5647 1775 5723; x_wconf 91' lang='lat' dir='ltr'>ideo</span> <span class='ocrx_word' id='word_1_254' title='bbox 1809 5658 2184 5746; x_wconf 89' lang='lat' dir='ltr'>quantum</span> <span class='ocrx_word' id='word_1_255' title='bbox 2235 5647 2329 5722; x_wconf 91' lang='lat' dir='ltr'>ad</span> 
     </span>
    </p>
   </div>
   <div class='ocr_carea' id='block_1_5' title="bbox 2404 623 4257 809">
    <p class='ocr_par' dir='ltr' id='par_1_7' title="bbox 2404 550 4257 809">
     <span class='ocr_line' id='line_1_45' title="bbox 2404 623 4257 809; baseline -0.006 -104"><span class='ocrx_word' id='word_1_256' title='bbox 2404 629 2695 727; x_wconf 88' lang='lat' dir='ltr'>aliquid</span> <span class='ocrx_word' id='word_1_257' title='bbox 2756 638 2870 704; x_wconf 89' lang='lat' dir='ltr'>est</span> <span class='ocrx_word' id='word_1_258' title='bbox 2928 628 3206 718; x_wconf 87' lang='lat' dir='ltr'>simile,</span> <span class='ocrx_word' id='word_1_259' title='bbox 3258 639 3332 703; x_wconf 92' lang='lat' dir='ltr'>et</span> <span class='ocrx_word' id='word_1_260' title='bbox 3397 634 3772 726; x_wconf 84' lang='lat' dir='ltr'>quantum</span> <span class='ocrx_word' id='word_1_261' title='bbox 3850 623 3946 697; x_wconf 87' lang='lat' dir='ltr'>ad</span> <span class='ocrx_word' id='word_1_262' title='bbox 4253 632 4257 809; x_wconf 78' lang='grc' dir='ltr'>Ι</span> 
     </span>
    </p>
   </div>
   <div class='ocr_carea' id='block_1_6' title="bbox 2405 749 4259 1082">
    <p class='ocr_par' dir='ltr' id='par_1_8' title="bbox 2405 749 4259 1082">
     <span class='ocr_line' id='line_1_46' title="bbox 2405 749 4256 847; baseline -0.007 -23"><span class='ocrx_word' id='word_1_263' title='bbox 2405 749 2724 847; x_wconf 89' lang='lat' dir='ltr'>aliquid,</span> <span class='ocrx_word' id='word_1_264' title='bbox 2756 771 2938 821; x_wconf 87' lang='lat' dir='ltr'>non.</span> <span class='ocrx_word' id='word_1_265' title='bbox 4255 816 4256 819; x_wconf 50' lang='lat'>,</span> 
     </span>
     <span class='ocr_line' id='line_1_47' title="bbox 2501 861 4208 959; baseline -0.006 -18"><span class='ocrx_word' id='word_1_266' title='bbox 2501 869 2611 941; x_wconf 70' lang='lat' dir='ltr'>Aa</span> <span class='ocrx_word' id='word_1_267' title='bbox 2673 867 2912 959; x_wconf 77' lang='lat' dir='ltr'>aliud,</span> <span class='ocrx_word' id='word_1_268' title='bbox 2978 888 3153 939; x_wconf 77' lang='lat' dir='ltr'>cum</span> <span class='ocrx_word' id='word_1_269' title='bbox 3215 864 3400 937; x_wconf 72' lang='lat' dir='ltr'>dien</span> <span class='ocrx_word' id='word_1_270' title='bbox 3465 861 3946 958; x_wconf 78' lang='lat' dir='ltr'>Augustinus</span> <span class='ocrx_word' id='word_1_271' title='bbox 4098 883 4208 951; x_wconf 80' lang='lat'>21.</span> 
     </span>
     <span class='ocr_line' id='line_1_48' title="bbox 2406 978 4259 1082; baseline -0.008 -22"><span class='ocrx_word' id='word_1_272' title='bbox 2406 986 2610 1082; x_wconf 88' lang='lat' dir='ltr'>quod</span> <span class='ocrx_word' id='word_1_273' title='bbox 2667 984 3034 1082; x_wconf 80' lang='lat' dir='ltr'>potentiae</span> <span class='ocrx_word' id='word_1_274' title='bbox 3091 982 3522 1078; x_wconf 74' lang='lat' dir='ltr'>suscipiant</span> <span class='ocrx_word' id='word_1_275' title='bbox 3578 978 3822 1075; x_wconf 68' lang='lat' dir='ltr'>massis</span> <span class='ocrx_word' id='word_1_276' title='bbox 3877 983 3951 1050; x_wconf 85' lang='lat' dir='ltr'>et</span> <span class='ocrx_word' id='word_1_277' title='bbox 4004 998 4150 1058; x_wconf 76' lang='lat' dir='ltr'>Quae</span> <span class='ocrx_word' id='word_1_278' title='bbox 4184 1008 4259 1061; x_wconf 77' lang='lat' dir='ltr'>po·-</span> 
     </span>
    </p>
   </div>
   <div class='ocr_carea' id='block_1_7' title="bbox 2405 1050 4261 1196">
    <p class='ocr_par' dir='ltr' id='par_1_9' title="bbox 2405 1050 4261 1199">
     <span class='ocr_line' id='line_1_49' title="bbox 2405 1050 4261 1196; baseline -0.002 -20"><span class='ocrx_word' id='word_1_279' title='bbox 2405 1104 2688 1195; x_wconf 73' lang='lat' dir='ltr'>mimtS,</span> <span class='ocrx_word' id='word_1_280' title='bbox 2764 1101 2932 1174; x_wconf 91' lang='lat' dir='ltr'>dico</span> <span class='ocrx_word' id='word_1_281' title='bbox 3015 1099 3218 1196; x_wconf 88' lang='lat' dir='ltr'>quod</span> <span class='ocrx_word' id='word_1_282' title='bbox 3289 1097 3721 1171; x_wconf 81' lang='lat' dir='ltr'>habilitates</span> <span class='ocrx_word' id='word_1_283' title='bbox 3822 1050 4261 1187; x_wconf 44' lang='lat' dir='ltr'>se-tcessfifdf</span> 
     </span>
    </p>
   </div>
   <div class='ocr_carea' id='block_1_8' title="bbox 2408 1170 4261 2252">
    <p class='ocr_par' dir='ltr' id='par_1_10' title="bbox 2408 1170 4261 2252">
     <span class='ocr_line' id='line_1_50' title="bbox 2409 1170 4261 1317; baseline -0.005 -23"><span class='ocrx_word' id='word_1_284' title='bbox 2409 1221 2709 1313; x_wconf 82' lang='lat' dir='ltr'>cundae,</span> <span class='ocrx_word' id='word_1_285' title='bbox 2766 1243 2939 1317; x_wconf 84' lang='lat' dir='ltr'>quae</span> <span class='ocrx_word' id='word_1_286' title='bbox 3008 1226 3186 1291; x_wconf 88' lang='lat' dir='ltr'>sunt</span> <span class='ocrx_word' id='word_1_287' title='bbox 3227 1214 3587 1314; x_wconf 80' lang='lat' dir='ltr'>potentiae</span> <span class='ocrx_word' id='word_1_288' title='bbox 3651 1222 3950 1288; x_wconf 90' lang='lat' dir='ltr'>natura·</span> <span class='ocrx_word' id='word_1_289' title='bbox 3977 1170 4261 1301; x_wconf 48' lang='lat' dir='ltr'>3¹⁸1}ssssss</span> 
     </span>
     <span class='ocr_line' id='line_1_51' title="bbox 2408 1330 3951 1433; baseline -0.005 -22"><span class='ocrx_word' id='word_1_290' title='bbox 2408 1339 2544 1430; x_wconf 77' lang='lat' dir='ltr'>les,</span> <span class='ocrx_word' id='word_1_291' title='bbox 2589 1335 3020 1433; x_wconf 87' lang='lat' dir='ltr'>suscipiunt</span> <span class='ocrx_word' id='word_1_292' title='bbox 3099 1333 3340 1429; x_wconf 89' lang='lat' dir='ltr'>magis</span> <span class='ocrx_word' id='word_1_293' title='bbox 3407 1342 3481 1405; x_wconf 94' lang='lat' dir='ltr'>et</span> <span class='ocrx_word' id='word_1_294' title='bbox 3540 1330 3820 1417; x_wconf 88' lang='lat' dir='ltr'>minus,</span> <span class='ocrx_word' id='word_1_295' title='bbox 3876 1340 3951 1404; x_wconf 90' lang='lat' dir='ltr'>et</span> 
     </span>
     <span class='ocr_line' id='line_1_52' title="bbox 2410 1449 3952 1547; baseline -0.005 -16"><span class='ocrx_word' id='word_1_296' title='bbox 2410 1456 2558 1531; x_wconf 90' lang='lat' dir='ltr'>alia</span> <span class='ocrx_word' id='word_1_297' title='bbox 2590 1463 2770 1529; x_wconf 88' lang='lat' dir='ltr'>sunt</span> <span class='ocrx_word' id='word_1_298' title='bbox 2802 1451 3226 1527; x_wconf 89' lang='lat' dir='ltr'>accidentia</span> <span class='ocrx_word' id='word_1_299' title='bbox 3266 1451 3358 1524; x_wconf 92' lang='lat' dir='ltr'>de</span> <span class='ocrx_word' id='word_1_300' title='bbox 3406 1449 3748 1523; x_wconf 91' lang='lat' dir='ltr'>secunda</span> <span class='ocrx_word' id='word_1_301' title='bbox 3787 1473 3952 1547; x_wconf 89' lang='lat' dir='ltr'>spe-</span> 
     </span>
     <span class='ocr_line' id='line_1_53' title="bbox 2412 1566 3956 1663; baseline -0.004 -16"><span class='ocrx_word' id='word_1_302' title='bbox 2412 1572 2525 1648; x_wconf 93' lang='lat' dir='ltr'>cie</span> <span class='ocrx_word' id='word_1_303' title='bbox 2582 1570 3010 1659; x_wconf 88' lang='lat' dir='ltr'>Qualitatis.</span> <span class='ocrx_word' id='word_1_304' title='bbox 3061 1571 3151 1643; x_wconf 88' lang='lat' dir='ltr'>Et</span> <span class='ocrx_word' id='word_1_305' title='bbox 3209 1570 3354 1642; x_wconf 92' lang='lat' dir='ltr'>hoc</span> <span class='ocrx_word' id='word_1_306' title='bbox 3396 1566 3756 1663; x_wconf 89' lang='lat' dir='ltr'>intelligit</span> <span class='ocrx_word' id='word_1_307' title='bbox 3807 1568 3956 1641; x_wconf 78' lang='lat' dir='ltr'>Au-</span> 
     </span>
     <span class='ocr_line' id='line_1_54' title="bbox 2413 1685 3953 1786; baseline -0.003 -23"><span class='ocrx_word' id='word_1_308' title='bbox 2413 1688 2796 1785; x_wconf 79' lang='lat' dir='ltr'>gustinus,</span> <span class='ocrx_word' id='word_1_309' title='bbox 2842 1687 2981 1763; x_wconf 88' lang='lat' dir='ltr'>Vel</span> <span class='ocrx_word' id='word_1_310' title='bbox 3024 1696 3273 1786; x_wconf 87' lang='lat' dir='ltr'>potest</span> <span class='ocrx_word' id='word_1_311' title='bbox 3321 1685 3467 1760; x_wconf 93' lang='lat' dir='ltr'>dici</span> <span class='ocrx_word' id='word_1_312' title='bbox 3513 1686 3717 1782; x_wconf 90' lang='lat' dir='ltr'>quod</span> <span class='ocrx_word' id='word_1_313' title='bbox 3788 1685 3953 1782; x_wconf 90' lang='lat' dir='ltr'>ipse</span> 
     </span>
     <span class='ocr_line' id='line_1_55' title="bbox 2415 1801 3959 1903; baseline -0.004 -24"><span class='ocrx_word' id='word_1_314' title='bbox 2415 1803 2757 1903; x_wconf 89' lang='lat' dir='ltr'>loquitur</span> <span class='ocrx_word' id='word_1_315' title='bbox 2796 1804 2888 1879; x_wconf 93' lang='lat' dir='ltr'>de</span> <span class='ocrx_word' id='word_1_316' title='bbox 2928 1802 3317 1902; x_wconf 88' lang='lat' dir='ltr'>potentiis,</span> <span class='ocrx_word' id='word_1_317' title='bbox 3359 1809 3439 1875; x_wconf 90' lang='lat' dir='ltr'>ut</span> <span class='ocrx_word' id='word_1_318' title='bbox 3469 1801 3800 1875; x_wconf 88' lang='lat' dir='ltr'>subsunt</span> <span class='ocrx_word' id='word_1_319' title='bbox 3839 1824 3959 1874; x_wconf 88' lang='lat' dir='ltr'>ac-</span> 
     </span>
     <span class='ocr_line' id='line_1_56' title="bbox 2413 1918 3962 2011; baseline -0.003 -15"><span class='ocrx_word' id='word_1_320' title='bbox 2413 1920 2621 1996; x_wconf 89' lang='lat' dir='ltr'>tibus</span> <span class='ocrx_word' id='word_1_321' title='bbox 2651 1920 2838 2011; x_wconf 82' lang='lat' dir='ltr'>suiS,</span> <span class='ocrx_word' id='word_1_322' title='bbox 2885 1943 3038 1994; x_wconf 89' lang='lat' dir='ltr'>non</span> <span class='ocrx_word' id='word_1_323' title='bbox 3085 1919 3270 1993; x_wconf 90' lang='lat' dir='ltr'>utin</span> <span class='ocrx_word' id='word_1_324' title='bbox 3307 1941 3388 1993; x_wconf 92' lang='lat' dir='ltr'>se</span> <span class='ocrx_word' id='word_1_325' title='bbox 3421 1926 3601 1992; x_wconf 88' lang='lat' dir='ltr'>sunt</span> <span class='ocrx_word' id='word_1_326' title='bbox 3645 1944 3662 2010; x_wconf 84' lang='lat'><em>3</em></span> <span class='ocrx_word' id='word_1_327' title='bbox 3708 1925 3782 1992; x_wconf 92' lang='lat' dir='ltr'>et</span> <span class='ocrx_word' id='word_1_328' title='bbox 3811 1918 3962 1991; x_wconf 89' lang='lat' dir='ltr'>hoc</span> 
     </span>
     <span class='ocr_line' id='line_1_57' title="bbox 2416 2032 3963 2137; baseline -0.005 -24"><span class='ocrx_word' id='word_1_329' title='bbox 2416 2047 2622 2137; x_wconf 87' lang='lat' dir='ltr'>patet</span> <span class='ocrx_word' id='word_1_330' title='bbox 2652 2037 3183 2135; x_wconf 87' lang='lat' dir='ltr'>perenmdem</span> <span class='ocrx_word' id='word_1_331' title='bbox 3228 2033 3357 2109; x_wconf 82' lang='lat' dir='ltr'>lib.</span> <span class='ocrx_word' id='word_1_332' title='bbox 3422 2033 3537 2108; x_wconf 85' lang='lat'>10.</span> <span class='ocrx_word' id='word_1_333' title='bbox 3581 2032 3708 2108; x_wconf 88' lang='lat' dir='ltr'>ubi</span> <span class='ocrx_word' id='word_1_334' title='bbox 3776 2032 3963 2107; x_wconf 90' lang='lat' dir='ltr'>dicit</span> 
     </span>
     <span class='ocr_line' id='line_1_58' title="bbox 2418 2148 3969 2252; baseline -0.004 -24"><span class='ocrx_word' id='word_1_335' title='bbox 2418 2154 2621 2252; x_wconf 91' lang='lat' dir='ltr'>quod</span> <span class='ocrx_word' id='word_1_336' title='bbox 2661 2158 2843 2228; x_wconf 79' lang='lat' dir='ltr'>sant</span> <span class='ocrx_word' id='word_1_337' title='bbox 2877 2177 3034 2227; x_wconf 77' lang='lat' dir='ltr'>ima</span> <span class='ocrx_word' id='word_1_338' title='bbox 3082 2175 3295 2226; x_wconf 78' lang='lat' dir='ltr'>mens</span> <span class='ocrx_word' id='word_1_339' title='bbox 3335 2157 3408 2225; x_wconf 77' lang='lat' dir='ltr'>el</span> <span class='ocrx_word' id='word_1_340' title='bbox 3435 2173 3593 2224; x_wconf 83' lang='lat' dir='ltr'>una</span> <span class='ocrx_word' id='word_1_341' title='bbox 3620 2148 3969 2224; x_wconf 77' lang='lat' dir='ltr'>substan-</span> 
     </span>
    </p>
   </div>
   <div class='ocr_carea' id='block_1_9' title="bbox 2417 2265 3962 2364">
    <p class='ocr_par' dir='ltr' id='par_1_11' title="bbox 2417 2265 3962 2364">
     <span class='ocr_line' id='line_1_59' title="bbox 2417 2265 3962 2364; baseline -0.005 -20"><span class='ocrx_word' id='word_1_342' title='bbox 2417 2269 2550 2359; x_wconf 76' lang='lat' dir='ltr'>tia,</span> <span class='ocrx_word' id='word_1_343' title='bbox 2589 2276 2661 2343; x_wconf 92' lang='lat' dir='ltr'>et</span> <span class='ocrx_word' id='word_1_344' title='bbox 2727 2267 2899 2342; x_wconf 89' lang='lat' dir='ltr'>ideo</span> <span class='ocrx_word' id='word_1_345' title='bbox 2940 2266 3071 2341; x_wconf 92' lang='lat' dir='ltr'>illa</span> <span class='ocrx_word' id='word_1_346' title='bbox 3136 2265 3652 2364; x_wconf 80' lang='lat' dir='ltr'>inaequalitas,</span> <span class='ocrx_word' id='word_1_347' title='bbox 3727 2287 3962 2362; x_wconf 89' lang='lat' dir='ltr'>quam</span> 
     </span>
    </p>
   </div>
   <div class='ocr_carea' id='block_1_10' title="bbox 2399 2380 3969 2485">
    <p class='ocr_par' dir='ltr' id='par_1_12' title="bbox 2399 2380 3969 2485">
     <span class='ocr_line' id='line_1_60' title="bbox 2399 2380 3969 2485; baseline -0.003 -26"><span class='ocrx_word' id='word_1_348' title='bbox 2399 2384 2635 2485; x_wconf 38' lang='lat' dir='ltr'>‚ponit</span> <span class='ocrx_word' id='word_1_349' title='bbox 2676 2384 2793 2458; x_wconf 73' lang='lat'>15.</span> <span class='ocrx_word' id='word_1_350' title='bbox 2830 2383 2923 2458; x_wconf 85' lang='lat' dir='ltr'>de</span> <span class='ocrx_word' id='word_1_351' title='bbox 2989 2383 3266 2458; x_wconf 80' lang='lat' dir='ltr'>Trinic.</span> <span class='ocrx_word' id='word_1_352' title='bbox 3333 2392 3448 2457; x_wconf 90' lang='lat' dir='ltr'>est</span> <span class='ocrx_word' id='word_1_353' title='bbox 3504 2380 3842 2475; x_wconf 84' lang='lat' dir='ltr'>illarum,</span> <span class='ocrx_word' id='word_1_354' title='bbox 3882 2390 3969 2455; x_wconf 89' lang='lat' dir='ltr'>ut</span> 
     </span>
    </p>
   </div>
   <div class='ocr_carea' id='block_1_11' title="bbox 2420 2500 4281 5287">
    <p class='ocr_par' dir='ltr' id='par_1_13' title="bbox 2421 2500 3138 2579">
     <span class='ocr_line' id='line_1_61' title="bbox 2421 2500 3138 2579; baseline -0.008 0"><span class='ocrx_word' id='word_1_355' title='bbox 2421 2511 2601 2579; x_wconf 90' lang='lat' dir='ltr'>sunt</span> <span class='ocrx_word' id='word_1_356' title='bbox 2631 2502 2776 2576; x_wconf 90' lang='lat' dir='ltr'>sub</span> <span class='ocrx_word' id='word_1_357' title='bbox 2815 2500 3138 2575; x_wconf 89' lang='lat' dir='ltr'>actibus.</span> 
     </span>
    </p>

    <p class='ocr_par' dir='ltr' id='par_1_14' title="bbox 2420 2613 3970 3165">
     <span class='ocr_line' id='line_1_62' title="bbox 2516 2613 3960 2710; baseline -0.003 -17"><span class='ocrx_word' id='word_1_358' title='bbox 2516 2619 2628 2693; x_wconf 88' lang='lat' dir='ltr'>Ad</span> <span class='ocrx_word' id='word_1_359' title='bbox 2694 2619 3144 2694; x_wconf 81' lang='lat' dir='ltr'>Ansclmum</span> <span class='ocrx_word' id='word_1_360' title='bbox 3214 2615 3307 2690; x_wconf 86' lang='lat' dir='ltr'>de</span> <span class='ocrx_word' id='word_1_361' title='bbox 3370 2616 3571 2691; x_wconf 81' lang='lat' dir='ltr'>Casa</span> <span class='ocrx_word' id='word_1_362' title='bbox 3613 2613 3960 2710; x_wconf 81' lang='lat' dir='ltr'>Diaboli,</span> 
     </span>
     <span class='ocr_line' id='line_1_63' title="bbox 2420 2730 3970 2832; baseline -0.002 -23"><span class='ocrx_word' id='word_1_363' title='bbox 2420 2735 2590 2810; x_wconf 93' lang='lat' dir='ltr'>dico</span> <span class='ocrx_word' id='word_1_364' title='bbox 2641 2733 2845 2831; x_wconf 87' lang='lat' dir='ltr'>quod</span> <span class='ocrx_word' id='word_1_365' title='bbox 2902 2733 3279 2832; x_wconf 90' lang='lat' dir='ltr'>ipse-non</span> <span class='ocrx_word' id='word_1_366' title='bbox 3341 2730 3708 2830; x_wconf 88' lang='lat' dir='ltr'>supponit</span> <span class='ocrx_word' id='word_1_367' title='bbox 3759 2730 3970 2828; x_wconf 90' lang='lat' dir='ltr'>ipsas</span> 
     </span>
     <span class='ocr_line' id='line_1_64' title="bbox 2422 2846 3964 2944; baseline -0.004 -18"><span class='ocrx_word' id='word_1_368' title='bbox 2422 2876 2575 2926; x_wconf 89' lang='lat' dir='ltr'>non</span> <span class='ocrx_word' id='word_1_369' title='bbox 2607 2874 2774 2926; x_wconf 91' lang='lat' dir='ltr'>esse</span> <span class='ocrx_word' id='word_1_370' title='bbox 2816 2848 3311 2942; x_wconf 81' lang='lat' dir='ltr'>substantiaS,</span> <span class='ocrx_word' id='word_1_371' title='bbox 3358 2848 3489 2923; x_wconf 91' lang='lat' dir='ltr'>sed</span> <span class='ocrx_word' id='word_1_372' title='bbox 3533 2846 3716 2921; x_wconf 91' lang='lat' dir='ltr'>dicit</span> <span class='ocrx_word' id='word_1_373' title='bbox 3756 2847 3964 2944; x_wconf 92' lang='lat' dir='ltr'>quod</span> 
     </span>
     <span class='ocr_line' id='line_1_65' title="bbox 2423 2966 3960 3053; baseline -0.006 -7"><span class='ocrx_word' id='word_1_374' title='bbox 2423 2970 2565 3046; x_wconf 88' lang='lat' dir='ltr'>etsi</span> <span class='ocrx_word' id='word_1_375' title='bbox 2594 2994 2748 3046; x_wconf 91' lang='lat' dir='ltr'>non</span> <span class='ocrx_word' id='word_1_376' title='bbox 2796 2969 2950 3045; x_wconf 89' lang='lat' dir='ltr'>sint</span> <span class='ocrx_word' id='word_1_377' title='bbox 2987 2966 3461 3053; x_wconf 63' lang='lat' dir='ltr'>substantiae,</span> <span class='ocrx_word' id='word_1_378' title='bbox 3503 2990 3658 3041; x_wconf 91' lang='lat' dir='ltr'>non</span> <span class='ocrx_word' id='word_1_379' title='bbox 3701 2974 3960 3040; x_wconf 89' lang='lat' dir='ltr'>tamen</span> 
     </span>
     <span class='ocr_line' id='line_1_66' title="bbox 2427 3086 2864 3165; baseline -0.014 0"><span class='ocrx_word' id='word_1_380' title='bbox 2427 3098 2607 3165; x_wconf 89' lang='lat' dir='ltr'>sunt</span> <span class='ocrx_word' id='word_1_381' title='bbox 2646 3086 2864 3161; x_wconf 90' lang='lat' dir='ltr'>nihil.</span> 
     </span>
    </p>

    <p class='ocr_par' dir='ltr' id='par_1_15' title="bbox 2426 3200 4281 4237">
     <span class='ocr_line' id='line_1_67' title="bbox 2520 3200 4281 3301; baseline -0.005 -21"><span class='ocrx_word' id='word_1_382' title='bbox 2520 3205 2631 3280; x_wconf 88' lang='lat' dir='ltr'>Ad</span> <span class='ocrx_word' id='word_1_383' title='bbox 2665 3203 3156 3279; x_wconf 87' lang='lat' dir='ltr'>auctoritates</span> <span class='ocrx_word' id='word_1_384' title='bbox 3206 3226 3342 3301; x_wconf 91' lang='lat' dir='ltr'>pro</span> <span class='ocrx_word' id='word_1_385' title='bbox 3393 3201 3732 3277; x_wconf 89' lang='lat' dir='ltr'>secunda</span> <span class='ocrx_word' id='word_1_386' title='bbox 3791 3200 3967 3298; x_wconf 89' lang='lat' dir='ltr'>opi-</span> <span class='ocrx_word' id='word_1_387' title='bbox 4016 3214 4112 3264; x_wconf 76' lang='lat' dir='ltr'>Ad</span> <span class='ocrx_word' id='word_1_388' title='bbox 4151 3213 4281 3264; x_wconf 70' lang='lat' dir='ltr'>rati·</span> 
     </span>
     <span class='ocr_line' id='line_1_68' title="bbox 2426 3279 4276 3417; baseline -0.005 -19"><span class='ocrx_word' id='word_1_389' title='bbox 2426 3323 2686 3416; x_wconf 79' lang='lat' dir='ltr'>aione,</span> <span class='ocrx_word' id='word_1_390' title='bbox 2722 3345 2896 3396; x_wconf 89' lang='lat' dir='ltr'>cum</span> <span class='ocrx_word' id='word_1_391' title='bbox 2935 3319 3212 3395; x_wconf 88' lang='lat' dir='ltr'>dicitur</span> <span class='ocrx_word' id='word_1_392' title='bbox 3243 3318 3447 3417; x_wconf 88' lang='lat' dir='ltr'>quod</span> <span class='ocrx_word' id='word_1_393' title='bbox 3487 3325 3668 3392; x_wconf 77' lang='lat' dir='ltr'>sunt</span> <span class='ocrx_word' id='word_1_394' title='bbox 3704 3323 3964 3416; x_wconf 83' lang='lat' dir='ltr'>parles</span> <span class='ocrx_word' id='word_1_395' title='bbox 3993 3279 4276 3399; x_wconf 60' lang='grc' dir='ltr'>3ῗὸῗὲἓέ</span> 
     </span>
     <span class='ocr_line' id='line_1_69' title="bbox 2426 3403 4280 3536; baseline -0.005 -21"><span class='ocrx_word' id='word_1_396' title='bbox 2426 3439 2738 3531; x_wconf 60' lang='lat' dir='ltr'>animae,</span> <span class='ocrx_word' id='word_1_397' title='bbox 2785 3446 3015 3536; x_wconf 87' lang='lat' dir='ltr'>patet,</span> <span class='ocrx_word' id='word_1_398' title='bbox 3059 3435 3242 3533; x_wconf 88' lang='lat' dir='ltr'>quia</span> <span class='ocrx_word' id='word_1_399' title='bbox 3272 3434 3633 3509; x_wconf 91' lang='lat' dir='ltr'>dicuntur</span> <span class='ocrx_word' id='word_1_400' title='bbox 3677 3442 3959 3532; x_wconf 79' lang='lat' dir='ltr'>parteS,</span> <span class='ocrx_word' id='word_1_401' title='bbox 3993 3403 4280 3516; x_wconf 47' lang='lat' dir='ltr'>g‘sspd‘ffi}</span> 
     </span>
     <span class='ocr_line' id='line_1_70' title="bbox 2427 3534 4281 3652; baseline -0.003 -23"><span class='ocrx_word' id='word_1_402' title='bbox 2427 3554 2611 3652; x_wconf 90' lang='lat' dir='ltr'>quia</span> <span class='ocrx_word' id='word_1_403' title='bbox 2640 3555 2856 3628; x_wconf 90' lang='lat' dir='ltr'>nulla</span> <span class='ocrx_word' id='word_1_404' title='bbox 2896 3552 3256 3651; x_wconf 87' lang='lat' dir='ltr'>importat</span> <span class='ocrx_word' id='word_1_405' title='bbox 3299 3561 3526 3625; x_wconf 88' lang='lat' dir='ltr'>totam</span> <span class='ocrx_word' id='word_1_406' title='bbox 3565 3550 3970 3648; x_wconf 86' lang='lat' dir='ltr'>perfectio-</span> <span class='ocrx_word' id='word_1_407' title='bbox 3994 3534 4104 3578; x_wconf 60' lang='grc' dir='ltr'>ω’</span> <span class='ocrx_word' id='word_1_408' title='bbox 4145 3536 4281 3593; x_wconf 58' lang='lat'>¹³⁸⁸</span> 
     </span>
     <span class='ocr_line' id='line_1_71' title="bbox 2428 3667 3971 3765; baseline -0.002 -21"><span class='ocrx_word' id='word_1_409' title='bbox 2428 3695 2603 3747; x_wconf 88' lang='lat' dir='ltr'>nem</span> <span class='ocrx_word' id='word_1_410' title='bbox 2648 3671 2953 3745; x_wconf 79' lang='lat' dir='ltr'>animae.</span> <span class='ocrx_word' id='word_1_411' title='bbox 3003 3670 3150 3744; x_wconf 87' lang='lat' dir='ltr'>Per</span> <span class='ocrx_word' id='word_1_412' title='bbox 3180 3669 3380 3743; x_wconf 91' lang='lat' dir='ltr'>idem</span> <span class='ocrx_word' id='word_1_413' title='bbox 3412 3677 3619 3765; x_wconf 88' lang='lat' dir='ltr'>patet</span> <span class='ocrx_word' id='word_1_414' title='bbox 3667 3668 3761 3741; x_wconf 92' lang='lat' dir='ltr'>ad</span> <span class='ocrx_word' id='word_1_415' title='bbox 3802 3667 3971 3741; x_wconf 89' lang='lat' dir='ltr'>dic-</span> 
     </span>
     <span class='ocr_line' id='line_1_72' title="bbox 2427 3784 3977 3884; baseline -0.002 -23"><span class='ocrx_word' id='word_1_416' title='bbox 2427 3797 2591 3863; x_wconf 90' lang='lat' dir='ltr'>tum</span> <span class='ocrx_word' id='word_1_417' title='bbox 2620 3786 2895 3881; x_wconf 90' lang='lat' dir='ltr'>Boetii‚</span> <span class='ocrx_word' id='word_1_418' title='bbox 2931 3787 3137 3884; x_wconf 89' lang='lat' dir='ltr'>quod</span> <span class='ocrx_word' id='word_1_419' title='bbox 3179 3784 3556 3860; x_wconf 75' lang='lat' dir='ltr'>dividitur</span> <span class='ocrx_word' id='word_1_420' title='bbox 3592 3785 3804 3858; x_wconf 79' lang='lat' dir='ltr'>sicut·</span> <span class='ocrx_word' id='word_1_421' title='bbox 3855 3790 3977 3858; x_wconf 85' lang='lat' dir='ltr'>to-</span> 
     </span>
     <span class='ocr_line' id='line_1_73' title="bbox 2429 3900 3977 4001; baseline -0.005 -21"><span class='ocrx_word' id='word_1_422' title='bbox 2429 3912 2588 3980; x_wconf 83' lang='lat' dir='ltr'>tum</span> <span class='ocrx_word' id='word_1_423' title='bbox 2633 3905 2714 3978; x_wconf 81' lang='lat' dir='ltr'>in</span> <span class='ocrx_word' id='word_1_424' title='bbox 2739 3910 3022 4001; x_wconf 69' lang='lat' dir='ltr'>parteS,</span> <span class='ocrx_word' id='word_1_425' title='bbox 3060 3902 3243 3999; x_wconf 89' lang='lat' dir='ltr'>quia</span> <span class='ocrx_word' id='word_1_426' title='bbox 3273 3902 3484 3976; x_wconf 89' lang='lat' dir='ltr'>nulla</span> <span class='ocrx_word' id='word_1_427' title='bbox 3510 3900 3711 3998; x_wconf 87' lang='lat' dir='ltr'>capit</span> <span class='ocrx_word' id='word_1_428' title='bbox 3742 3908 3977 3973; x_wconf 89' lang='lat' dir='ltr'>totam</span> 
     </span>
     <span class='ocr_line' id='line_1_74' title="bbox 2432 4016 3980 4120; baseline -0.004 -23"><span class='ocrx_word' id='word_1_429' title='bbox 2432 4020 2972 4120; x_wconf 87' lang='lat' dir='ltr'>perfectionem</span> <span class='ocrx_word' id='word_1_430' title='bbox 3034 4018 3371 4111; x_wconf 85' lang='lat' dir='ltr'>animae3</span> <span class='ocrx_word' id='word_1_431' title='bbox 3418 4041 3554 4115; x_wconf 91' lang='lat' dir='ltr'>per</span> <span class='ocrx_word' id='word_1_432' title='bbox 3608 4016 3980 4115; x_wconf 83' lang='lat' dir='ltr'>praedicta</span> 
     </span>
     <span class='ocr_line' id='line_1_75' title="bbox 2431 4134 3350 4237; baseline -0.009 -23"><span class='ocrx_word' id='word_1_433' title='bbox 2431 4146 2638 4237; x_wconf 89' lang='lat' dir='ltr'>patet</span> <span class='ocrx_word' id='word_1_434' title='bbox 2677 4137 2770 4210; x_wconf 87' lang='lat' dir='ltr'>ad</span> <span class='ocrx_word' id='word_1_435' title='bbox 2801 4134 3350 4232; x_wconf 89' lang='lat' dir='ltr'>Augustinum.</span> 
     </span>
    </p>

    <p class='ocr_par' dir='ltr' id='par_1_16' title="bbox 2432 4247 3984 5287">
     <span class='ocr_line' id='line_1_76' title="bbox 2530 4247 3978 4342; baseline -0.006 -14"><span class='ocrx_word' id='word_1_436' title='bbox 2530 4252 2639 4328; x_wconf 85' lang='lat' dir='ltr'>Ad</span> <span class='ocrx_word' id='word_1_437' title='bbox 2673 4252 3124 4326; x_wconf 88' lang='lat' dir='ltr'>Ansclmum</span> <span class='ocrx_word' id='word_1_438' title='bbox 3166 4249 3259 4323; x_wconf 87' lang='lat' dir='ltr'>de</span> <span class='ocrx_word' id='word_1_439' title='bbox 3308 4247 3767 4342; x_wconf 83' lang='lat' dir='ltr'>Concordia,</span> <span class='ocrx_word' id='word_1_440' title='bbox 3795 4271 3978 4322; x_wconf 90' lang='lat' dir='ltr'>cum</span> 
     </span>
     <span class='ocr_line' id='line_1_77' title="bbox 2432 4366 3980 4468; baseline -0.004 -23"><span class='ocrx_word' id='word_1_441' title='bbox 2432 4372 2614 4445; x_wconf 87' lang='lat' dir='ltr'>dicit</span> <span class='ocrx_word' id='word_1_442' title='bbox 2706 4367 2911 4468; x_wconf 88' lang='lat' dir='ltr'>quod</span> <span class='ocrx_word' id='word_1_443' title='bbox 2975 4373 3154 4442; x_wconf 79' lang='lat' dir='ltr'>sunl</span> <span class='ocrx_word' id='word_1_444' title='bbox 3224 4366 3424 4441; x_wconf 80' lang='lat' dir='ltr'>sicut</span> <span class='ocrx_word' id='word_1_445' title='bbox 3487 4366 3570 4440; x_wconf 86' lang='lat' dir='ltr'>in</span> <span class='ocrx_word' id='word_1_446' title='bbox 3660 4388 3980 4462; x_wconf 83' lang='lat' dir='ltr'>corpore</span> 
     </span>
     <span class='ocr_line' id='line_1_78' title="bbox 2433 4483 3979 4582; baseline -0.006 -17"><span class='ocrx_word' id='word_1_447' title='bbox 2433 4488 2803 4581; x_wconf 83' lang='lat' dir='ltr'>membra,</span> <span class='ocrx_word' id='word_1_448' title='bbox 2857 4510 3125 4562; x_wconf 85' lang='lat' dir='ltr'>verum</span> <span class='ocrx_word' id='word_1_449' title='bbox 3181 4494 3347 4579; x_wconf 84' lang='lat' dir='ltr'>est3</span> <span class='ocrx_word' id='word_1_450' title='bbox 3411 4483 3673 4582; x_wconf 87' lang='lat' dir='ltr'>aliqua</span> <span class='ocrx_word' id='word_1_451' title='bbox 3711 4494 3827 4559; x_wconf 92' lang='lat' dir='ltr'>est</span> <span class='ocrx_word' id='word_1_452' title='bbox 3865 4483 3979 4558; x_wconf 67' lang='lat' dir='ltr'>si—</span> 
     </span>
     <span class='ocr_line' id='line_1_79' title="bbox 2437 4600 3981 4700; baseline -0.004 -21"><span class='ocrx_word' id='word_1_453' title='bbox 2437 4605 2816 4698; x_wconf 84' lang='lat' dir='ltr'>militude,</span> <span class='ocrx_word' id='word_1_454' title='bbox 2852 4613 3108 4678; x_wconf 89' lang='lat' dir='ltr'>tamen</span> <span class='ocrx_word' id='word_1_455' title='bbox 3170 4600 3655 4700; x_wconf 90' lang='lat' dir='ltr'>procedendo</span> <span class='ocrx_word' id='word_1_456' title='bbox 3706 4623 3752 4674; x_wconf 91' lang='lat' dir='ltr'>a</span> <span class='ocrx_word' id='word_1_457' title='bbox 3801 4624 3981 4675; x_wconf 91' lang='lat' dir='ltr'>cor-</span> 
     </span>
     <span class='ocr_line' id='line_1_80' title="bbox 2436 4717 3978 4822; baseline -0.004 -25"><span class='ocrx_word' id='word_1_458' title='bbox 2436 4722 2831 4822; x_wconf 90' lang='lat' dir='ltr'>poralibus</span> <span class='ocrx_word' id='word_1_459' title='bbox 2934 4719 3026 4794; x_wconf 91' lang='lat' dir='ltr'>ad</span> <span class='ocrx_word' id='word_1_460' title='bbox 3122 4717 3580 4818; x_wconf 88' lang='lat' dir='ltr'>spiritualia,</span> <span class='ocrx_word' id='word_1_461' title='bbox 3670 4740 3978 4816; x_wconf 88' lang='lat' dir='ltr'>semper</span> 
     </span>
     <span class='ocr_line' id='line_1_81' title="bbox 2435 4834 3981 4941; baseline -0.003 -26"><span class='ocrx_word' id='word_1_462' title='bbox 2435 4839 2876 4941; x_wconf 88' lang='lat' dir='ltr'>proceditur</span> <span class='ocrx_word' id='word_1_463' title='bbox 2951 4863 2997 4912; x_wconf 87' lang='lat' dir='ltr'>a</span> <span class='ocrx_word' id='word_1_464' title='bbox 3074 4836 3341 4930; x_wconf 88' lang='lat' dir='ltr'>majori</span> <span class='ocrx_word' id='word_1_465' title='bbox 3393 4834 3831 4934; x_wconf 88' lang='lat' dir='ltr'>pluralitate</span> <span class='ocrx_word' id='word_1_466' title='bbox 3881 4836 3981 4911; x_wconf 90' lang='lat' dir='ltr'>ad</span> 
     </span>
     <span class='ocr_line' id='line_1_82' title="bbox 2437 4954 3984 5056; baseline -0.003 -23"><span class='ocrx_word' id='word_1_467' title='bbox 2437 4959 2804 5056; x_wconf 88' lang='lat' dir='ltr'>majorem</span> <span class='ocrx_word' id='word_1_468' title='bbox 2846 4955 3243 5046; x_wconf 89' lang='lat' dir='ltr'>unitatem,</span> <span class='ocrx_word' id='word_1_469' title='bbox 3289 4954 3458 5029; x_wconf 92' lang='lat' dir='ltr'>ideo</span> <span class='ocrx_word' id='word_1_470' title='bbox 3488 4977 3643 5028; x_wconf 89' lang='lat' dir='ltr'>non</span> <span class='ocrx_word' id='word_1_471' title='bbox 3684 4961 3799 5027; x_wconf 90' lang='lat' dir='ltr'>est</span> <span class='ocrx_word' id='word_1_472' title='bbox 3837 4976 3984 5028; x_wconf 92' lang='lat' dir='ltr'>ne-</span> 
     </span>
     <span class='ocr_line' id='line_1_83' title="bbox 2438 5067 3983 5167; baseline -0.005 -15"><span class='ocrx_word' id='word_1_473' title='bbox 2438 5099 2650 5152; x_wconf 91' lang='lat' dir='ltr'>cesse</span> <span class='ocrx_word' id='word_1_474' title='bbox 2683 5096 2852 5149; x_wconf 91' lang='lat' dir='ltr'>esse</span> <span class='ocrx_word' id='word_1_475' title='bbox 2876 5082 3161 5147; x_wconf 88' lang='lat' dir='ltr'>tantam</span> <span class='ocrx_word' id='word_1_476' title='bbox 3192 5070 3712 5144; x_wconf 89' lang='lat' dir='ltr'>diversitatem</span> <span class='ocrx_word' id='word_1_477' title='bbox 3738 5067 3815 5143; x_wconf 89' lang='lat' dir='ltr'>in</span> <span class='ocrx_word' id='word_1_478' title='bbox 3851 5094 3983 5167; x_wconf 90' lang='lat' dir='ltr'>po-</span> 
     </span>
     <span class='ocr_line' id='line_1_84' title="bbox 2438 5186 3980 5287; baseline -0.006 -19"><span class='ocrx_word' id='word_1_479' title='bbox 2438 5192 2696 5268; x_wconf 89' lang='lat' dir='ltr'>tentiis</span> <span class='ocrx_word' id='word_1_480' title='bbox 2737 5190 3045 5283; x_wconf 85' lang='lat' dir='ltr'>animae,</span> <span class='ocrx_word' id='word_1_481' title='bbox 3096 5198 3385 5287; x_wconf 89' lang='lat' dir='ltr'>quanta</span> <span class='ocrx_word' id='word_1_482' title='bbox 3445 5195 3557 5262; x_wconf 86' lang='lat' dir='ltr'>est</span> <span class='ocrx_word' id='word_1_483' title='bbox 3600 5186 3675 5259; x_wconf 89' lang='lat' dir='ltr'>in</span> <span class='ocrx_word' id='word_1_484' title='bbox 3730 5210 3980 5262; x_wconf 86' lang='lat' dir='ltr'>mem-</span> 
     </span>
    </p>
   </div>
   <div class='ocr_carea' id='block_1_12' title="bbox 2442 5306 3006 5406">
    <p class='ocr_par' dir='ltr' id='par_1_17' title="bbox 2442 5306 3006 5406">
     <span class='ocr_line' id='line_1_85' title="bbox 2442 5306 3006 5406; baseline -0.011 -21"><span class='ocrx_word' id='word_1_485' title='bbox 2442 5309 2597 5385; x_wconf 88' lang='lat' dir='ltr'>bris</span> <span class='ocrx_word' id='word_1_486' title='bbox 2638 5306 3006 5406; x_wconf 89' lang='lat' dir='ltr'>corporis.</span> 
     </span>
    </p>
   </div>
  </div>
 </body>
</html>
