4295 6326
588 433 716 503 372

588 632 758 683 sum
806 608 1130 682 alterare
1193 604 1285 679 ad
1355 599 1933 700 dispositionem
1979 594 2125 668 dis·

593 724 1181 800 convenientem
1218 744 1381 797 suae
1417 720 1709 794 formae.

1125 996 1487 1057 SCHOLIUM
1531 996 1623 1053 IV.

666 1151 791 1210 Non
824 1148 1014 1207 tuitin
1038 1156 1315 1221 potestate
1339 1149 1548 1205 animae
1574 1145 1782 1201 Christi
1814 1158 1929 1200 non
1963 1140 2134 1211 mori,

591 1240 792 1313 positis
842 1239 1037 1296 causis
1090 1237 1376 1310 passionis
1434 1233 1716 1303 mortalis,
1776 1232 1914 1304 quia
1973 1229 2138 1287 nulla

591 1338 852 1386 creatura
883 1333 1071 1400 potest
1103 1328 1383 1399 impedire
1416 1326 1705 1383 actionem
1738 1338 1930 1379 causae
1964 1324 2136 1377 natu-

593 1419 732 1475 ralis
780 1417 969 1474 debite
1026 1416 1343 1489 applicata,
1395 1414 1507 1470 nisi
1554 1414 1609 1468 id
1665 1411 1876 1467 habeat
1918 1425 1987 1465 ex
2037 1408 2139 1465 Dei

593 1508 914 1582 privilegio,
945 1509 1098 1580 quod
1134 1523 1249 1563 non
1284 1506 1397 1562 fuit
1424 1518 1764 1562 concessum
1816 1501 2006 1573 quoad
2054 1499 2138 1554 vi-

592 1600 837 1656 tandum
868 1597 1085 1654 Christi
1120 1602 1391 1663 mortem,
1424 1595 1562 1665 quia
1595 1598 1745 1649 Deus
1796 1590 1978 1646 voluit
2009 1605 2138 1646 eam

599 1688 732 1761 poni
769 1688 828 1744 in
853 1703 1000 1744 esse.

369 1902 475 1968 11,
700 1869 813 1944 Ad
879 1865 1299 1943 secundam
1370 1864 1904 1962 quaestionem,
1970 1860 2141 1935 dico

257 2019 335 2070 Aa
380 2020 570 2131 quaeat.
604 1986 853 2086 primo
933 1984 1137 2081 quod
1197 2006 1352 2057 non
1408 1982 1547 2055 tuit
1613 1981 1690 2054 in
1770 1988 2142 2078 potestate

427 2117 439 2130 '
610 2103 889 2178 animae
933 2100 1213 2175 Christi
1273 2121 1674 2196 nunquam
1746 2097 1986 2192 mori;
2036 2118 2147 2173 se-

610 2222 890 2311 cund0‚
942 2219 1143 2316 quod
1215 2241 1354 2292 nec
1421 2227 1604 2291 tunc
1661 2216 1888 2292 credo
1938 2216 2143 2313 quod

604 2336 852 2436 potuit
917 2335 1207 2409 diutius
1277 2357 1586 2409 manere
1655 2333 1731 2406 in
1792 2355 2139 2430 corpore.

297 2470 549 2580 (nn-itum·i
604 2453 948 2526 Primum
1001 2459 1227 2549 patet,
1300 2448 1481 2547 quia
1520 2471 1611 2524 ex
1663 2447 2144 2525 institutione

250 2549 361 2651 333
390 2534 575 2647 ffiffif
609 2570 896 2663 divina,
946 2569 1067 2643 vel
1121 2577 1416 2643 naturae
1473 2567 1637 2661 fuit,
1696 2566 1900 2664 quod
1968 2590 2145 2641 cum

607 2712 846 2786 agens
876 2695 951 2763 et
1025 2686 1325 2786 patiens
1373 2694 1555 2760 sunt
1620 2686 2151 2783 approximate.

603 2807 681 2880 in
761 2805 1019 2881 debita
1099 2803 1627 2902 dispositione,
1709 2802 2145 2878 necessario

602 2923 745 2999 erit
775 2922 970 2997 actio
1012 2931 1087 2997 et
1120 2921 1396 3020 passio,
1420 2919 1566 2993 nisi
1599 2919 2140 3018 impediantur.

598 3043 691 3116 Et
743 3040 892 3115 ista·
941 3039 1137 3113 actio
1207 3061 1361 3113 non
1440 3037 1706 3112 subest
1776 3037 2149 3111 voluntati

602 3166 907 3251 creatae,
943 3155 1129 3254 quin
1164 3154 1452 3253 aliquid
1485 3152 1874 3230 excessive
1926 3177 2156 3230 exce-

607 3276 798 3350 dens
831 3296 1141 3374 passum
1184 3272 1264 3345 in
1308 3271 1688 3346 activitate
1741 3279 1988 3368 potest
2047 3272 2157 3370 ip-

609 3391 781 3466 sunt
815 3391 1137 3464 alterare
1187 3387 1583 3463 excessiva
1648 3386 2151 3484 dispositione

614 3507 709 3583 ad
769 3505 1288 3598 contrarium3
1367 3503 1604 3600 igitur
1671 3503 1844 3578 talis
1897 3505 2154 3601 passio

614 3627 1034 3700 vehemens
1094 3624 1166 3695 in
1213 3631 1509 3696 tantum
1578 3621 1926 3695 alteravit
1996 3645 2155 3696 cor-

616 3768 789 3842 puS,
840 3742 1039 3841 quod
1102 3740 1562 3815 reddebatur
1621 3737 2162 3838 improportio-

561 3845 566 3852 ’
623 3871 889 3936 natum
943 3860 1267 3944 animae;
1340 3857 1573 3954 igitur
1640 3881 1789 3931 non
1841 3858 1976 3931 suit
2015 3861 2159 3934 suh

621 3989 992 4079 potestate
1026 3979 1193 4074 ejus
1227 3987 1404 4050 tunc
1467 4000 1616 4049 non
1657 3975 1873 4070 mori,
1911 3987 1985 4052 et
2026 4000 2164 4076 per

627 4099 774 4171 hoc
806 4105 1010 4195 patet
1038 4093 1493 4170 secundum.

391 4230 496 4300 12.
724 4214 1004 4287 Contra
1036 4210 1252 4302 illud,
1301 4207 1555 4282 anima
1614 4208 2080 4284 intellectiva
2117 4233 2165 4285 a

273 4350 580 4416 objeeuoi.
624 4331 787 4404 solo
821 4329 980 4404 Deo
1021 4334 1135 4402 est
1175 4348 1309 4423 per
1361 4322 1824 4399 creationem
1859 4325 1937 4398 in
1989 4350 2165 4401 cor-

622 4470 804 4546 pore
832 4473 851 4538 ;
898 4442 1129 4540 igitur
1169 4465 1210 4515 a
1244 4442 1406 4514 solo
1456 4441 1616 4515 Deo
1642 4450 1889 4538 potest
1937 4465 2165 4540 sepa-

629 4561 807 4654 rari,
840 4583 1014 4634 cum
1044 4557 1387 4655 ejusdem
1415 4556 1774 4653 potentiae
1807 4556 1902 4631 sit
1946 4558 2164 4634 effec-

626 4688 788 4754 tum
821 4677 1213 4752 destruere
1256 4682 1331 4748 et
1360 4696 1648 4766 creare,
1697 4683 1779 4747 ut
1809 4683 2017 4772 patet
2070 4677 2163 4753 de

629 4796 1012 4871 creatione
1047 4803 1117 4868 et
1158 4790 1749 4867 annihilatione.

727 4916 943 5005 Item,
989 4911 1053 4984 si
1086 4932 1240 4983 non
1288 4908 1421 4982 fuit
1453 4907 1529 4979 in
1581 4918 1951 5004 potestate
1993 4901 2167 4985 ani-

629 5041 775 5107 mae
831 5027 1112 5103 Christi
1172 5037 1353 5099 tunc
1414 5048 1563 5098 non
1637 5026 1860 5120 mori,
1932 5026 2168 5122 igitur

624 5148 763 5224 fuit
811 5146 952 5222 sibi
1046 5141 1595 5235 necessarium,
1681 5151 1865 5217 tunc
1934 5143 2168 5240 igitur

626 5275 779 5341 non
813 5265 953 5339 fuit
985 5260 1488 5336 meritorium.

726 5386 942 5476 Item,
979 5380 1042 5455 si
1079 5380 1292 5452 nullo
1330 5377 1551 5451 modo
1586 5375 1727 5453 fuit
1785 5377 1862 5451 in
1921 5387 2168 5476 potes-

635 5512 779 5576 tate
813 5501 1005 5598 ejus,
1043 5496 1276 5592 igitur
1307 5495 1437 5568 illa
1471 5519 1681 5570 mors
1714 5495 1850 5569 snit
1881 5494 2169 5594 simpli-

630 5618 817 5693 citer
891 5613 1272 5702 violenta3
1337 5608 1570 5705 igitur
1665 5612 1876 5686 nullo
1936 5610 2162 5685 modo

278 4948 517 5016 obiectio
543 4947 592 4999 2.

275 5437 517 5503 objectio
545 5438 593 5488 3.

1945 417 2189 490 LIBRI
2237 420 2358 490 111.

2240 589 2653 678 meritoria,
2710 585 2893 685 quia
2956 581 3410 681 simpliciter
3485 573 3788 651 violen-

2236 717 2400 781 tum
2435 707 2648 779 nullo
2691 703 2914 776 modo
2946 708 3061 775 est
3090 697 3448 772 volitum.

2336 825 2447 899 Ad
2491 822 2824 924 primum
2876 821 3153 893 horum
3216 835 3583 889 concesso
3642 832 3786 883 an-

2238 942 2666 1034 tecedente,
2703 938 2910 1037 quod
2935 936 3193 1012 anima
3224 933 3321 1009 sit
3352 957 3397 1006 a
3428 932 3592 1005 solo
3623 928 3785 1003 Deo

2240 1056 2709 1151 immediate,
2738 1055 2941 1153 quod
2973 1063 3224 1129 tamen
3245 1049 3565 1125 dubium
3600 1054 3711 1122 est
3734 1045 3782 1133 ⁶,
3820 1045 4120 1173 ’essuffffl

2246 1200 2443 1273 nego
2485 1170 3149 1270 consequentiam.
3196 1168 3388 1242 Cum
3431 1164 3783 1256 insertur,
3822 1171 4146 1287 pgilosovhi·

2244 1293 2450 1392 quod
2484 1316 2529 1366 a
2559 1292 2722 1365 solo
2749 1289 2911 1363 Deo
2953 1293 3383 1385 separetur,
3438 1290 3788 1379 negatur,
3823 1248 4057 1351 a.⁰s.‘¹¹¹‘.'
4078 1269 4151 1347 ss

2244 1409 2427 1509 quia
2448 1407 2650 1505 ignis
2673 1414 2919 1506 potest
2948 1423 3442 1506 corrumpere
3470 1398 3789 1472 mixtum
3824 1367 3877 1414 ⁰²
3903 1365 3970 1490 ξ’,
4000 1361 4144 1475 22⁴³·

2246 1526 2702 1626 perfectum,
2738 1532 2812 1599 et
2862 1531 3115 1598 tamen
3158 1543 3317 1595 non
3375 1525 3622 1618 potest
3687 1513 3796 1612 ip-

2248 1668 2424 1719 sum
2460 1643 2913 1744 producere.
2960 1640 3210 1715 Causa
3241 1646 3355 1713 est
3397 1636 3567 1729 ista,
3613 1632 3800 1731 quia

2249 1760 2453 1858 ignis
2497 1768 2748 1858 potest
2778 1779 3008 1855 agere
3077 1755 3153 1829 in
3191 1777 3427 1829 unam
3470 1760 3795 1850 partem,

2250 1876 2496 1950 donec
2553 1874 2878 1949 ducatur
2909 1872 3002 1947 ad
3062 1892 3465 1945 excessum
3525 1876 3600 1942 et
3651 1865 3804 1938 im-

2253 1990 2828 2092 proportionem
2898 1996 3250 2085 respectu
3281 1983 3597 2059 alterius
3626 2004 3794 2081 par-

2253 2110 2375 2203 tis,
2422 2117 2495 2183 et
2543 2116 2727 2181 tunc
2789 2104 3065 2182 accidit
3119 2101 3508 2200 corruptio
3554 2098 3793 2173 mixti.

2254 2226 2401 2302 Sed
2460 2248 2613 2299 non
2660 2231 2904 2322 potest
2954 2221 3062 2296 sic
3099 2223 3424 2295 alterare
3488 2217 3799 2316 aliquod

2254 2368 2561 2442 corpuS,
2599 2352 2683 2416 ut
2739 2338 3178 2414 necessario
3234 2335 3802 2436 sequaturani-

2259 2461 2532 2554 matio;
2570 2482 2710 2536 nec
2742 2467 2856 2534 est
2883 2456 3132 2532 simile
3173 2455 3265 2531 de
3300 2453 3803 2533 annihilatio-

2257 2604 2379 2671 ne,
2418 2580 2602 2678 quia
2634 2577 2738 2651 ibi
2774 2575 2966 2650 nihil
2999 2582 3373 2661 remanet,
3431 2573 3628 2677 sicut
3657 2595 3800 2646 nec

2257 2708 2433 2774 ante
2467 2695 2962 2771 creationem.

2352 2815 2607 2908 DiceS,
2670 2810 2943 2887 similis
3012 2809 3203 2885 ratio
3260 2808 3566 2883 videtur
3628 2830 3795 2882 esse
3951 2802 4058 2869 13·

2258 2931 2695 3027 utrobique,
2757 2928 2940 3026 quia
2992 2926 3193 3023 ignis
3253 2933 3501 3024 potest
3571 2946 3798 3020 agere

2258 3049 2352 3123 ad
2384 3045 2986 3124 denudationem
3020 3042 3365 3117 omnium
3429 3063 3674 3137 usque
3706 3039 3801 3115 ad

2260 3163 2657 3240 materiam
2693 3161 3044 3259 primam,
3092 3168 3166 3234 et
3204 3159 3281 3233 in
3338 3157 3658 3233 materia
3697 3180 3808 3232 se-

2261 3280 2601 3357 cundum
2644 3302 2724 3352 se
2767 3285 2881 3351 est
2910 3299 3215 3351 summa
3278 3274 3677 3373 dispositio
3710 3272 3805 3348 ad

2263 3420 2569 3473 omnem
2621 3397 2974 3488 formam,
3011 3393 3180 3467 dico
3242 3393 3446 3491 quod
3516 3393 3594 3466 in
3641 3415 3808 3468 ma-
3837 3377 3897 3428 ¹⁰
3935 3376 4164 3427 ¹¹²⁸²⁶¹³⁸

3872 3439 4027 3490 nulla
4050 3444 4135 3488 est

2264 3513 2456 3589 teria
2495 3513 2658 3586 sola
2692 3533 3090 3608 nunquam
3128 3518 3241 3583 est
3283 3530 3586 3582 summa
3650 3507 3811 3582 dis-
3859 3501 4145 3616 dffg‘ggjg?

2266 3630 2545 3730 positio
2588 3628 3065 3702 necessitans
3096 3626 3189 3700 ad
3233 3626 3602 3720 formam3
3649 3634 3810 3699 tum
3845 3633 3975 3742 ²⁸1¹:st
3978 3628 4149 3741 ἐξῶσ-

2268 3745 2453 3844 quia
2496 3744 2814 3820 materia
2880 3743 3308 3818 secundum
3369 3766 3450 3816 se
3512 3750 3627 3816 est
3677 3766 3816 3839 po-
3884 3754 4133 3806 formam-

2270 3863 2505 3938 tentia
2582 3859 3209 3936 contradictionis
3298 3858 3392 3933 ad
3492 3858 3814 3933 formam

2271 4000 2886 4080 quamcumque3
2953 3975 3187 4073 igitur
3228 3975 3321 4050 ad
3366 3977 3656 4050 nullam
3701 3984 3817 4049 est

2272 4120 2577 4172 summa
2652 4093 3090 4192 dispositio;
3182 4101 3339 4167 tum
3416 4092 3596 4190 quia
3658 4115 3812 4168 non

2271 4222 2520 4314 potest
2570 4235 2738 4287 esse
2791 4210 3051 4307 aliqua
3097 4208 3497 4307 dispositio
3545 4232 3819 4284 neces-

2273 4331 2515 4405 sitans
2548 4337 2631 4402 ut
2672 4328 2881 4401 Deus
2921 4333 3096 4422 agat
3135 4323 3230 4398 ad
3288 4325 3462 4417 hoc,
3498 4324 3703 4422 quod
3737 4325 3815 4398 in

2275 4446 2543 4520 ultimo
2631 4441 2945 4517 instanti
3030 4441 3444 4515 inducatur
3543 4440 3812 4534 forma,

2273 4562 2453 4661 quia
2495 4559 2893 4658 supposita
2945 4558 3157 4631 omni
3208 4557 3508 4633 actione
3560 4582 3816 4632 causae

2274 4678 2636 4754 secundae
2695 4675 3012 4776 praevia,
3086 4684 3335 4774 potest
3383 4676 3593 4750 Deus
3662 4700 3819 4750 non

2274 4818 2500 4892 agere
2534 4795 2608 4867 in
2643 4793 2957 4868 instanti
3006 4792 3271 4866 ultimo
3336 4794 3428 4869 de
3479 4794 3822 4892 potentia

2275 4917 2654 4990 absoluta.
2694 4915 2856 4988 Imo
2886 4922 3145 4988 errant
3177 4914 3302 4987 hic
3343 4914 3572 4989 simul
3615 4915 3825 4988 theo·

2275 5032 2693 5128 logizantes
2735 5039 2808 5105 et
2838 5030 3503 5128 philosophantes,
3548 5040 3825 5106 tenen-

2275 5158 2393 5222 tes
2426 5148 2630 5245 quod
2667 5171 2817 5220 non
2855 5154 3104 5245 potest
3143 5147 3353 5221 Deus
3402 5171 3557 5222 non
3594 5147 3823 5234 indu,-

2276 5287 2449 5339 cere
2531 5266 2849 5338 formam
2946 5285 3251 5337 summa.
3321 5263 3822 5362 dispositione

2275 5380 2591 5480 praevia,
2639 5403 2874 5478 quam
2908 5389 3156 5477 potest
3198 5403 3436 5476 agens
3477 5389 3819 5457 creatum

2276 5519 2625 5591 causare,
2662 5495 2845 5594 quia
2907 5517 2952 5569 a
2991 5494 3491 5594 dispositione
3535 5497 3827 5598 praevia

2276 5636 2425 5686 non
2459 5612 2729 5688 estilla
2761 5611 3001 5685 forma
3068 5611 3623 5705 substantialiS,
3688 5612 3824 5689 sed

3848 815 4010 878 Benp.
4044 810 4117 861 ad

3837 877 4034 941 obiect.
4065 874 4117 925 1.
