4295 6326
677 440 808 507 530

2095 445 2339 515 LIBRI
2384 446 2510 516 ΙΙΙ.

1385 1085 2534 1241 DISTINCTIO
2663 1087 3153 1243 XXV.

1842 1462 1936 1510 DE
1986 1459 2283 1512 NATURA
2333 1461 2689 1514 DONORUM
2700 1495 2716 1512 .

1055 2035 1481 2117 QUAEsTlo
1534 2035 1830 2103 UNIGA.

677 2211 923 2277 Utrum
988 2208 1366 2297 sapientia,
1420 2206 1742 2284 scientia,
1802 2206 2214 2288 intellectuS,

765 2314 1160 2398 consilium,
1221 2315 1367 2383 sint
1431 2313 1710 2383 habitus
1778 2314 2218 2382 intellectua-

766 2427 858 2491 les
899 2425 928 2489 2

1209 2623 1362 2674 uaest.
1398 2617 1484 2673 40.
1519 2633 1680 2674 mem.
1716 2635 1754 2672 1.
1789 2622 1852 2672 D.
1899 2616 2110 2675 Thom.
2164 2616 2212 2672 1.

669 2620 873 2676 Aleos.
906 2621 961 2678 3.
983 2626 1136 2690 part.

1274 2700 1326 2746 ee
1376 2694 1428 2745 2.
1479 2691 1533 2746 2.
1586 2699 1780 2760 quaest.
1830 2691 1884 2742 8.
1935 2692 2046 2743 art.
2078 2690 2134 2745 6.
2166 2693 2216 2745 et

745 2692 1286 2836 {figitfgssaerbcrtsn
1316 2768 1370 2818 et
1413 2762 1505 2818 Mc
1547 2772 1739 2832 quaeu.
1787 2779 1827 2817 1.
1873 2767 1981 2817 art.
2041 2778 2079 2818 ι.
2113 2761 2213 2817 Ri-

743 2836 946 2892 chax-d.
1008 2844 1114 2892 art.
1173 2852 1211 2891 1.
1258 2842 1446 2907 quaest.
1510 2851 1547 2888 1.
1609 2836 1670 2889 Ι).
1723 2837 1934 2889 Bonav.
1990 2832 2212 2889 ibidem.

743 2910 902 2963 Azor.
936 2912 1062 2962 lom.
1100 2923 1138 2961 1.
1173 2908 1270 2961 lib.
1304 2908 1355 2960 3.
1380 2922 1498 2977 cap.
1531 2906 1622 2962 29.
1655 2914 1844 2977 quaese.
1880 2908 1933 2958 5.

2325 1800 2569 1896 gnitio
2630 1801 3128 1877 articulorum
3201 1803 3274 1875 in
3339 1803 3619 1877 Verbo,
3696 1803 3877 1877 Ideo

2329 1918 2765 1993 intellectus
2799 1928 2873 1994 et
2902 1920 3223 1995 scientia
3250 1929 3364 1995 est
3408 1944 3608 1994 unus
3658 1920 3880 1995 habi-

2330 2044 2455 2109 tus
2548 2037 2932 2133 perfectus
3025 2036 3309 2113 divinae
3414 2037 3877 2135 cognitionis

2329 2150 2554 2249 primi
2621 2151 3011 2241 credibilis
3069 2163 3143 2228 et
3204 2154 3631 2253 expressivi
3690 2154 3880 2230 alio-

2328 2293 2527 2343 rum.
2603 2269 2821 2345 Unde
2893 2271 3271 2370 sapientia
3337 2283 3451 2348 est
3510 2273 3872 2366 charitaS‚

2329 2386 2737 2461 consilium
2782 2397 2894 2463 est
2935 2389 3370 2486 prudentia,
3440 2391 3878 2466 intellectus

2327 2514 2401 2578 et
2442 2504 2764 2580 scientia
2803 2516 2982 2580 sunt
3065 2531 3264 2582 unus
3338 2508 3647 2583 habitus
3716 2530 3880 2582 res-

2326 2631 2549 2718 pectu
2612 2622 2840 2720 primi
2908 2624 3323 2716 credibiliS,
3390 2636 3463 2700 et
3544 2625 3870 2700 aliorum

2324 2738 2809 2813 credibilium
2851 2740 3359 2829 inclusorum,
3392 2742 3592 2816 sicut
3634 2743 3706 2815 in
3743 2766 3876 2817 ac-

2324 2855 2655 2953 quisitis,
2727 2857 3162 2933 intellectus
3241 2870 3354 2934 est
3447 2860 3873 2957 principio-

2323 2998 2522 3061 rum,
2560 2974 2882 3050 scientia
2921 2978 3537 3052 conclusionum.

2419 3091 2726 3185 Contra,
2756 3092 2831 3165 in
2868 3094 3164 3169 actibus
3196 3093 3595 3191 acquisitis
3626 3095 3867 3169 scien·
3931 3115 4205 3190 sapientia

2320 3207 2424 3281 tia
2464 3218 2537 3281 et
2595 3209 3029 3285 intellectus
3088 3221 3266 3286 sunt
3312 3212 3592 3287 diversi
3657 3214 3865 3288 habi·
3898 3187 4017 3299 ιὲῗῖῘ
4049 3183 4220 3294 ἓξὲἒιῑζ

2321 3332 2444 3397 tus
2479 3352 2497 3417 3
2535 3348 2716 3420 ergo
2759 3336 2831 3399 et
2879 3327 3198 3402 scientia
3275 3329 3554 3423 infusa,
3619 3340 3690 3404 et
3754 3331 3863 3403 in·
3897 3306 4061 3362 '¹⁰¹⁰‘
4107 3319 4218 3367 Ῥω·

771 3095 1185 3184 Quaeritur‚
1232 3119 1327 3169 an
1354 3096 1559 3170 dona
1598 3094 1884 3186 omnia,
1921 3092 2213 3168 scilicet

674 3212 1077 3310 sapientia,
1124 3213 1471 3304 scientia,
1508 3221 1582 3286 et
1617 3211 2079 3303 intellectus,
2139 3221 2213 3285 et

3960 3370 4168 3420 dantia.

670 3330 1111 3424 consilium,
1157 3328 1311 3403 sint
1358 3328 1664 3403 habitus
1722 3329 2212 3402 intellectua-

669 3449 782 3522 les
810 3447 850 3518 ἱ)
876 3447 985 3520 Ad
1021 3449 1164 3521 hoc
1199 3456 1402 3545 patet
1433 3471 1522 3521 ex
1568 3446 1813 3521 dictis.
1879 3445 2210 3544 Sapien-

667 3564 773 3641 tia
858 3589 1010 3638 non
1089 3573 1200 3638 est
1290 3562 1854 3656 intellectualis,
1934 3572 2011 3636 ut
2101 3561 2206 3636 ibi

667 3694 1145 3777 numeratur,
1197 3692 1277 3757 ut
1326 3682 1837 3758 communiter
1884 3683 2208 3756 traditur

666 3799 742 3873 in
778 3801 1195 3899 Scriptura,
1231 3800 1361 3875 sed
1405 3824 1579 3874 cum
1644 3799 1970 3873 habetur
2036 3801 2207 3873 cha-

661 3918 907 4010 ritas3
968 3917 1166 3991 unde
1219 3916 1678 4009 intellectus,
1743 3916 2065 3991 scientia
2131 3926 2204 3990 et

659 4033 1064 4108 consilium
1110 4044 1293 4106 sunt
1350 4032 1656 4106 habitus
1722 4033 2199 4108 intellectua-

656 4148 793 4241 tos,
832 4158 914 4223 ut
946 4150 1069 4223 hic
1100 4158 1536 4222 sumuntur.
1599 4149 2039 4224 Intellectus
2088 4160 2203 4224 est

658 4264 860 4338 circa
918 4264 1167 4361 prima
1251 4263 1728 4337 credibilium
1796 4291 1812 4356 3
1882 4262 2202 4338 scientia

662 4389 1010 4477 respectu
1047 4378 1391 4452 omnium
1428 4379 1937 4473 credibilium,
1983 4390 2056 4454 et
2087 4394 2201 4455 est

309 4506 542 4618 ‚Sciefftin
580 4510 631 4556 et
662 4494 1018 4593 explicita
1067 4494 1425 4588 cognitio.
1487 4493 1703 4569 Unde
1767 4496 2199 4572 intellectus

309 4575 610 4682 'nieotssffi'ci
661 4618 733 4682 et
793 4608 1113 4684 scientia
1162 4608 1523 4682 dicuntur
1576 4607 1764 4682 fides
1830 4609 2199 4706 implicita

367 4694 598 4746 ifferunt.

658 4735 731 4799 et
763 4723 1143 4822 explicita,
1192 4734 1263 4798 et
1305 4735 1889 4820 consequuntur
1942 4749 2022 4800 se
2073 4727 2198 4799 in-

654 4839 898 4915 vicem
946 4850 1092 4913 tam
1140 4838 1213 4910 in
1286 4838 1411 4912 via
1478 4861 1704 4935 quam
1772 4840 1845 4912 in
1919 4841 2188 4938 patria.

655 4957 737 5028 ln
770 4956 892 5029 via
924 4955 1202 5030 dicitur
1232 4955 1511 5052 aliquis
1545 4956 1827 5031 habere
1863 4957 2195 5034 intellec-

657 5082 842 5167 tum,
890 5072 1024 5171 qui
1092 5071 1407 5147 assentit
1485 5073 1874 5167 articulis3
1940 5074 2193 5148 scien-—

648 5189 830 5264 tiam
873 5213 1084 5282 voro,
1124 5212 1297 5286 quae
1346 5188 1486 5262 scit
1527 5187 1890 5264 articulos
1930 5191 2192 5265 delen-

644 5308 824 5381 dere
894 5308 969 5380 in
1054 5304 1327 5402 patria.
1414 5307 1856 5381 intellectus
1915 5307 2191 5383 dicitur

643 5422 838 5498 visio
909 5422 1195 5496 divinae
1256 5421 1641 5517 essentiae,
1696 5423 2015 5500 scientia
2074 5451 2191 5500 co-

2320 3440 2669 3514 tellectus
2724 3468 2740 3528 3
2827 3441 2996 3516 dico
3102 3444 3305 3541 quod
3392 3470 3660 3520 verum
3746 3456 3861 3521 est

2319 3558 2808 3646 antecedens,
2852 3568 2930 3632 ut
2970 3569 3173 3654 patet
3223 3561 3291 3633 6.
3352 3562 3610 3636 Ethz'c.
3658 3564 3858 3637 Con-

2317 3674 2723 3770 sequentia
2790 3684 3043 3750 tamen
3123 3701 3278 3752 non
3357 3681 3583 3773 valet,
3675 3679 3859 3778 quia

2316 3789 2751 3867 intellectus
2820 3804 2892 3868 et
2967 3795 3288 3871 scientia
3370 3798 3854 3873 credibilium

2314 3909 2625 3984 habitus
2675 3921 2853 3986 sunt
2909 3915 3363 3989 excedentes
3418 3916 3853 3990 facultatem

2314 4029 2770 4120 naturalem,
2825 4050 3001 4125 quae
3060 4041 3238 4105 sunt
3287 4032 3366 4104 in
3415 4033 3851 4129 cognitione

2313 4141 2538 4239 primi
2581 4144 2993 4219 credibilis.
3050 4149 3140 4221 Et
3192 4148 3367 4223 licet
3415 4149 3736 4224 scientia
3781 4158 3855 4223 et

2313 4258 2747 4334 intellectus
2845 4263 3197 4360 acquisiti
3302 4264 3455 4338 sint
3535 4266 3849 4358 diversi,

2312 4376 2493 4473 quia
2534 4377 2910 4452 inclinant
2962 4381 3053 4454 ad
3115 4382 3420 4457 diversa
3468 4383 3854 4457 evidentia

2310 4515 2445 4588 per
2485 4493 2830 4567 habitum
2882 4496 3317 4573 intellectus
3385 4509 3458 4572 et
3507 4498 3851 4573 scientiae

2309 4608 2384 4681 in
2430 4611 2701 4707 patria,
2751 4637 2900 4685 non
2938 4614 3161 4688 video
3205 4615 3355 4690 alia
3423 4616 3844 4709 credibilia,

2309 4725 2452 4798 nisi
2500 4726 2577 4799 in
2623 4728 2779 4801 Deo
2827 4757 2842 4820 ;
2906 4729 3073 4803 ideo
3129 4731 3326 4806 idem
3380 4732 3686 4807 habitus
3735 4743 3850 4807 est

2307 4842 2436 4928 ibi,
2548 4844 2728 4941 quia
2823 4869 2973 4918 non
3069 4847 3298 4921 aliam
3385 4849 3842 4923 evidentiam

2308 4958 2556 5033 habeo
2627 4985 2856 5058 quam
2948 4963 3409 5039 evidentiam
3492 4966 3846 5041 essentiae

2303 5076 2610 5152 divinae.

2401 5196 2726 5294 Reliqua
2770 5198 3000 5295 hujus
3044 5200 3239 5273 tertii
3283 5201 3457 5276 libri
3524 5202 3697 5279 vide
3766 5203 3844 5276 in

2303 5312 2584 5410 scripto
2627 5314 3070 5391 Oxoniensi.
