4295 6326
707 355 854 429 ἱ650

728 554 920 625 rem,
1007 542 1087 607 ut
1161 556 1298 631 per
1366 533 1828 631 principium
1904 532 2269 623 activum,

730 673 884 721 non
918 650 1220 725 elicitur
1287 651 1545 748 aliqua
1606 649 1830 741 actio,
1888 671 2061 745 quae
2118 670 2269 720 non

728 764 945 862 prius
991 766 1465 860 eliciebatur,
1513 766 1694 864 quia
1755 765 2046 839 habens
2087 765 2274 836 cha-

728 891 1097 956 racterem
1162 907 1310 957 non
1360 893 1605 980 potest
1647 884 1723 955 in
1780 883 2112 978 aliquem
2157 905 2272 954 ac·

730 1006 889 1070 tum
936 1001 1390 1092 humanum,
1430 999 1769 1096 inquom
1816 1021 1967 1070 non
2024 997 2272 1093 potuit

726 1115 942 1212 prius
1028 1139 1257 1211 quam
1358 1116 1625 1189 habuit
1718 1117 2262 1201 characterem,

723 1231 844 1303 vel
889 1230 965 1302 in
1010 1254 1235 1327 quem
1284 1254 1437 1304 non
1484 1240 1741 1327 posset
1781 1254 1934 1302 nou
1970 1228 2267 1302 habens

725 1350 1241 1423 characterem
1282 1377 1300 1443 3
1363 1348 1707 1445 itassnim
1750 1356 1995 1445 potest
2035 1347 2268 1420 verba

722 1470 1059 1566 proferre
1142 1479 1215 1544 et
1301 1470 1643 1562 abluere,
1734 1492 1885 1542 non
1974 1468 2266 1541 habens

721 1591 1242 1664 characterem
1291 1589 1627 1682 Ordinis,
1683 1589 1881 1662 sicut
1941 1588 2258 1662 habens.

712 1707 988 1782 Solum
1059 1710 1292 1806 igitur
1351 1708 2037 1784 instrumentaliter
2075 1708 2267 1782 dici-

721 1834 847 1900 tur
879 1826 1275 1901 character
1305 1850 1559 1924 posse,
1597 1828 1717 1900 vel
1753 1834 2085 1924 potestas
2120 1849 2268 1900 res-

724 1953 950 2041 pectu
992 1943 1286 2039 gratiae,
1334 1968 1486 2017 non
1531 1943 1713 2040 quia
1759 1942 1914 2037 agit
1954 1942 2049 2016 ad
2088 1966 2268 2039 gra-

724 2059 938 2153 tiam,
975 2060 1108 2134 scd
1168 2061 1351 2158 quia
1389 2059 1597 2134 Deus
1652 2058 1938 2155 assistit
1990 2059 2269 2133 addan-

725 2176 904 2249 dum
950 2176 1304 2273 gratiam,
1352 2177 1481 2251 ubi
1526 2175 1782 2250 anima
1825 2177 2264 2249 charactere

723 2293 870 2366 sibi
949 2293 1475 2388 consignatur,
1550 2301 1924 2389 quantum
1995 2303 2108 2367 est
2175 2316 2265 2366 ex

723 2416 932 2504 parte
988 2408 1153 2482 Dei.
1206 2409 1367 2481 Hoc
1411 2416 1616 2505 patet
1655 2407 1732 2480 in
1779 2408 2129 2505 exemplo
2172 2408 2263 2482 de

722 2524 1126 2622 EpiscopO,
1174 2524 1303 2621 qui
1359 2524 1639 2598 dicitur
1697 2523 1988 2621 aliquid
2039 2548 2263 2622 posse

718 2665 810 2715 ex
877 2639 1127 2715 officio
1191 2641 1722 2738 Episcopatus,
1815 2641 2020 2738 quod
2109 2665 2259 2714 non

716 2767 965 2855 potest
1023 2758 1262 2855 priuS‚
1337 2782 1493 2832 non
1560 2757 1742 2855 quia
1795 2757 2081 2855 aliquid
2127 2758 2265 2831 ab—

717 2879 1055 2951 solutum
1101 2901 1388 2950 novum
1428 2877 1649 2950 modo
1685 2876 1780 2948 sit
1812 2876 1887 2949 in
1923 2900 2012 2950 eo
2056 2875 2261 2973 quod

718 3018 874 3067 uon
954 2994 1195 3091 prius,
1275 2993 1457 3091 quia
1532 2993 1957 3066 secundum
2043 2992 2257 3086 istos,

717 3112 1144 3212 Episcopus
1177 3114 1267 3188 de
1297 3136 1497 3187 novo
1535 3136 1682 3185 non
1726 3111 1989 3210 recipit
2022 3112 2258 3187 alium

711 3231 1089 3319 ordinem,
1147 3254 1290 3303 nec
1351 3254 1487 3327 per
1528 3251 2013 3326 consequens
2073 3231 2261 3303 cha-

713 3356 1115 3440 racterem,
1190 3345 1322 3421 sed
1401 3346 1582 3442 quia
1652 3344 1919 3442 recipit
1978 3369 2255 3420 novam

713 3463 1163 3537 relationem
1241 3462 1334 3534 ad
1426 3485 1712 3535 novum
1783 3461 2108 3557 gradum
2179 3464 2256 3536 in

712 3581 1080 3669 Ecclesia,
1172 3603 1310 3678 per
1395 3603 1626 3676 quam
1695 3579 2108 3676 specialius
2186 3592 2261 3657 et

714 3697 1215 3773 excellentius
1249 3698 1409 3771 Deo
1452 3695 1981 3792 configuratur
2020 3721 2255 3794 quam

373 3837 450 3887 Ad
481 3843 651 3902 potes·
716 3817 953 3914 prius.
1029 3815 1399 3890 Similiter
1454 3815 1700 3889 Judex
1762 3815 1852 3890 de
1895 3839 2096 3890 novo
2138 3818 2257 3890 di-

391 3905 650 4015 ῑξῖῗῗῑιῗῑῗ
715 3934 910 4007 citur
950 3933 1238 4031 aliquid
1282 3955 1534 4031 posse,
1572 3933 1775 4029 quod
1821 3957 1970 4006 non
2008 3934 2251 4031 priuS,

359 4025 674 4154 ῗξζῧξξῆᾟξ,
713 4075 867 4124 non
926 4051 1109 4148 quia
1190 4049 1478 4146 aliquid
1545 4048 1982 4123 absolutum
2044 4051 2252 4125 aliud

709 4168 807 4242 sit
838 4177 1235 4242 causatum
1271 4167 1346 4239 in
1384 4189 1473 4240 eo
1499 4190 1705 4270 nunc
1740 4189 1970 4262 quam
2004 4168 2247 4264 priuS,

707 4286 890 4384 quia
931 4309 1241 4360 omnem
1284 4294 1538 4359 actum
1582 4287 2038 4374 humanum,
2088 4286 2249 4361 sive

705 4403 1023 4489 bonum,
1088 4403 1247 4477 sive
1296 4403 1613 4493 malum,
1663 4411 1910 4498 potest
1942 4403 2251 4498 nonju-

701 4523 845 4597 dex
878 4544 1261 4614 exercere,
1308 4520 1506 4594 sicut
1541 4519 1779 4615 judex
1815 4548 1833 4613 3
1879 4521 2009 4595 sed
2063 4511 2248 4618 quia

698 4661 937 4733 agens
1007 4636 1427 4735 principale
1498 4635 1782 4708 assistit
1827 4636 1920 4709 ad
1989 4646 2243 4710 actum

698 4757 953 4845 unius,
1023 4766 1096 4831 et
1165 4781 1315 4829 non
1389 4754 1734 4848 alterius,
1799 4763 1871 4829 et
1938 4779 2028 4829 cx
2097 4758 2242 4830 hoc

697 4900 898 4951 unus
955 4874 1234 4949 dicitur
1292 4874 1574 4949 hahere
1628 4882 2107 4972 potestatem,
2169 4885 2241 4949 et

692 4994 891 5069 alius
923 5018 1104 5066 non.

789 5110 1158 5187 Similiter
1189 5120 1303 5185 est
1345 5108 1435 5183 de
1472 5108 1858 5204 Religioso
1900 5110 2236 5206 obligato

686 5229 848 5303 Deo
945 5251 1081 5325 per
1158 5236 1450 5319 votum,
1523 5225 1951 5299 secundum
2030 5226 2233 5323 quod

687 5344 1221 5441 configuratur
1277 5344 1466 5435 Dec,
1541 5366 1695 5415 non
1745 5365 1880 5440 per
1920 5342 2233 5439 aliquod

684 5463 1155 5556 absolutum,
1194 5460 1439 5557 magis
1483 5483 1714 5558 quam
1760 5485 1910 5533 non
1949 5461 2236 5555 obliga-

683 5592 832 5657 tus.
894 5580 1069 5656 Non
1104 5587 1403 5678 oportet
1444 5576 1678 5673 igitur
1710 5579 2230 5653 characterem

370 2065 674 2131 Exemplifl-

445 2137 615 2183 catur.

2146 358 2388 425 LIBRI
2434 357 2557 427 lv.

2390 552 2557 605 esse
2620 530 2942 605 formam
3041 531 3500 622 absolutam,
3581 526 3764 624 quia
3821 547 3939 597 se-

2387 648 2760 721 cundum'
2793 649 3006 722 illum
3053 649 3331 723 dicitur
3384 645 3665 743 aliquis
3705 664 3934 741 posse

2386 763 2462 837 in
2526 766 2862 864 aliquem
2959 777 3243 861 actum,
3316 767 3392 840 in
3456 787 3686 862 quem
3770 784 3928 834 non

2386 893 2633 980 potest
2671 885 2894 971 aliuS,
2942 886 3073 960 sed
3143 885 3326 983 quia
3393 884 3600 958 Deus
3641 880 3933 955 assistit

2383 1001 2695 1076 habenti
2776 1004 3297 1076 characterem
3369 1001 3460 1075 ad
3568 996 3924 1073 effectum

2380 1116 2746 1214 aliquem,
2783 1128 2855 1193 et
2888 1142 3040 1192 non
3069 1117 3354 1192 assistit
3385 1141 3540 1191 non
3574 1112 3917 1190 habenti.

2477 1235 2759 1310 Eodem
2806 1236 3029 1310 modo
3070 1245 3182 1310 est
3223 1236 3314 1309 de
3359 1243 3727 1332 potestate
3762 1255 3928 1305 sus·
3990 1227 4076 1278 Ad
4102 1242 4238 1276 mm·

3997 1293 4233 1340 mentalia

2343 1350 2708 1448 ›cipicndi
2732 1362 3211 1427 sacramenta
3245 1352 3418 1434 alia,
3448 1361 3529 1425 ut
3557 1350 3922 1425 Ordinem
3956 1356 4241 1416 recipienda

2377 1477 2450 1541 et
2489 1468 3198 1563 Confirmationem,
3246 1469 3428 1583 quia
3460 1494 3612 1543 non
3659 1466 3922 1564 requi—
3955 1431 4236 1542 rgggir‘ffi

2380 1586 2570 1661 ritur
2593 1589 2743 1662 alia
2767 1589 3007 1663 forma
3038 1587 3482 1663 absolutam
3510 1586 3918 1685 baptizate,
3955 1543 4252 1669 ᾳῖἕὲᾞῖεῗ

2377 1702 2648 1777 adhoc
2685 1715 2764 1778 ut
2817 1705 3057 1804 possit
3108 1706 3446 1802 recipere
3481 1704 3627 1778 alia
3662 1726 3927 1777 sacra-
4058 1669 4184 1718 ¹⁰¹²

2380 1830 2662 1913 menta,
2707 1822 2827 1894 vel
2883 1821 3088 1919 quod
3121 1822 3542 1908 character,
3581 1819 3713 1916 qui
3776 1819 3929 1891 im-

2377 1935 2733 2032 primitur
2786 1936 2863 2009 in
2899 1937 3320 2036 Baptism0,
3372 1937 3467 2010 sit
3500 1936 3743 2009 forma
3783 1935 3928 2009 ab·

2377 2053 2656 2148 soluta,
2707 2041 3086 2129 mediante
3149 2078 3302 2152 qua
3340 2052 3707 2150 suscipiat
3738 2053 3926 2126 cha-

2378 2179 2710 2244 racteres
2796 2171 3121 2244 aliorum
3192 2179 3848 2244 sacramentorum
3899 2197 3918 2262 3

2375 2285 2508 2359 sed
2551 2285 2832 2361 suflicit
2870 2287 3031 2361 sola
3073 2285 3512 2361 assistentia
3551 2286 3688 2359 Dei
3726 2286 3927 2359 dan-

2375 2402 2470 2476 tis
2548 2402 2863 2480 effectus
2930 2428 3317 2501 congruos
3385 2403 3919 2478 sacramentis.

2375 2520 2589 2595 Sicut
2622 2523 2826 2596 enim
2870 2523 2944 2595 in
2983 2523 3373 2619 lleligioso
3418 2524 3759 2621 professo
3803 2522 3930 2595 di-

2373 2638 2571 2711 citur
2659 2640 2908 2714 inesse
3014 2649 3351 2738 potestas
3447 2639 3926 2737 suscipiendi

2373 2757 2724 2851 OrdineS,
2771 2782 2923 2832 non
2961 2767 3216 2833 autem
3258 2758 3338 2832 in
3394 2758 3712 2852 novitiO,
3761 2773 3921 2832 non

2371 2901 2508 2973 per
2539 2876 2828 2974 aliquid
2858 2878 3295 2952 absolutum
3323 2879 3400 2952 in
3440 2903 3619 2972 uno,
3657 2887 3729 2952 et
3760 2901 3919 2951 non

2371 2992 2447 3067 in
2491 2995 2669 3089 alio,
2706 2996 2836 3071 sed
2873 3005 3182 3094 propter
3213 2998 3448 3072 alium
3484 3005 3916 3094 respectum

2372 3135 2635 3186 eorum
2672 3112 2762 3186 ad
2828 3113 3271 3208 praelatum,
3324 3113 3432 3189 sic
3495 3113 3569 3187 in
3635 3136 3922 3212 propo-

2368 3230 2539 3324 sito,
2578 3231 2782 3328 quod
2818 3232 3025 3306 Deus
3080 3242 3194 3307 est
3229 3242 3543 3329 paratus
3583 3231 3676 3306 ad
3718 3231 3919 3305 dan-

2368 3347 2550 3419 dum
2611 3348 2933 3443 gratiam
2981 3348 3291 3423 habenti
3359 3350 3909 3436 characterem,

2367 3473 2438 3537 et
2494 3463 2643 3537 alia
2711 3474 3218 3560 sacramenta,
3264 3487 3439 3562 quai
3484 3489 3636 3538 non
3696 3464 3917 3539 daret

2366 3603 2521 3655 non
2622 3582 2934 3656 habenti
3018 3582 3299 3680 ipsum.
3384 3583 3601 3657 Patet
3675 3581 3914 3678 igitur

2366 3699 2570 3794 quod
2623 3723 2777 3773 non
2821 3709 3117 3797 oportet
3168 3724 3452 3798 ponere
3512 3702 3914 3775 characte-

2365 3838 2523 3889 rem
2568 3816 2886 3890 formam
2922 3817 3380 3911 absolutam,
3419 3841 3559 3892 nec
3600 3828 3915 3916 proptor

2362 3943 2811 4032 potestatem
2866 3934 3220 4029 activam,
3258 3959 3486 4032 quam
3558 3935 3787 4009 habet
3829 3936 3903 4009 in

2361 4050 2951 4124 Confirmatione
2977 4059 3049 4124 et
3079 4050 3388 4139 Ordine,
3429 4075 3567 4125 nec
3595 4063 3910 4149 propter

2359 4180 2810 4269 potestatem
2881 4170 3295 4268 passivam,
3364 4194 3592 4267 quam
3672 4172 3904 4249 habet

2317 4322 2322 4327 ·
2357 4288 2447 4362 ad
2485 4288 3062 4385 suscipiendum
3098 4288 3248 4361 alia
3287 4298 3791 4362 sacramenta..

2451 4406 2560 4478 Ad
2647 4414 3004 4502 quartum
3066 4404 3261 4497 dico,
3309 4405 3513 4501 quod
3573 4404 3896 4481 destruit
4076 4426 4143 4491 ’7,

2351 4521 2684 4619 primum
2749 4530 3288 4617 argumentum
3326 4546 3339 4595 z
3379 4521 3663 4611 Primo,
3711 4524 3894 4620 quia
3955 4540 4044 4592 Ad
4079 4556 4229 4604 quar-

2351 4641 2411 4715 si
2474 4640 2550 4712 in
2613 4640 3099 4737 susceptione
3160 4638 3567 4734 cujuslibet
3634 4664 3893 4715 sacra—
4026 4609 4168 4654 ‘⁰³¹³‘

2349 4757 2585 4845 menti
2620 4755 3105 4853 imprimatur
3145 4765 3564 4853 respectus,
3601 4766 3675 4831 et
3732 4781 3888 4832 non

2348 4877 2765 4965 character,
2811 4874 2927 4946 vel
2965 4871 3231 4968 gratia,
3271 4872 3454 4969 quia
3494 4897 3645 4946 non
3690 4874 3890 4948 exis-

2344 4991 2531 5066 tenti
2591 4991 2662 5063 in
2727 5001 3038 5088 peccato
3101 4990 3430 5084 mortali,
3493 4990 3727 5086 igitur
3791 4993 3884 5066 ad

2344 5111 2595 5183 solum
2641 5119 3074 5206 respectum
3107 5108 3249 5183 erit
3284 5108 3627 5202 mutatio,
3665 5109 3886 5207 cujus
3949 5106 4243 5163 0¹¹⁸‘0¹‘³⁸

3919 5172 4146 5218 tantum
4173 5171 4244 5218 Sa-

2344 5226 2777 5323 oppositum
2815 5224 3058 5297 voluit
3101 5248 3234 5321 per
3263 5224 3586 5322 primam
3651 5226 3886 5300 ratio—
3919 5240 4226 5342 ,gau-¹⁰⁰³

3996 5300 4238 5356 primunt

2343 5366 2520 5417 nem
2578 5342 3064 5416 concludere.
3104 5341 3291 5416 Dico
3354 5342 3443 5416 ad
3510 5344 3884 5418 rationem
3939 5356 4224 5407 characte-

2342 5460 2418 5533 in
2459 5484 2567 5553 se,
2616 5460 2819 5557 quod
2862 5459 2989 5533 illa
3058 5469 3562 5553 sacramenta,
3601 5461 3885 5559 quibus
4018 5434 4164 5470 rem.

2293 5618 2302 5623 *
2341 5577 2832 5654 constituitur
2864 5579 3091 5651 homo
3121 5578 3544 5653 secundum
3590 5588 3883 5654 certum
