4295 6326
269 2336 337 2400 9.

199 2424 398 2472 Auctor

133 2487 358 2535 dissidet
391 2484 458 2533 ab

164 2549 437 2597 Auselmo.

166 2614 281 2660 Nou
328 2608 429 2660 fuit

165 2676 461 2724 necessitas

128 2738 445 2800 simpliciter

206 2800 398 2850 mortis

180 2863 406 2917 Christi.

143 5466 452 5530 Reparatio

121 5531 355 5595 generis
369 5532 470 5580 hu-

121 5593 291 5646 mani
324 5607 450 5644 ron·

177 5657 426 5720 tingens.

1476 422 1700 490 DIST.
1751 420 1908 489 XX.
1962 416 2381 499 QUAESTIO
2434 415 2730 485 UNICA.

479 606 608 681 let.
670 606 856 681 Haec
909 605 1078 680 iste.
1146 603 1345 693 Quia
1397 627 1579 700 ergo
1637 602 1794 677 vita
1859 602 2027 699 ejus

479 723 616 798 fuit
690 733 844 798 tam
933 722 1241 816 nobilis,
1348 744 1552 796 mors
1631 720 1798 818 ejus
1889 718 2029 793 suit

482 842 810 915 multum
878 849 1193 937 accepta
1230 839 1419 926 De0,
1488 847 1570 912 ut
1628 861 1762 936 per
1817 837 2027 910 iliam

479 958 915 1033 satisfacere
984 966 1265 1055 posset.
1354 956 1539 1030 Haec
1627 953 2023 1047 veraciter,

481 1084 565 1150 ut
596 1075 840 1174 potui,
886 1098 977 1151 ex
1010 1074 1230 1150 dictis
1271 1074 1440 1171 ejus
1476 1073 1777 1170 collegi.

1012 1371 1382 1450 scaomuM
1421 1371 1520 1427 ιιι.

548 1523 815 1582 Ostendit
842 1524 1052 1580 Doctor
1081 1540 1150 1579 ex
1179 1524 1507 1596 Augustino
1540 1527 1596 1578 et
1637 1520 1880 1589 ratione,
1914 1537 2026 1576 non

479 1615 663 1670 fuisse
685 1614 1104 1681 necessarium,
1147 1613 1446 1669 hominem
1495 1612 1698 1668 redimi
1750 1627 1850 1681 per
1896 1627 2028 1684 pus·

476 1704 702 1761 sionem
736 1704 969 1774 Christi,
1003 1703 1136 1759 item
1160 1704 1582 1775 reparationem
1611 1701 1801 1773 ipsam
1846 1700 2029 1755 fnisse

479 1818 636 1858 mere
668 1803 1132 1875 contingentem,
1165 1802 1643 1871 etfnecessariam
1690 1804 1914 1854 tantum
1957 1813 2028 1852 ex

480 1892 880 1963 suppositione
919 1891 1087 1947 liberi
1133 1890 1348 1947 decreti
1403 1889 1525 1945 Dei.
1576 1889 1718 1944 Vide
1767 1888 1946 1944 multa
1967 1885 2027 1943 in

481 1982 713 2038 Scholio
763 1982 948 2053 posito
981 1982 1037 2037 in
1070 1980 1252 2037 Oxon.
1289 1998 1344 2037 n.
1385 1981 1438 2034 7.
1491 1996 1563 2035 un
1610 1996 1743 2035 vcro
1789 1982 1859 2034 ud
1904 1994 2028 2050 pec·

482 2075 592 2128 cati
644 2073 1050 2128 remissionem
1099 2072 1428 2144 requiratur
1476 2069 1804 2127 necessario
1856 2068 2028 2125 satis·
2119 2106 2126 2113 ·

485 2164 679 2230 factio,
713 2163 766 2217 4.
796 2163 850 2217 d.
890 2162 977 2218 44.
1012 2168 1217 2234 quaest.
1251 2178 1293 2218 ι.
1327 2165 1384 2217 et
1414 2162 1468 2216 d.
1500 2162 1583 2216 15.
1616 2169 1815 2232 quaest.
1844 2177 1882 2215 1.

588 2342 734 2416 Sed
761 2342 833 2414 in
866 2341 1029 2415 istis
1052 2341 1274 2415 dictis
1297 2339 1639 2415 Anselmi
1674 2340 2031 2415 videntur

490 2459 748 2557 aliqua
787 2482 955 2533 esse
996 2459 1254 2532 dubia.
1297 2461 1382 2532 Et
1429 2459 1675 2556 primo
1726 2458 2031 2532 videtur

490 2576 809 2649 dubium
871 2599 1067 2669 esse,
1114 2574 1316 2674 quod
1380 2575 1801 2673 redemptio
1870 2600 2026 2649 non

488 2694 734 2791 potuit
765 2718 959 2787 esse,
1005 2693 1152 2768 nisi
1186 2718 1321 2791 per
1363 2704 1683 2769 mortem
1716 2694 2025 2788 Christi,

488 2820 561 2885 et
603 2835 737 2909 per
767 2810 1053 2909 aliquid
1096 2820 1366 2908 sponte
1408 2812 1778 2905 oblatum,
1824 2812 2027 2909 quod

489 2929 889 3003 excederet
919 2952 1224 3003 omnem
1268 2938 1725 3003 creaturam.
1764 2931 1857 3002 Et
1886 2929 2029 3026 pri-

492 3067 616 3117 mo
650 3045 889 3142 probo
931 3045 1137 3142 quod
1171 3044 1391 3118 aliter
1438 3045 1685 3142 potuit
1725 3044 2024 3133 redimi,

490 3185 722 3259 quam
791 3188 928 3262 per
994 3173 1316 3237 mortem
1385 3161 1694 3256 Christi,
1756 3174 1830 3237 et
1898 3187 2034 3261 per

491 3279 785 3378 aliquid
829 3288 1099 3377 sponte
1141 3279 1513 3371 oblatum,
1559 3279 1762 3376 quod
1807 3302 2034 3354 exce-

488 3397 701 3471 deret
757 3417 1064 3468 omnem
1144 3405 1600 3468 creaturam.
1664 3395 2035 3490 Augusti-

494 3538 644 3588 nus
684 3515 756 3585 2.
794 3513 888 3587 de
934 3513 1209 3586 Trz’nz't.
1246 3536 1412 3609 cap.
1456 3513 1570 3584 18.
1609 3512 1790 3586 dicit
1829 3514 2033 3611 quod

488 3633 687 3708 alius
704 3631 975 3705 modus
1001 3630 1436 3704 redimendi
1455 3630 1843 3705 hominem
1867 3630 2033 3704 Deo

488 3773 642 3823 non
717 3746 994 3844 deluit,
1055 3747 1274 3846 cujus
1339 3748 1703 3843 potestati
1766 3754 2039 3823 cuncta

490 3865 924 3966 subjacent,·
975 3887 1128 3937 non
1181 3886 1364 3959 ergo
1429 3863 1568 3937 fuit
1617 3865 2036 3941 necessitas

491 3983 598 4057 sic
633 3980 930 4056 redimi.

593 4099 1007 4184 Praeterea,
1053 4119 1207 4168 non
1253 4105 1365 4170 est
1405 4096 1556 4171 alia
1621 4099 2039 4173 necessitas

496 4217 646 4292 nisi
708 4214 1314 4311 consequentiae,
1415 4215 1700 4289 scilicet
1790 4218 2038 4315 posito

496 4334 700 4432 quod
771 4332 880 4407 sio
947 4329 1418 4405 ordinaverit
1493 4331 1743 4430 ipsum
1851 4335 2041 4409 redi-

500 4475 742 4546 mere,
818 4450 1018 4524 sicut
1092 4450 1154 4524 si
1223 4472 1476 4544 curm,
1550 4475 1892 4547 moveor,
1958 4453 2038 4526 in

495 4592 650 4667 qua
690 4566 1145 4642 necessitate
1179 4574 1325 4640 stat
1348 4566 1552 4662 quod
1578 4569 2040 4644 antecedens

495 4686 594 4760 sit
624 4684 1074 4782 simpliciter
1105 4682 1588 4779 contingens,
1625 4685 1823 4761 sicut
1854 4710 2043 4761 con-

492 4804 801 4900 tingens
843 4801 981 4875 fuit
1029 4800 1280 4898 ipsum
1324 4801 1730 4898 praevideri
1783 4829 2046 4902 passu·

497 4927 718 5009 rum3
792 4917 1006 4990 nulla
1087 4939 1272 5012 ergo
1354 4918 1802 5014 necessitas,
1893 4921 2042 4997 nisi

498 5033 1104 5132 consequentiae,
1141 5033 1435 5109 scilicet
1471 5039 1676 5134 quod
1733 5040 1797 5114 si
1838 5065 2046 5139 prm-

498 5152 714 5227 visus
784 5150 923 5225 fuit
982 5150 1164 5247 pati,
1229 5161 1645 5248 pateretur,
1691 5157 1822 5230 sed
1891 5167 2041 5232 tam

501 5267 964 5344 antecedens
1041 5290 1271 5364 quam
1350 5255 1835 5368 consequens
1906 5273 2045 5348 fuit

501 5385 984 5480 contingens.

598 5504 1029 5594 Praeterea,
1115 5502 1332 5576 nulla
1427 5513 1541 5579 est
1626 5507 2044 5582 necessitas

502 5623 706 5722 quod
771 5645 1019 5719 genus
1089 5609 1514 5695 humanum
1598 5636 2040 5721 reparetur3

3549 410 3678 476 4¹3

2134 621 2319 694 ergo
2344 597 2559 670 nulla
2583 604 2698 670 est
2731 591 3146 669 necessitas
3178 589 3382 689 quod
3416 588 3681 662 Chris-

2136 723 2260 788 tus
2292 721 2705 811 pateretur.
2744 706 3316 806 Consequentia
3349 713 3554 804 patet
3581 704 3673 778 de

2134 854 2242 905 se.
2279 828 2760 903 Antecedens
2792 826 3184 924 probatur,
3219 822 3401 919 quia
3440 821 3501 896 si
3539 820 3675 914 sic,

2135 951 2281 1022 hoc
2358 971 2512 1021 non
2582 956 2808 1031 esset,
2862 944 3011 1019 nisi
3077 943 3260 1041 quia
3329 940 3681 1014 homines

2135 1062 2662 1163 praedestinati
2740 1070 2920 1136 sunt
2996 1059 3089 1134 ad
3166 1057 3522 1154 gloriam,
3604 1065 3679 1130 et

2132 1180 2330 1279 lapsi
2393 1203 2545 1253 non
2609 1185 2921 1276 possent
2969 1176 3284 1269 intrare,
3338 1174 3488 1247 nisi
3543 1196 3682 1270 per

2134 1296 2762 1372 satisfactionem.
2864 1293 3013 1368 Sed
3103 1289 3677 1390 praedestinatio

2133 1414 2475 1488 hominis
2515 1422 2631 1487 est
2669 1411 3155 1507 contingens,
3208 1432 3365 1482 non
3410 1430 3679 1482 neces-

2133 1532 2363 1621 saria,
2411 1530 2611 1604 sicut
2652 1530 2747 1604 ab
2782 1538 3072 1604 aeterno
3113 1527 3324 1601 Deus
3374 1524 3681 1600 contin-

2134 1656 2405 1744 genter
2479 1644 3061 1744 praedestinavit
3115 1643 3537 1735 hominem,
3606 1651 3679 1717 et

2134 1763 2351 1837 nullo
2420 1761 2646 1835 modo
2713 1760 3178 1847 necessariO,
3250 1782 3422 1833 cnm
3487 1755 3677 1830 nihii

2135 1888 2499 1975 operetur
2566 1887 2915 1974 respectu
2962 1875 3400 1972 aliquorum
3470 1883 3682 1948 extra

2136 2017 2245 2087 se,
2318 1993 2748 2067 ordinando
2818 1993 2948 2066 iila
3018 1991 3111 2065 ad
3190 1991 3511 2084 bonum,
3571 1989 3680 2063 sic

2135 2109 2386 2208 potuit
2452 2134 2606 2183 non
2651 2108 3269 2207 praedestinasse.
3340 2107 3500 2181 Nec
3567 2115 3683 2181 est

2135 2229 2698 2305 inconveniens
2772 2226 3166 2301 hominem
3238 2225 3585 2301 frustrari
3638 2248 3682 2300 a

2135 2346 2636 2438 beatitudine,
2684 2344 2829 2419 nisi
2865 2343 3427 2442 praesupposita
3477 2366 3683 2440 pree-

2136 2462 2650 2538 destinatione
2737 2460 3122 2554 hominis3
3215 2483 3396 2555 ergo
3464 2460 3681 2533 nulla

2137 2582 2279 2657 fuit
2308 2579 2725 2655 necessitas
2753 2579 3107 2652 absoluta
3137 2576 3304 2673 ejus
3333 2576 3682 2674 redemp-

2136 2698 2398 2791 tionis,
2442 2697 2641 2772 sicut
2691 2719 2834 2770 nec
2866 2695 3033 2792 ejus
3065 2693 3680 2793 praedestinatio-

2135 2817 2283 2890 nis.

2235 2932 2453 3006 Circa
2497 2954 2589 3005 ea
2627 2953 2803 3028 quae
2844 2928 3208 3002 dicuntur
3238 2929 3319 3002 in
3352 2927 3674 3003 articulo

2136 3050 2208 3122 2.
2274 3072 2369 3124 an
2444 3047 2735 3122 scilicet
2783 3053 3038 3142 posset
3080 3044 3237 3118 Deo
3282 3046 3512 3119 homo
3557 3069 3679 3118 re-

2138 3163 2532 3242 conciliari
2602 3162 2768 3237 sine
2828 3160 3370 3256 satisfactione,
3458 3162 3540 3236 in
3607 3162 3677 3235 4.

2139 3292 2229 3358 de
2258 3281 2735 3357 Paenitentia
2787 3287 3140 3374 tangetur
3190 3279 3281 3352 de
3325 3280 3495 3352 hoc.
3535 3279 3684 3354 Sed

2138 3397 2313 3473 dato
2350 3396 2554 3496 quod
2589 3393 3002 3469 satisfactio
3037 3392 3502 3490 requiratur,
3529 3417 3686 3468 non

2141 3512 2563 3612 requiritur
2631 3509 3066 3585 necessario
3124 3508 3329 3607 quod
3399 3509 3689 3584 satissa-

2142 3633 2356 3707 ciens
2396 3631 2493 3706 sit
2542 3631 2779 3723 DeuS,
2826 3636 2910 3702 ut
2957 3627 3143 3702 dicit
3199 3627 3276 3700 in
3321 3627 3451 3702 illo
3502 3628 3691 3702 arti-

2142 3752 2347 3844 culo,
2397 3748 2522 3823 ubi
2566 3747 2848 3821 dicitur
2887 3744 3091 3842 quod
3136 3768 3288 3818 non
3332 3745 3687 3821 satisfieri

2142 3878 2391 3968 potest
2429 3866 2619 3955 Deo,
2666 3864 2813 3937 nisi
2847 3886 2983 3960 per
3014 3863 3300 3961 aliquid
3346 3863 3690 3937 formali-

2144 3995 2258 4059 ter
2302 3981 2550 4078 majus
2585 4002 2817 4078 quam
2852 3978 2972 4069 sit,
3010 4002 3146 4075 pro
3182 4002 3335 4077 quo
3368 4002 3685 4077 peccare

2145 4125 2299 4176 non
2359 4099 2755 4189 debuerat,
2803 4095 3006 4194 quod
3039 4104 3153 4170 est
3182 4103 3352 4169 vtota
3383 4107 3688 4171 creatu-

2145 4243 2255 4293 ra.
2320 4217 2565 4291 Credo
2625 4214 2829 4312 quod
2900 4213 3114 4287 salva
3194 4237 3336 4288 sua
3410 4214 3681 4310 gratia,

2145 4361 2299 4410 non
2335 4345 2450 4410 est
2497 4355 2768 4408 verum
2802 4330 3008 4428 quod
3049 4339 3348 4428 oportet
3387 4332 3684 4406 satissa-

2145 4455 2478 4530 ctionem
2549 4473 2687 4549 pro
2766 4450 3080 4547 pec'cato
3145 4449 3371 4547 primi
3450 4451 3687 4524 homi-

2145 4575 2267 4648 nis
2346 4571 2713 4647 excedere
2789 4575 3025 4641 totam
3109 4578 3537 4643 creaturam
3607 4569 3685 4643 in

2147 4685 2680 4786 magnitudine
2747 4692 2820 4758 et
2887 4683 3396 4781 perfectione3
3469 4685 3692 4762 suffe-

2147 4808 2378 4882 cisset
2417 4803 2619 4879 enim
2676 4800 3046 4875 obtulisse
3103 4801 3351 4898 maJus
3400 4802 3690 4878 bonnm

2146 4926 2338 5016 Deo,
2376 4945 2606 5019 quam
2663 4918 2802 4992 fuit
2845 4919 3131 4991 malum
3184 4918 3390 4993 itlius
3455 4921 3695 4994 homi-

2147 5044 2270 5117 nis
2311 5037 2700 5140 peccantis
2742 5045 3068 5129 tantum,
3114 5037 3298 5134 qnia
3347 5039 3410 5113 si
3451 5039 3692 5115 Adam

2147 5184 2286 5260 per
2352 5157 2676 5255 gratiam
2756 5154 3006 5228 datam
3087 5163 3161 5228 et
3220 5157 3693 5243 charitatem,

2153 5275 2550 5351 habuisset
2582 5293 2822 5345 unum
2857 5270 2978 5343 vel
3013 5271 3295 5346 multos
3338 5281 3552 5348 actus
3592 5274 3697 5346 di-

2152 5391 2438 5490 ligendi
2481 5390 2724 5463 Deum
2787 5394 3097 5484 propter
3165 5410 3244 5461 se
3287 5411 3377 5462 ex
3426 5389 3693 5485 majori

2152 5518 2428 5585 conatu
2473 5505 2691 5581 liberi
2744 5501 3066 5596 arbitrii,
3103 5526 3331 5600 quam
3386 5505 3525 5579 fuit
3579 5531 3698 5580 co-

2152 5637 2379 5702 natus
2460 5625 2531 5697 in
2623 5619 3037 5721 peccand0‚
3124 5619 3296 5695 talis
3384 5620 3691 5696 dilectio

3816 2952 3919 3020 10.

3740 4249 3821 4297 An
3854 4259 4018 4308 purus

3793 4309 3953 4358 homo

3738 4377 3916 4436 posset
3961 4385 4041 4420 sa·

3756 4434 4000 4484 tisfacere

3747 4511 3843 4562 pro
3888 4511 4011 4559 pec·

3808 4564 3941 4610 cato,
