4295 6326
1612 446 1840 516 DIST.
1893 446 1957 513 11
2006 446 2425 525 QUAESTIO
2477 450 2531 520 l.

451 633 658 698 tatur
689 646 958 697 omnes
999 622 1089 696 ad
1126 622 1687 696 confessionem
1719 619 1999 693 facien-

340 756 343 759 ·
455 739 629 814 dam
663 739 755 813 de
788 739 1120 837 peccatis
1163 766 1181 831 ;
1230 761 1382 812 000
1443 762 1624 833 ergo
1674 735 2001 810 instituit

456 857 533 929 in
577 855 730 929 illis
773 854 1027 928 verbis
1090 854 1671 928 Sacramentum
1736 851 2002 926 Poeni—

452 970 742 1046 tentiae.

549 1092 769 1184 Item,
799 1115 949 1164 non
975 1089 1221 1188 potuit
1249 1088 1583 1163 Jacobus
1615 1087 1997 1185 pepigisse

457 1210 705 1285 soedus
734 1232 909 1282 cum
946 1206 1315 1296 Ecclesia,
1355 1216 1435 1279 ut
1466 1205 2001 1304 quandocum-

454 1349 603 1422 que
666 1324 884 1399 fieret
965 1322 1342 1397 consessio
1417 1331 1710 1409 mutua,
1792 1319 1996 1417 quod

456 1442 665 1515 Deus
724 1441 942 1514 daret
997 1439 1347 1535 gratiam,
1429 1447 1503 1511 et
1579 1436 1998 1511 remitteret

463 1559 769 1656 culpam
825 1585 844 1651 ;
929 1558 1072 1630 1100
1139 1555 1343 1629 enim
1414 1565 1529 1629 est
1581 1552 1999 1628 voluntatis

457 1676 769 1768 divinae,
806 1698 980 1773 quae
1021 1675 1220 1748 sicut
1250 1676 1412 1748 sola
1462 1673 1585 1747 dat
1643 1671 1993 1768 gratiam,

458 1795 563 1887 ita
602 1793 770 1892 ipsa
808 1794 987 1866 sola·
1011 1791 1274 1866 statuit
1327 1791 1419 1865 ad
1471 1789 1866 1888 placitum,
1926 1796 2002 1862 et

454 1918 706 2007 potest
771 1917 1105 1983 statuere
1170 1906 1453 2004 quibus
1529 1915 1603 1979 et
1687 1902 1998 2001 quando

452 2026 718 2102 debuit
748 2026 1094 2100 conferre
1135 2025 1487 2121 gratiam.

550 2142 740 2216 Dico
794 2164 977 2236 ergo
1034 2139 1236 2238 quod
1316 2138 1666 2212 Christus
1725 2138 2003 2211 imme-

453 2260 652 2334 diate
706 2258 1034 2333 instituit
1098 2258 1680 2331 Sacramentum
1738 2255 2002 2328 Poeni-

458 2374 745 2464 tentiae,
833 2398 987 2449 000
1079 2383 1333 2447 tamen
1418 2369 1723 2469 quando
1814 2370 2002 2445 dixit

453 2495 710 2586 Petro,
746 2492 1015 2566 Matth.
1101 2491 1215 2564 10.
1305 2489 1479 2564 Tibi
1527 2487 1720 2563 dabo
1752 2486 2001 2563 claves

457 2610 682 2708 requi
725 2608 1124 2699 coelorum,
1189 2606 1373 2705 quia
1449 2629 1676 2681 omne
1740 2605 2002 2680 Sacra-

460 2735 807 2801 mentum
860 2734 976 2799 est
1027 2747 1261 2799 causa
1309 2721 1654 2798 efficiens
1720 2732 1796 2797 et
1867 2723 1999 2798 de-

454 2841 1042 2918 monstrativum
1113 2865 1250 2940 pro
1305 2838 1670 2940 praesenti
1732 2867 1751 2933 3
1852 2839 1998 2912 hoc

456 2968 712 3032 autem
791 2956 979 3030 dixit
1032 2957 1259 3030 Petro
1353 2965 1721 3051 tanquam
1814 2976 2000 3051 pro-

458 3073 962 3173 gnosticando
1004 3073 1096 3147 de
1130 3073 1385 3147 futuro
1429 3095 1445 3160 ;
1500 3070 1631 3145 sed
1688 3069 1997 3167 quando

457 3190 879 3266 insufflavit
911 3190 987 3264 in
1017 3213 1150 3265 eos
1189 3191 1421 3264 Joan.
1476 3187 1596 3260 20.
1674 3187 1937 3262 dicens
1975 3209 1991 3260 ε

450 3308 803 3406 Accipite
837 3307 1223 3405 Spiritum
1253 3312 1633 3397 sanctum,
1668 3326 1995 3402 quorum

450 3425 903 3500 remiseritis
923 3430 1265 3522 peccata,
1305 3421 1745 3498 arbitrando
1787 3421 1998 3495 scili-

451 3551 568 3616 cet
621 3565 760 3639 per
819 3541 1129 3615 modum
1193 3539 1488 3613 Judicis
1534 3539 1997 3611 instrumen-

445 3658 644 3747 10118,
686 3666 760 3731 01
800 3681 951 3731 000
987 3655 1464 3754 principalis,
1501 3654 1996 3728 remittuntur

441 3776 579 3869 eia,
673 3781 747 3848 et
835 3796 1157 3872 quorum
1236 3771 1740 3863 retinueritiS,
1841 3781 1988 3845 etc.

446 3890 665 3966 Unde
699 3891 896 3965 sicut
936 3913 1088 3964 non
1133 3888 1340 3963 dedit
1370 3888 1480 3963 eis
1537 3894 1991 3986 potestatem

444 4008 586 4083 Dei
630 4008 724 4082 ad
757 4006 1205 4100 creandum,
1252 4006 1372 4080 vel
1431 4005 1754 4101 gratiam
1801 4027 1992 4077 con-

445 4126 848 4201 serendum
890 4124 1445 4224 principaliter,
1509 4122 1641 4197 sed
1700 4120 1994 4196 instru-

447 4245 905 4333 mentaliter,
952 4244 1180 4318 etiam
1222 4265 1358 4341 per
1420 4241 1732 4315 modum
1785 4239 1990 4315 arbi-

444 4361 590 4454 trii,
628 4369 703 4434 et
761 4360 973 4435 Deus
1039 4358 1507 4456 acceptando
1584 4355 1985 4430 arbitrium

439 4500 711 4552 eorum
746 4476 839 4550 de
906 4473 1268 4573 peccatis,
1330 4472 1742 4547 dimitteret
1808 4494 1988 4569 pec-

441 4604 612 4669 cata
659 4592 1210 4691 principaliter,
1246 4599 1320 4665 et
1377 4591 1758 4664 conferret
1811 4611 1988 4684 gra·-

444 4708 659 4800 tiam,
696 4730 783 4780 ac
825 4706 889 4780 si
951 4705 1315 4779 dixisset:
1363 4727 1505 4800 ego
1554 4704 1980 4794 absolvam,

439 4823 610 4899 sitis
637 4846 777 4896 vos
808 4821 1074 4896 fideles
1105 4820 1368 4895 arbitri
1396 4820 1488 4893 de
1533 4818 1986 4916 poenitentia

438 4948 511 5013 et
561 4937 927 5036 peccatis,
1002 4939 1091 5010 Et
1159 4936 1339 5033 quia
1406 4936 1669 5009 nullus
1738 4943 1986 5031 potest

436 5055 792 5131 arbitrari
847 5055 938 5129 de
997 5065 1337 5152 peccatO,
1411 5052 1614 5152 quod
1665 5061 1779 5126 est
1835 5052 1977 5126 sibi

435 5173 754 5247 omnino
787 5171 1293 5269 incognitum,
1340 5171 1511 5244 ideo
1564 5170 1770 5244 dedit
1809 5192 1981 5243 auc-

431 5290 816 5364 toritatem
848 5298 921 5363 et
951 5296 1398 5386 potestatem
1459 5282 1974 5383 cognoscendi

431 5416 744 5507 peccata
828 5406 1344 5499 subditorum,
1418 5428 1507 5479 ac
1601 5427 1738 5502 per
1831 5405 1976 5476 hoc

429 5525 676 5599 voluit
760 5523 1106 5599 subditos
1187 5522 1298 5597 eis
1401 5519 1777 5614 confiteri,
1899 5527 1979 5593 ut

431 5666 657 5717 omne
691 5641 877 5715 illud
914 5649 1115 5716 esset
1162 5638 1688 5739 principaliter
1743 5638 1975 5712 abso-

3528 448 3655 515 569

2107 622 2488 720 101010ζο1
2557 625 2873 719 ligatum
2945 624 3019 695 in
3082 623 3274 697 coelo
3350 621 3443 694 ab
3532 643 3650 711 00,

2109 740 2315 835 quod
2373 763 2639 814 eorum
2692 742 3005 815 arbitrio
3064 752 3265 814 esset
3314 740 3650 813 solutum

2109 858 2229 930 vel
2264 857 2583 952 ligatum
2634 857 2705 931 in
2746 859 2989 932 terris.

2207 973 2786 1049 Sacramentum
2856 975 3083 1049 etiam
3163 973 3497 1064 Ordinis,
3575 980 3652 1046 ut

2110 1090 2653 1184 sacerdotium,
2693 1091 2831 1164 1011
2865 1091 3292 1165 institutum
3329 1116 3374 1164 a
3404 1089 3653 1162 Chris-

2108 1216 2184 1279 to
2272 1206 2706 1282 immcdiate
2804 1218 3175 1307 quantum
3264 1209 3357 1280 ad
3460 1207 3653 1279 duos

2109 1306 2277 1419 ejus
2318 1334 2533 1399 00108
2601 1324 3089 1423 principaleS‚
3153 1333 3226 1398 et
3276 1334 3650 1420 quantum

2108 1444 2202 1517 ad
2281 1454 2731 1541 potestatem
2813 1444 3314 1520 consecrandi
3375 1467 3655 1539 corpus

2108 1583 2330 1634 suum
2450 1586 2748 1653 verum,
2860 1561 3081 1655 cujus
3200 1569 3649 1657 potestatem

2108 1677 2317 1753 dedit
2381 1679 2492 1753 eis
2552 1679 2629 1753 in
2727 1704 2972 1771 coena,
3053 1679 3181 1753 ubi
3264 1678 3434 1752 10011
3527 1701 3657 1750 008

2109 1796 2573 1890 8000100108,
2637 1820 2812 1870 0010
2873 1796 3112 1870 dixit:
3180 1796 3349 1868 IIoc
3389 1794 3651 1891 facite,

2110 1921 2252 1985 etc.
2301 1921 2375 1985 et
2406 1923 2782 2008 quantum
2844 1912 2936 1986 ad
2996 1921 3248 1985 actum
3331 1909 3655 1984 faciendi

2110 2052 2391 2125 corpus
2456 2052 2683 2102 suum
2754 2027 3157 2125 mysticum
3223 2025 3653 2100 revocando

2111 2153 2554 2242 peccatores
2606 2168 2741 2241 per
2791 2143 3319 2242 poenitentiam
3374 2141 3467 2216 ad
3512 2145 3658 2215 Ec-

2110 2261 2453 2354 clesiam,
2491 2285 2667 2359 quae
2700 2271 2815 2335 est
2846 2284 3126 2358 corpus
3157 2260 3325 2354 ejus
3385 2259 3659 2356 mysti—

2110 2403 2315 2473 cum,
2353 2380 2575 2454 Joan.
2631 2379 2750 2451 20.
2811 2378 3149 2469 Quorum
3204 2377 3658 2450 remiseritis

2101 2503 2445 2595 peccata,
2484 2504 2626 2570 etc.
2673 2496 3091 2570 Absolvere
3143 2493 3347 2568 enim
3400 2516 3662 2590 pecca-

2107 2621 2350 2687 torem
2385 2636 2430 2687 a
2460 2612 2960 2711 peccatissper
2996 2610 3304 2685 modum
3331 2609 3654 2703 arbitrii,

2110 2735 2185 2802 et
2228 2726 2608 2803 conficere
2659 2750 2940 2826 corpus
3007 2726 3291 2800 Christi
3353 2749 3653 2819 verum,

2109 2855 2290 2921 sunt
2346 2846 2499 2919 duo
2550 2855 2764 2921 actus
2814 2845 3231 2920 sacerdotis
3264 2843 3659 2942 principa-

2110 2963 2245 3036 les.
2283 2962 2644 3038 Ordinem
2677 2962 2905 3037 etiam
2941 2962 3414 3036 Diaconatus
3448 2958 3655 3034 insti-

2109 3079 2279 3173 1011,
2325 3079 2634 3179 quando
2668 3078 2881 3152 missi
2922 3087 3105 3153 sunt
3168 3076 3659 3175 septuaginta

2109 3195 2469 3294 discipuli
2539 3196 2633 3270 ad
2719 3195 3297 3293 praedicandum
3368 3194 3656 3293 populo

2107 3315 2431 3388 verbum
2468 3313 2639 3404 Dei,
2677 3313 2859 3410 quia
2890 3311 3229 3387 officium
3288 3312 3661 3386 Diacona·

2106 3437 2231 3503 tus
2300 3437 2414 3503 081
2481 3429 2767 3526 populo
2840 3427 3262 3526 praedicare
3329 3426 3655 3501 verbum

2104 3546 2275 3639 Dei,
2338 3546 2535 3619 sicut
2610 3554 2685 3619 et
2760 3545 3175 3621 Daemones
3270 3545 3653 3641 expellere

2105 3686 2242 3761 per
2302 3662 2538 3736 verba
2581 3671 2845 3736 sancta
2891 3690 2910 3755 ;
2959 3669 3143 3734 tunc
3207 3683 3389 3755 ergo
3460 3658 3656 3732 ordi-

2103 3800 2279 3851 nem
2341 3776 2810 3851 Diaconatus
2905 3774 3256 3860 instituit,
3339 3773 3649 3871 quando

2103 3902 2553 3993 potestatem
2597 3892 3070 3991 praedicandi
3111 3891 3318 3966 dedit
3356 3891 3493 3965 018.

2202 4012 2416 4101 Item,
2487 4010 2765 4097 Matth,
2850 4008 2963 4082 10.
3049 4008 3378 4082 1118111011
3454 4007 3646 4081 01108

2101 4127 2451 4214 OrdineS,
2503 4137 2584 4201 ut
2623 4126 3310 4212 Subdiaconatum,
3359 4135 3500 4200 etc.
3680 4110 3688 4118 ’

2200 4242 2781 4317 Sacramentum
2870 4241 3100 4316 etiam
3168 4240 3640 4315 Matrimonii
3689 4247 3967 4363 ffliiiifm'

2101 4359 2430 4433 instituit
2469 4383 2604 4458 per
2635 4383 2714 4433 se
2749 4369 3088 4456 tempore
3124 4357 3315 4454 legis
3343 4367 3640 4431 0010110

2098 4474 2178 4548 10
2232 4477 2507 4550 Genes.
2573 4476 2642 4548 2.
2698 4483 3018 4573 propter
3075 4475 3270 4562 110110
3330 4473 3638 4571 quidem

2098 4591 2479 4690 relinquet
2531 4591 2753 4666 homo
2804 4598 3107 4688 patrem
3160 4598 3232 4664 et
3286 4598 3634 4680 matrem,

2097 4715 2173 4782 et
2198 4707 2620 4782 adhaerebit
2645 4708 2880 4781 uaeort‘
2913 4731 3101 4796 suae,
3141 4714 3215 4780 et
3241 4716 3464 4781 eraut
3491 4706 3639 4780 duo

2096 4824 2175 4897 in
2211 4848 2439 4898 carne
2480 4848 2661 4917 una,
2697 4823 2879 4897 dicit
2919 4823 3186 4910 Adam,
3248 4834 3326 4897 ut
3387 4823 3642 4896 minis-

2097 4953 2211 5015 ter
2278 4941 2852 5039 pronuntiando
2932 4941 3063 5014 illa
3119 4940 3381 5032 verba,
3464 4963 3638 5035 quai

2094 5056 2625 5152 significarent
2728 5057 2950 5130 istam
3015 5057 3636 5153 conjunctionem

2094 5197 2263 5248 esse
2325 5173 2917 5270 inseparabilem
2985 5201 3002 5266 3
3087 5173 3294 5247 Deus
3380 5183 3636 5245 autem

2094 5289 2285 5364 illud
2353 5289 2879 5388 principaliter
2957 5288 3306 5362 instituit.
3419 5288 3638 5362 Unde

2092 5407 2374 5502 allegat
2449 5407 2522 5480 id
2589 5407 2860 5480 Matth.
2940 5407 3054 5479 10.
3147 5405 3348 5496 Quos
3423 5406 3640 5478 Deus

2090 5523 2523 5622 conjunoeit,
2593 5522 2817 5597 lzomo
2877 5547 3027 5596 non
3090 5529 3416 5619 separet,
3486 5520 3636 5595 nisi

2090 5649 2402 5737 propter
2459 5662 2731 5713 causas
2821 5637 3356 5737 separationis,
3424 5662 3636 5736 quas
