4295 6326
256 3324 320 3391 5.

133 3437 410 3490 Resolutio

158 3504 404 3615 ‘¹⁰:223‘-

1445 416 1673 486 DIST.
1727 416 1843 485 IV.
1898 413 2317 494 QUAESTIO
2366 414 2484 482 lv.

455 599 881 679 Dissentire
955 606 1212 672 autem
1308 593 1733 669 secundum
1822 589 2010 688 quid

456 716 716 803 alicui,
801 737 951 787 non
1057 720 1171 786 est
1260 707 1711 806 simpliciter
1796 705 2002 778 nolle

457 833 644 906 illud
693 860 710 925 3
747 830 879 905 sed
923 829 986 902 si
1030 827 1218 900 nihil
1263 835 1463 900 esset
1496 820 2003 921 praesupposi-

456 962 620 1024 tum
655 946 1133 1046 simpliciter,
1172 944 1409 1017 nollet
1438 940 1653 1029 illud,
1704 948 1778 1014 et
1831 937 2004 1012 ideo

458 1077 573 1142 est
623 1063 1076 1163 simpliciter
1126 1059 1682 1145 voluntarium,
1745 1065 1819 1130 et
1884 1078 2004 1128 se-

457 1184 798 1259 cundum
868 1179 1058 1278 quid
1119 1171 2007 1265 involuntarium3sicut

459 1300 829 1399 projicere
883 1318 1176 1371 merces
1235 1294 1312 1366 in
1369 1317 1574 1368 mare
1665 1300 1779 1365 est
1831 1289 2006 1363 sim-

457 1416 758 1514 pliciter
847 1413 1170 1486 volitum
1257 1419 1331 1484 et
1441 1405 1999 1498 voluntarium,

456 1531 965 1630 supponendo
1008 1527 1213 1627 quod
1272 1550 1422 1598 non
1480 1534 1726 1623 potest
1785 1523 2007 1597 aliter

457 1651 756 1723 salvare
790 1672 871 1723 se
905 1672 950 1720 a
1004 1642 1565 1732 submersione,
1636 1641 1839 1740 quod
1892 1649 2007 1714 est

456 1765 908 1863 simpliciter
939 1761 1463 1836 voluntarium
1511 1787 1528 1852 ;
1575 1757 2002 1834 secundum

459 1883 649 1983 qnid
681 1892 931 1956 tamen
965 1889 1082 1954 est
1136 1877 1772 1968 involuntarium,
1823 1873 2007 1971 quia

460 2007 835 2098 quantum
879 2005 1117 2070 estex
1177 2018 1284 2081 se,
1351 2017 1505 2066 non
1567 1999 1769 2067 esset
1809 1989 2006 2064 voli-

464 2127 654 2205 tum,
692 2113 874 2211 quia
914 2112 1179 2185 nullus
1220 2109 1432 2205 eligit
1472 2108 1817 2182 absolute
1865 2106 2004 2178 boc

458 2236 733 2326 facere,
771 2232 904 2307 sed
939 2230 1125 2328 quia
1158 2231 1301 2303 hoc
1334 2228 1505 2302 facit
1567 2251 1703 2325 per
1772 2226 2005 2299 liber-

457 2359 714 2435 tatem,
802 2357 877 2422 et
995 2369 1131 2443 per
1260 2367 1746 2441 consequens
1852 2364 2001 2415 non

456 2476 746 2552 coacte,
844 2487 997 2563 qua
1111 2462 1461 2537 libertate
1565 2459 2006 2533 dominatur

457 2582 665 2660 actui
710 2579 1231 2680 projectionis,
1279 2578 1450 2652 ideo
1493 2587 1606 2651 est
1637 2575 2006 2673 simplici-

463 2710 573 2773 ter
636 2693 1187 2770 voluntarium.
1274 2692 1470 2766 Illud
1583 2690 1790 2766 enim
1894 2698 2009 2763 est

462 2813 915 2912 simpliciter
981 2810 1501 2885 voluntarium
1579 2819 1652 2883 et
1727 2830 2010 2882 secun-

463 2933 645 3006 dum
692 2929 882 3029 quid
945 2926 1581 3018 involuntarium,
1640 2924 1843 3022 quod
1897 2931 2011 2998 est

464 3048 914 3147 simpliciter
968 3047 1285 3119 volitum
1337 3044 1667 3141 quodam
1736 3039 2007 3116 effectu

468 3165 919 3264 simpliciter
952 3161 1188 3236 nolito
1225 3159 1808 3259 praesupposito.

569 3284 681 3359 Ad
724 3280 1234 3380 quaestionem
1286 3278 1483 3365 dico,
1533 3277 1840 3353 adultus
1889 3299 2013 3350 ra-

469 3403 677 3476 tione
712 3410 957 3486 uteDS,
1012 3399 1128 3472 vel
1162 3395 1614 3493 simpliciter
1663 3393 2014 3469 dissentit

470 3516 939 3617 susceptioni
1034 3513 1539 3607 Sacramenti,
1627 3514 1728 3588 ita
1806 3510 2012 3610 quod

472 3634 919 3733 simpliciter
963 3632 1201 3705 nollet
1260 3628 1425 3704 fieri
1483 3627 1772 3727 aliquid
1812 3627 2015 3701 circa

472 3754 755 3852 ipsum,
827 3749 1034 3848 quod
1104 3748 1448 3823 Ecclesia
1516 3746 1843 3822 intendit
1902 3746 2016 3819 l'a-

468 3894 670 3960 cere,
716 3878 791 3943 et
822 3868 1076 3965 ipsum
1128 3863 1597 3961 baptizatum
1650 3885 1845 3947 esse,
1899 3869 2014 3934 est

469 3987 612 4064 sibi
655 3983 1106 4081 simpliciter
1145 3981 1783 4073 involuntarium,
1832 3988 2012 4052 tunc

468 4104 636 4179 dico
705 4101 911 4199 quod
982 4098 1175 4172 nihil
1231 4097 1528 4195 recipit,
1604 4107 1683 4170 ut
1716 4096 2015 4169 dicetur

467 4229 664 4320 post,
786 4216 1116 4292 maxime
1204 4214 1267 4289 si
1370 4213 1793 4298 dissentiat,
1888 4212 2010 4285 vel

467 4340 856 4428 reclamet,
939 4334 1060 4407 vel
1138 4331 1489 4406 dissentit
1583 4328 2011 4406 secundum

465 4455 677 4554 quid,
715 4463 796 4527 ut
853 4459 1167 4550 propter
1228 4449 1474 4523 minas
1532 4459 1605 4524 et
1665 4447 2005 4537 timoreS,

464 4580 597 4647 aut
622 4592 890 4668 poenas
933 4564 1421 4662 infligendas,
1465 4575 1778 4663 propter
1817 4584 2011 4661 quas

463 4688 920 4786 baptizatur,
966 4692 1040 4758 et
1079 4682 1229 4756 nisi
1263 4682 1418 4756 itlae
1465 4689 1746 4769 essent,
1795 4679 2009 4754 nullo

464 4806 692 4880 modo
731 4802 1271 4900 baptizaretur.
1331 4799 1760 4895 Utrumque
1822 4798 2011 4871 isto-

462 4946 637 4998 rum
669 4920 1192 4995 membrorum
1232 4924 1347 4991 est
1386 4916 2010 5012 subdistinguen-

462 5041 645 5117 dum
685 5037 1031 5129 ulteriuS,
1100 5034 1306 5132 quod
1373 5034 1777 5110 dissentire
1820 5033 2009 5108 sim-

461 5156 762 5256 pliciter
861 5150 1236 5247 contingit
1336 5150 1768 5248 dupliciter,
1877 5157 2010 5224 aut

464 5298 641 5349 cum
674 5273 896 5369 signo
928 5266 1287 5343 exteriori
1327 5277 1402 5341 et
1432 5266 2002 5359 reclamatione,

462 5401 595 5467 aut
625 5390 791 5466 sine
826 5386 957 5462 tali
987 5385 1236 5481 signo.
1274 5384 1698 5460 Dissentire
1749 5394 2004 5459 autem

462 5532 635 5583 cum
673 5507 924 5603 signo,
958 5500 1335 5597 contingit
1387 5501 1819 5601 dupliciter,
1876 5511 2008 5576 aut

464 5632 816 5722 respectu
860 5617 1060 5716 signi
1095 5618 1519 5712 exterioris,
1558 5629 1641 5693 ut
1677 5618 2007 5707 ablutio-

3535 424 3663 491 605

2114 590 2235 663 nis
2267 592 2849 667 sacramentalis
2890 593 2966 667 in
3002 617 3205 691 aqua
3265 619 3439 670 cum
3486 619 3665 670 ver-

2112 705 2257 795 bis,
2305 716 2435 780 aut
2474 718 2815 806 respectu
2864 709 3180 786 effectus
3240 712 3655 800 interioriS,

2115 833 2194 896 ut
2303 823 2570 919 gratiae
2645 824 3058 902 invisibilis
3153 852 3328 902 cum
3435 829 3659 925 signo

2111 942 2497 1015 exteriori.

2210 1058 2320 1132 De
2355 1058 2517 1132 istis
2545 1059 2713 1134 dico
2764 1085 2902 1158 per
2961 1063 3338 1138 ordinem.
3378 1065 3471 1138 Et
3501 1063 3658 1160 pri·
3807 1078 3871 1146 6.

2113 1197 2237 1247 mo
2272 1175 2475 1270 quod
2508 1174 2915 1253 dissentire
2959 1179 3339 1275 negative,
3386 1179 3463 1252 id
3510 1188 3650 1270 est,
3720 1195 3983 1266 Distantia

2110 1317 2261 1365 non
2309 1293 2745 1368 consentire
2778 1296 3204 1390 actualiter,
3265 1321 3419 1371 non
3473 1320 3657 1393 pro-
3686 1269 4009 1391 gansgffiff‘

2112 1407 2323 1482 hibet
2364 1408 2439 1482 in
2474 1409 2734 1483 adulto
2777 1411 3349 1509 susceptionem
3393 1411 3656 1485 Sacra·
3685 1387 4008 1509 Ξῖῗῖὲῃέἓζ

2113 1522 2377 1616 menti,
2450 1524 2634 1620 quia
2689 1525 2899 1599 Deus
2969 1550 3122 1599 non
3184 1526 3468 1623 obligat
3507 1525 3653 1601 ali-

2111 1663 2340 1737 quem
2374 1640 2467 1714 ad
2500 1640 2732 1715 nimis
2771 1641 3108 1737 difficile,
3155 1645 3274 1717 vel
3311 1643 3656 1742 impossi-

2110 1761 2290 1836 bile.
2365 1762 2612 1835 Nimis
2680 1762 2987 1838 difficile
3064 1772 3199 1850 est,
3261 1766 3379 1840 vel
3466 1765 3654 1840 forte

2111 1876 2615 1975 impossibile,
2661 1879 3077 1977 aliquando
3121 1904 3277 1954 non
3309 1881 3654 1968 distrahi,

2112 1992 2294 2089 quia
2334 1999 2624 2068 nonest
2656 1994 2734 2067 in
2783 2001 3156 2091 potestate
3199 2003 3487 2090 nostra,
3528 2021 3654 2071 se-

2111 2110 2449 2184 cundum
2556 2113 3105 2209 Augustinum,
3199 2115 3385 2211 quin
3469 2116 3654 2190 visis

2110 2234 2543 2322 ίαηραηηιν,
2607 2238 2682 2302 et
2748 2228 2917 2304 ideo
2996 2231 3173 2304 licet
3230 2231 3340 2305 sic
3372 2230 3654 2331 aliquis
3680 2253 3814 2327 aug.
3851 2253 4001 2303 ade

2112 2343 2512 2417 actualiter
2569 2368 2721 2417 non
2794 2346 3222 2421 consentiat
3310 2347 3388 2422 in
3457 2315 4007 2428 reci-naggae.

2112 2459 2394 2557 piendo
2437 2459 3028 2536 Sacramentum
3062 2464 3404 2561 aliquod,
3472 2465 3656 2562 quia

2113 2587 2228 2651 est
2259 2577 2692 2666 distractuS,
2730 2578 2838 2653 sic
2874 2580 3077 2677 quod
3115 2591 3293 2655 tunc
3333 2581 3658 2656 actuali-

2113 2704 2229 2769 ter
2295 2718 2449 2768 non
2520 2696 2799 2792 cogitat
2858 2697 2949 2771 de
3006 2722 3125 2791 e0,
3182 2722 3359 2774 vere
3399 2709 3657 2774 tamen

2116 2811 2386 2907 recipit
2418 2811 3000 2888 Sacramentum
3057 2825 3131 2889 et
3185 2838 3346 2890 rem
3397 2816 3660 2891 Sacra-

2118 2930 2385 3023 menti,
2431 2931 2492 3004 si
2554 2954 2704 3004 non
2759 2932 3366 3032 obstet'aliquod
3412 2935 3660 3033 impe-

2118 3045 2574 3120 dimentum.
2650 3046 2845 3134 Quia
2913 3048 3054 3123 etsi
3125 3048 3500 3125 Sacerdos
3576 3052 3656 3125 in

2118 3161 2600 3238 conficiendo
2679 3165 3239 3241 Eucharistiam
3309 3168 3406 3242 sit
3499 3168 3659 3243 dis-

2121 3289 2434 3368 tractus,
2509 3304 2686 3354 vere
2743 3291 2996 3357 tamen
3058 3282 3394 3376 conficit,
3460 3285 3520 3359 si
3583 3286 3663 3359 in

2121 3396 2531 3495 principio,
2604 3399 2912 3495 quando
3011 3400 3147 3473 ivit
3228 3401 3323 3475 ad
3392 3403 3658 3495 altare,

2122 3512 2392 3586 habuit
2530 3512 3034 3588 intentionem
3167 3514 3654 3614 conficiendi,

2120 3630 2349 3704 etiam
2408 3630 2473 3704 si
2532 3640 2703 3727 post
2782 3630 3190 3707 distractus
3264 3634 3489 3710 luerit
3579 3635 3660 3710 in

2121 3746 2308 3843 ipsis
2339 3746 2596 3821 verbis
2637 3748 3266 3838 consecrationis,
3304 3754 3664 3827 dummo-

2117 3863 2215 3936 do
2245 3864 2469 3961 plene
2501 3872 2574 3938 et
2614 3862 2969 3940 distincte
3003 3866 3380 3964 exprimat
3442 3893 3556 3944 ea.

2219 3980 2328 4053 De
2361 3978 2810 4078 simpliciter
2840 3980 3109 4076 invito,
3148 3984 3280 4081 qui
3313 3984 3663 4060 dissentit

2119 4096 2527 4189 contrarie,
2573 4119 2729 4169 non
2772 4106 2887 4172 est
2933 4095 3363 4175 differentia
3411 4124 3667 4198 quan-

2117 4222 2277 4285 tum
2341 4213 2435 4287 ad
2501 4211 2856 4289 effectum
2933 4214 3407 4311 interiorem,
3498 4219 3661 4295 sive

2117 4329 2442 4425 gratiam
2476 4329 3024 4427 recipiendam,
3083 4331 3244 4407 sive
3296 4336 3661 4411 reclamet

2117 4448 2479 4537 exterius,
2542 4448 2703 4524 sive
2780 4472 2961 4522 non.
3046 4449 3240 4537 Quia
3335 4452 3428 4526 ad
3517 4455 3660 4528 hoc

2117 4564 2324 4662 quod
2360 4564 2640 4662 aliquis
2683 4565 2999 4663 recipiat
3044 4566 3655 4666 Sacramentum,

2117 4690 2416 4779 oportet
2446 4681 2650 4779 quod
2684 4679 2963 4756 habeat
3006 4684 3341 4780 aliquem
3400 4696 3656 4761 actum

2114 4799 2639 4873 voluntarium
2771 4799 3242 4898 suscipiendi
3349 4803 3654 4901 ipsum;

2115 4915 2580 4991 dissentiens
2639 4916 3018 4991 contrarie
3067 4920 3368 4993 nullum
3428 4923 3658 4997 talem

2115 5042 2371 5107 actum
2405 5033 2689 5126 habet3
2747 5056 2930 5129 ergo
2981 5057 3134 5108 non
3200 5038 3470 5136 recipit
3518 5039 3656 5113 Sa-

2114 5158 2623 5222 oramentum.

2212 5265 2361 5340 Sed
2437 5265 2866 5341 differentia
2923 5276 3037 5341 est
3105 5279 3478 5366 quantum
3560 5271 3656 5344 ad
3812 5294 3876 5361 7,

2102 5382 2480 5481 judicium
2515 5383 2906 5478 Ecclesiae,
2945 5407 3121 5459 nam
3156 5387 3532 5464 simulans
3572 5414 3653 5466 se
3725 5411 3964 5461 consen-

2113 5501 2454 5600 recipere
2495 5500 3005 5601 Baptismum,
3061 5512 3137 5576 et
3180 5513 3431 5579 tamen
3495 5506 3655 5581 dis-
3685 5473 3988 5595 “Ji'tssrffffi

2116 5621 2457 5695 sentiens
2525 5620 3020 5701 Sacramento
3080 5632 3251 5697 actu
3306 5625 3653 5701 interiori
3712 5599 3989 5713 ῗῑζῗῗξὲἷ
