4295 6326
449 2590 510 2653 1.

310 2706 623 2776 Argument.
658 2666 704 2739 p
719 2758 731 2770 .
1644 2734 1658 2747 .
1940 2726 1953 2740 .

658 2763 845 2832 ritas
920 2773 1075 2826 non
1143 2744 1557 2819 evacuatur
1628 2758 1707 2807 m
1738 2736 2023 2828 patrm,
2068 2721 2207 2797 sed

338 2781 592 2832 primum.

370 3513 564 3562 Secun-

376 3576 522 3626 dum.

336 4342 590 4397 Tertium.

311 5381 586 5438 Quartum.

628 502 755 572 500

2001 466 2243 535 LIBRI
2290 462 2412 532 lll.

1190 805 2530 1026 DISTINCTIO
2668 797 3332 1004 XXXI.

1724 1152 1816 1200 DE
1868 1145 2291 1198 DURATIONE
2345 1137 2773 1191 CHARITATIS

1035 1654 1442 1740 QUAESTIO
1537 1652 1648 1719 UN
1665 1649 1828 1716 lCA.

652 1871 900 1935 Utrum
929 1862 1076 1930 sola
1113 1855 1417 1926 charitas
1474 1855 1713 1918 manet
1768 1842 1839 1909 in
1874 1838 2115 1928 patria
2158 1840 2194 1902 1)

644 2045 842 2101 Alens.
877 2042 927 2095 3.
962 2056 1017 2108 p.
1057 2036 1244 2091 collat.
1295 2033 1388 2086 75.
1444 2030 1551 2084 art.
1611 2042 1652 2080 1.
1711 2023 1779 2078 D.
1830 2020 2031 2075 Thom.
2064 2032 2104 2071 1.
2137 2017 2192 2072 2.

717 2122 908 2187 quaest.
934 2110 1024 2165 67.
1058 2111 1164 2164 art.
1196 2106 1250 2161 6.
1286 2114 1339 2159 ee
1382 2103 1435 2156 2.
1480 2103 1535 2153 2.
1590 2098 1784 2169 quaest.
1823 2093 1915 2147 26.
1950 2094 2063 2172 ast.
2105 2086 2190 2141 13.

723 2190 781 2242 t).
839 2185 1155 2239 Bonavent.
1210 2178 1305 2231 hic
1346 2178 1454 2228 art.
1510 2172 1561 2226 3.
1623 2171 1822 2240 quaest.
1854 2181 1891 2219 1.
1918 2158 2195 2217 Richard-

719 2262 826 2314 art.
858 2256 912 2311 3.
945 2261 1138 2324 quaest.
1163 2251 1218 2306 2.
1252 2258 1302 2303 ει
1326 2249 1376 2301 3.
1413 2245 1651 2314 Argent.
1684 2246 1871 2311 quaese.
1906 2251 1944 2289 ι.
1994 2239 2105 2287 arc.
2138 2230 2193 2285 3.

720 2329 880 2400 Vega
912 2329 999 2382 12.
1031 2323 1095 2379 in
1126 2320 1362 2378 Trident.
1394 2333 1514 2387 cap.
1553 2314 1608 2367 2.

755 2521 976 2596 Circa
1052 2496 1621 2587 distinctionem
1722 2492 2197 2592 trigesimam

713 2639 987 2713 rimam
1021 2627 1395 2729 quaeritur
1430 2646 1445 2695 :
1504 2619 1775 2695 Utrum
1814 2609 1979 2687 sola
2018 2606 2201 2682 cha-

659 2870 981 2947 manet‘?
1016 2859 1234 2951 Quod
1295 2879 1481 2947 non,
1526 2850 1796 2949 primae
1852 2840 2196 2916 Corinth.

663 2990 777 3062 13.
841 2987 1035 3060 Cum
1102 2974 1397 3053 venerit
1491 2964 1697 3067 quod
1764 2957 2202 3060 perfectum

659 3112 806 3199 6313
843 3098 1176 3178 charitas
1217 3100 1472 3168 autem
1542 3087 1706 3157 baec
1747 3086 1861 3154 est
1913 3075 2202 3172 imper-

658 3226 851 3299 fecta
883 3228 956 3294 et
995 3240 1087 3291 ex
1126 3218 1367 3312 parte,
1404 3206 1601 3280 sicut
1641 3208 1713 3275 et
1744 3205 1961 3272 actus
1991 3190 2197 3288 ejus3

658 3364 871 3438 erg0‚
917 3345 1061 3410 etc.
1866 3311 1876 3321 ”
2011 3426 2024 3439 ⁸
2141 3424 2155 3438 ·

758 3458 973 3541 Item,
1046 3449 1250 3524 idem
1320 3440 1629 3518 habitus
1723 3442 1837 3508 est
1911 3449 2201 3526 princi-

656 3575 870 3674 pium
913 3566 1256 3666 ejusdem
1316 3568 1531 3634 actus
1575 3581 1594 3646 ;
1641 3551 1873 3648 igitur
1913 3545 1974 3618 si
2050 3564 2201 3615 ma-

656 3703 783 3768 net
851 3691 1052 3764 idem
1127 3680 1455 3763 habitus,
1495 3671 1637 3748 erit
1711 3666 1912 3740 idem
1982 3670 2199 3735 actus

658 3812 778 3884 bic
810 3817 883 3882 et
922 3805 1055 3890 ibi,
1091 3811 1164 3876 et
1205 3805 1420 3871 actus
1470 3810 1692 3887 aeque
1747 3782 2126 3882 perlectus
2157 3806 2189 3867 ⁴;

653 3929 887 4026 igitur
912 3923 1021 3999 sic
1066 3915 1346 4014 aliquis
1386 3908 1530 3984 erit
1587 3906 1855 3979 beatus
1917 3898 1991 3969 in
2039 3894 2186 3983 via,

653 4056 726 4119 et
768 4036 1092 4142 aequalis
1123 4034 1290 4130 ejus
1359 4020 1746 4102 beatitudo
1811 4017 1935 4091 hic
1976 4022 2048 4086 et
2112 4011 2188 4084 in

652 4160 922 4260 patria.

753 4280 970 4366 Item,
1007 4267 1211 4368 quod
1284 4257 1615 4336 manebit
1677 4252 1867 4325 fides
1927 4247 2002 4319 in
2074 4264 2197 4342 pa-

656 4398 825 4489 tria,
925 4389 1191 4491 probO,
1283 4377 1634 4477 quaedam
1744 4367 2190 4453 creduntur,

654 4539 830 4614 quae
876 4525 1274 4604 nunquam
1318 4497 1695 4583 sciuntur,
1741 4495 1872 4561 aut
1936 4481 2198 4555 viden-

652 4647 804 4724 tur,
842 4628 1039 4703 sicut
1070 4616 1413 4695 historiae
1468 4612 1559 4684 de
1639 4606 1870 4679 rebus
1927 4597 2190 4696 gestiS,

657 4760 735 4823 ut
768 4747 870 4821 ait
903 4736 1380 4836 Augustinus
1433 4726 1561 4802 lib.
1599 4723 1717 4796 83.
1756 4745 1874 4818 qq.
1923 4719 2187 4814 quaest.
2257 4817 2270 4823 ι

653 4867 771 4938 48.
839 4860 1071 4958 igitur
1130 4852 1397 4927 talium
1470 4860 1867 4938 nunquam
1947 4838 2196 4931 potest

653 5006 820 5060 csse
864 4973 1199 5074 cognitio
1242 4965 1517 5043 certior
1544 4981 1772 5059 quam
1818 4954 1913 5028 sit
1946 4950 2135 5023 fides
2173 4975 2190 5039 3

656 5101 889 5197 igitur
929 5096 1061 5168 illa
1100 5092 1175 5163 in
1232 5083 1476 5184 patria
1529 5101 1684 5151 non
1743 5069 2196 5165 intelligun-

657 5231 804 5310 tur,
851 5211 982 5288 sed
1008 5216 1302 5282 tantum
1339 5197 1783 5273 creduntur.

752 5335 971 5421 Item,
1019 5321 1222 5423 quod
1294 5320 1599 5388 mancat
1658 5330 1857 5406 spes.
1906 5305 2016 5376 Ex
2074 5322 2196 5373 eo-

652 5455 824 5528 dem
860 5440 1238 5528 (lesiderio
1281 5444 1354 5508 et
1396 5430 1661 5504 babitu
1704 5420 1993 5521 aliquid
2027 5428 2194 5493 ten-

650 5571 875 5649 ditin
917 5564 1149 5636 finem
1204 5574 1376 5627 cum
1421 5547 1673 5637 distat,
1737 5551 1810 5616 et
1866 5533 2194 5636 quiescit

650 5695 724 5767 in
763 5711 883 5781 00,
918 5702 1094 5757 cum
1128 5681 1240 5750 est
1280 5687 1625 5768 praesens
1668 5688 1687 5756 ;
1725 5681 1898 5733 cum
1960 5653 2194 5750 igitur

2297 1437 2389 1487 ex
2434 1410 2695 1485 habitu
2743 1407 2904 1506 spei
2961 1404 3492 1481 desideremus
3555 1400 3846 1474 bonum

2301 1528 2679 1620 divinum,
2752 1548 2927 1600 cum
3016 1533 3131 1598 est
3195 1521 3504 1613 absens,
3579 1517 3847 1592 eadem

2301 1644 2776 1746 quiescimus
2817 1644 2893 1717 in
2941 1666 3030 1717 eo
3071 1665 3209 1740 per
3274 1648 3529 1714 actum
3573 1633 3851 1710 tentio-

2302 1764 2451 1857 nis,
2488 1786 2661 1837 cum
2698 1770 2810 1835 est
2870 1780 3215 1857 praesens
3250 1785 3268 1850 ;
3306 1755 3540 1853 igitur
3577 1751 3845 1854 eodem

2303 1879 2568 1953 habitu
2603 1876 2789 1974 spei,
2855 1884 2929 1950 et
2993 1872 3373 1972 principio
3444 1890 3846 1967 speramus

2305 2007 2378 2074 et
2430 2008 2780 2072 tenemus
2839 1994 3044 2093 quod
3115 1992 3622 2091 sperabamus
3659 2016 3676 2081 3
3713 1986 3850 2084 igi-

2306 2123 2453 2200 tur,
2502 2123 2644 2187 etc.

2405 2232 2712 2319 Contra,
2761 2229 2828 2302 1.
2884 2226 3236 2301 Corinth.
3277 2225 3394 2298 13.
3465 2223 3726 2315 Fides,
3785 2227 3858 2295 et

2304 2369 2474 2444 spes
2552 2342 3149 2427 evacuabuntur,
3232 2340 3564 2415 charitas
3651 2361 3855 2411 mm-

2309 2488 2536 2562 quam
2584 2461 2895 2537 eoecidil.

2893 2713 3276 2773 SCHOLIUM.

2385 2877 2447 2930 In
2481 2873 2668 2946 patria
2698 2887 2812 2928 non
2847 2873 3043 2926 manet
3070 2868 3236 2937 fideS,
3261 2882 3366 2922 nec
3388 2880 3543 2935 spes.
3578 2863 3656 2918 Ex
3684 2861 3857 2917 Hebr.

2312 2979 2375 3019 ιι.
2408 2965 2465 3018 et
2496 2978 2536 3015 ι.
2568 2958 2829 3015 Corinth.
2880 2957 2966 3012 13.
3025 2955 3165 3028 quia
3224 2953 3304 3009 ibi
3363 2955 3560 3008 essent
3616 2949 3858 3017 frustra,

2313 3054 2554 3107 manent
2598 3054 2791 3105 tamen
2841 3046 2900 3103 iu
2945 3046 3257 3102 animabus
3308 3038 3648 3113 Purgatorii‚
3689 3040 3859 3109 juxta

2312 3155 2708 3199 communem.
2778 3138 2918 3194 Vide
2977 3136 3178 3193 Patres
3234 3133 3304 3191 ad
3374 3133 3481 3190 boo
3541 3131 3748 3188 citatos
3797 3128 3858 3185 in

2312 3236 2490 3289 oxon.
2523 3231 2618 3286 bic
2649 3229 2709 3284 in
2741 3226 2941 3285 Schol.
2971 3243 3135 3283 num.
3165 3226 3220 3281 2.
3276 3241 3389 3281 non
3441 3228 3637 3278 tamen
3681 3237 3852 3293 repu-

2310 3330 2488 3397 gnant
2516 3322 2663 3378 visio
2693 3325 2750 3376 et
2775 3319 2955 3376 tentio
2986 3316 3119 3373 fidei
3150 3320 3209 3372 et
3235 3315 3380 3388 spei,
3448 3311 3855 3380 habitualium‚

2312 3423 2375 3472 ut
2402 3418 2628 3473 constat
2659 3430 2728 3469 ex
2749 3418 2916 3485 raptu
2976 3408 3161 3466 Pauli.
3221 3397 3388 3475 Quod¹
3444 3422 3575 3462 vero
3636 3402 3853 3460 Paulus

2310 3502 2516 3559 viderit
2567 3500 2827 3556 divinam
2886 3497 3222 3563 essentiam,
3285 3499 3369 3564 (ut
3423 3492 3634 3564 saepius
3692 3493 3852 3545 tenet

2311 3592 2563 3662 Doctor‚)
2593 3595 2678 3647 cst
2729 3589 3096 3646 communior
3142 3585 3435 3642 sententia
3480 3583 3741 3646 Petrum,
3789 3587 3853 3634 ut

2308 3682 2534 3739 ostendi
2560 3682 2715 3737 dicto
2746 3680 2995 3736 ScholiO.
3031 3675 3295 3749 Explicat
3325 3677 3614 3747 quomodo
3662 3669 3848 3727 chari-

2308 3779 2394 3828 tas
2423 3772 2620 3827 eadem
2654 3774 2851 3826 manet
2877 3769 2933 3824 in
2965 3767 3171 3839 patria,
3206 3765 3343 3837 quia
3393 3763 3540 3820 ratio
3588 3763 3718 3833 ejus
3766 3759 3847 3815 ibi

2305 3866 2498 3919 manet
2528 3877 2658 3917 cum
2693 3858 3152 3915 circumstantiis
3183 3862 3239 3911 et
3269 3852 3745 3927 perfectionibuS,
3785 3856 3845 3905 et

2302 3953 2430 4009 idco
2458 3949 2762 4022 tripliciter
2790 3948 3015 4006 excedit
3045 3946 3386 4004 charitatem
3414 3942 3538 3998 viae.

2404 4133 2591 4206 Dico
2634 4130 2837 4228 quod
2879 4129 3132 4204 omnis
3198 4128 3331 4202 illa
3369 4127 3613 4200 virtus
3681 4148 3852 4199 eva-

2307 4251 2689 4344 cuabitur‚
2716 4250 2938 4347 cujus
2979 4248 3375 4322 inclinatio
3439 4246 3529 4321 ad
3594 4255 3847 4319 actum

2308 4377 2423 4441 est
2482 4363 3132 4464 incompossibilis
3200 4361 3653 4437 beatitudini
3707 4384 3842 4458 pro

2308 4493 2502 4559 statu
2542 4484 2672 4557 illo
2717 4483 2789 4555 in
2834 4482 3105 4580 patria,
3151 4481 3260 4555 sic
3302 4488 3415 4554 est
3445 4479 3537 4553 de
3587 4476 3734 4551 fide
3777 4485 3850 4551 et

2307 4623 2465 4697 spe.
2517 4600 2769 4672 Probo
2808 4621 2823 4671 :
2861 4597 3086 4671 Fides
3112 4596 3319 4671 enim
3381 4604 3495 4670 est
3541 4593 3849 4668 habitus

2309 4716 2690 4790 inclinans
2797 4714 2890 4788 ad
2984 4712 3560 4787 assentiendum
3662 4733 3848 4785 vero

2309 4833 2738 4930 complexo,
2784 4828 3006 4926 cujus
3074 4827 3460 4902 evidentia
3528 4850 3683 4900 non
3726 4850 3851 4924 ap-

2308 4957 2548 5047 paret,
2612 4948 2812 5039 ideo,
2879 4954 2959 5020 ut
3025 4945 3353 5020 habetur
3419 4945 3846 5018 secundum

2308 5067 2759 5164 Apostolum
2801 5064 2893 5138 ad
2955 5062 3190 5137 Hebr.
3267 5063 3383 5135 11.
3439 5069 3549 5136 est
3616 5085 3849 5158 arqu-
3880 5075 4207 5190 Fgcriieffitffisss-

2307 5188 2647 5256 mentum
2706 5205 2858 5256 non
2927 5179 3494 5277 apparentium,
3549 5188 3690 5253 etc.
3756 5180 3849 5253 Et

2307 5309 2420 5374 est
2460 5299 2764 5398 proprie
2808 5298 2899 5370 de
2933 5319 3113 5370 vero
3142 5297 3568 5393 compleXO,
3605 5306 3687 5372 ut
3754 5296 3847 5370 de

2307 5417 2630 5513 objcc'tO,
2670 5415 2870 5513 quod
2908 5412 3219 5511 respicit
3260 5412 3697 5488 intellectus
3736 5437 3851 5488 se-

2307 5533 2642 5607 cundum
2689 5532 3116 5629 portionem
3152 5530 3657 5627 superiorem,
3703 5529 3850 5604 sci-

2307 5649 2480 5724 licet
2520 5649 2611 5724 de
2655 5650 2841 5723 Deo.
2908 5647 3234 5721 Inclinat
3264 5656 3521 5723 autem
3576 5647 3670 5722 ad
3719 5670 3846 5722 as—
