4295 6326
518 439 648 506 446

1941 453 2183 523 LIBRI
2231 455 2350 523 111.

1192 936 2316 1139 DISTINOTIO
2449 945 3073 1147 xxiv,

921 1679 1325 1758 QUAESTIO
1381 1680 1672 1749 UNlCA.

521 1878 769 1946 Istrum
802 1879 1138 1947 creditum
1175 1890 1399 1965 potest
1437 1902 1581 1951 esse
1620 1885 1899 1969 scitum,

1091 2007 1126 2055 e
1156 2001 1395 2057 contra
1431 1988 1472 2055 ?

509 2177 705 2235 Ateus,
740 2180 792 2235 3.
826 2187 966 2251 part.
1001 2187 1194 2251 quaest.
1229 2182 1318 2239 79.
1346 2184 1543 2240 memb.
1575 2185 1629 2240 3.
1656 2189 1718 2241 D.
1752 2186 1957 2244 Thom.
2010 2206 2047 2243 1.

579 2255 726 2319 part.
759 2257 937 2324 quoesl
967 2269 1004 2307 1.
1039 2262 1145 2308 art.
1179 2255 1231 2308 2.
1265 2259 1317 2309 et
1347 2261 1539 2327 quoest.
1581 2257 1666 2313 42.
1699 2264 1808 2314 art.
1864 2260 1949 2316 13.
2000 2267 2052 2315 et

584 2326 634 2377 1.
661 2324 713 2376 2.
749 2332 943 2395 quoest.
975 2340 1016 2378 1.
1044 2329 1153 2381 art.
1187 2330 1239 2380 5.
1267 2327 1332 2381 D.
1368 2328 1679 2387 Bouavent.
1719 2331 1807 2385 mc
1853 2335 1960 2386 art.
1993 2335 2048 2387 2.

584 2399 772 2466 quaest.
822 2397 876 2452 3.
935 2396 1204 2454 Richard.
1262 2404 1369 2454 art.
1431 2417 1468 2455 1.
1524 2410 1714 2471 quaest.
1768 2405 1823 2457 5.
1874 2404 2046 2461 Gabr.

581 2475 771 2537 quaest.
803 2483 842 2524 ι.
877 2468 1129 2523 Dux-and.
1159 2480 1351 2540 quaest.
1412 2488 1451 2528 1.
1501 2476 1607 2528 art.
1664 2474 1714 2529 4.
1769 2475 2049 2531 Heni-icus

583 2539 767 2603 quode.
799 2539 851 2593 8.
888 2551 1083 2610 quaest.
1122 2542 1187 2596 14
1236 2546 1444 2597 Suarcz
1486 2544 1539 2600 3.
1578 2551 1725 2616 part.
1776 2546 1916 2617 disp.
1955 2550 2047 2603 27.

587 2609 849 2665 Valentia
904 2612 1146 2668 secunda
1201 2616 1453 2673 secunda?
1507 2616 1560 2670 d.
1636 2633 1672 2671 1.
1751 2623 1944 2688 quaest.
2007 2636 2046 2674 1.

578 2688 785 2751 puncto
815 2683 868 2737 4.
906 2683 1107 2739 Parum
1142 2685 1264 2740 haec
1295 2685 1626 2759 discrepant
1681 2688 1753 2744 ab
1799 2689 1869 2745 iis
1924 2706 2047 2762 quae

585 2754 868 2810 habentur
895 2755 950 2810 in
985 2755 1315 2813 Oxoniensi.

287 2948 346 3014 1,
609 2931 824 3006 Circa
919 2932 1488 3010 distinctionem
1593 2937 2044 3035 vigesimam

223 3063 443 3135 Aygum.
509 3059 859 3144 quartam
907 3052 1330 3147 quoeritur:
1381 3054 1652 3129 Utrum
1695 3055 1787 3130 de
1811 3059 2048 3132 credi-

194 3139 444 3190 pnmum.
508 3160 788 3239 bilibus
865 3167 1218 3242 revelatis
1279 3176 1523 3244 stante
1576 3170 1732 3268 fide
1797 3182 2051 3272 potest

505 3283 675 3380 quis
705 3282 982 3357 scabere
1037 3286 1465 3374 scientiam,
1525 3296 1656 3364 aut
1703 3290 2043 3390 aliquam

502 3400 1080 3499 notilz'czm,qecae
1118 3402 1438 3478 habetur
1496 3429 1593 3478 613
1658 3408 2044 3485 euidentia

502 3517 940 3604 rei?Quod
1007 3519 1114 3594 sic
1182 3521 1509 3596 videtur.
1573 3523 1852 3599 Joann.
1914 3529 2031 3600 20.

502 3630 701 3722 Quia
738 3634 1004 3710 ‘vidisti
1063 3661 1183 3711 me
1230 3638 1541 3728 Tleoma,
1606 3642 2001 3719 credidisti
2018 3673 2044 3729 ,-

497 3751 726 3825 simul
776 3776 958 3849 ergo
993 3755 1261 3830 habuit
1297 3757 1624 3834 Thomas
1691 3761 2038 3837 notitiam

496 3866 934 3943 intuitivam
1003 3871 1095 3946 (16
1159 3871 1484 3963 Christ0‚
1549 3885 1622 3950 et
1690 3879 2033 3954 notitiam

501 3983 707 4059 fidet

601 4103 1011 4200 Praeterea,
1038 4109 1380 4205 Apostoli
1400 4109 1761 4186 videbant
1791 4114 2041 4190 Chris-

499 4231 659 4295 tum
704 4222 1186 4319 crucifixum‚
1224 4235 1298 4300 et
1331 4226 1453 4301 hic
1496 4239 1610 4302 est
1667 4231 2036 4308 articulus

498 4336 675 4411 fidei
718 4339 917 4436 apud
962 4364 1104 4414 nos
1140 4367 1155 4427 ;
1203 4351 1335 4416 aut
1374 4367 1556 4441 ergo
1598 4347 2038 4425 habueri'int

493 4450 723 4526 fidem
757 4453 848 4526 de
907 4453 1049 4528 isto
1110 4457 1460 4552 articulo,
1497 4470 1629 4534 aut
1671 4487 1822 4537 non
1862 4465 1902 4537 ⁴?
1956 4466 2035 4540 Si

489 4568 627 4662 sic,
717 4570 1043 4644 habetur
1096 4574 1603 4672 propositum,
1669 4583 1867 4679 quod
1942 4585 2034 4659 de

489 4684 759 4759 eodem
812 4686 910 4759 sit
977 4685 1194 4783 fides,
1241 4699 1316 4764 et
1381 4693 1532 4768 alia
1601 4697 1891 4773 notitia.
1954 4701 2035 4775 Si

490 4825 676 4895 non,
715 4825 898 4898 ergo
959 4828 1113 4879 non
1164 4808 1601 4887 habuerunt
1646 4814 1873 4891 fidem
1941 4819 2032 4894 de

486 4919 852 4994 omnibus
934 4923 1459 5021 credibilibus,
1524 4940 1654 5004 aut
1739 4935 2037 5011 habue-

487 5045 668 5110 runt
711 5035 940 5112 fidem
983 5050 1054 5113 61
1100 5042 1495 5120 scientiam
1528 5047 1782 5124 simul.

587 5154 997 5243 Praeterea,
1026 5157 1118 5231 de
1139 5160 1407 5234 eodem
1434 5174 1679 5261 potest
1711 5168 1884 5265 quis
1908 5173 2036 5246 ha-

486 5276 668 5349 bere
742 5276 1473 5355 demonstrationem
1539 5292 1611 5358 et
1687 5288 2034 5386 syllogis-

214 4129 411 4181 Secun-

248 4193 394 4242 dum.

171 5174 423 5226 Tertium.

2176 1439 2756 1536 compossibiles
2851 1442 2929 1515 in
3049 1444 3345 1532 eodem,
3413 1443 3719 1522 videtur

2175 1557 2378 1651 quod
2420 1555 2734 1632 effectus
2792 1560 2944 1633 sint
3001 1561 3582 1660 compossibiles
3636 1564 3715 1638 in

2175 1673 2392 1767 dem3
2430 1698 2612 1771 ergo
2649 1679 2885 1750 multo
2954 1678 3196 1775 magis
3255 1688 3502 1777 potest
3542 1684 3716 1779 quis

2172 1790 2458 1867 hahere
2506 1791 2583 1865 in
2658 1792 2930 1867 eodem
2999 1793 3229 1870 fidem
3293 1805 3367 1870 et
3457 1799 3718 1873 scien-

1952 1887 2062 1955 1)θῖ
2169 1907 2379 1996 tiam,
2410 1910 2595 2007 quia
2632 1910 2890 1986 minus
2924 1924 3363 2011 repugnant
3402 1914 3595 1992 fides
3642 1930 3716 1993 et

2167 2025 2487 2101 scientia
2572 2051 2807 2126 quam
2884 2031 3145 2130 opinio
3230 2041 3303 2106 et
3356 2033 3706 2123 scientia,

2165 2166 2340 2217 cum
2375 2142 2565 2218 fides
2627 2144 2985 2244 importet
3036 2150 3601 2226 certitudinem.

2268 2260 2652 2336 Praeterea
2684 2289 2733 2335 1.
2806 2263 3153 2341 Corinth.
3233 2268 3350 2341 12.
3439 2268 3712 2344 distin·
3735 2301 4031 2362 Quartum.

2161 2376 2327 2472 guit
2403 2380 2817 2476 Apostolus
2895 2383 3094 2458 dona
3181 2394 3254 2458 et
3347 2385 3574 2461 fidem
3665 2413 3712 2464 a

2163 2493 2483 2568 scientia
2560 2495 2664 2569 ibi
2732 2522 2748 2568 :
2820 2496 2999 2573 Alii
3049 2499 3278 2575 datur
3354 2504 3710 2601 sciencia,

2160 2607 2306 2682 aliz·
2330 2607 2522 2706 sides
2559 2638 2576 2704 ;
2615 2612 2745 2687 sed
2781 2612 2885 2703 ibi
2955 2615 3277 2691 scientia
3307 2628 3421 2693 est
3459 2619 3713 2696 Theo-

2160 2722 2366 2819 logia
2396 2726 2824 2799 secundum
2881 2730 3401 2826 Augustinum
3449 2732 3564 2806 13.
3613 2735 3708 2810 de

2168 2839 2567 2936 Τνίηὶίαίε,
2615 2843 2682 2916 1.
2723 2853 2795 2917 61
2831 2844 2947 2917 14.
2995 2844 3089 2920 de
3126 2847 3502 2924 Trinilate
3534 2875 3700 2950 cap.

2164 2956 2231 3028 1.
2277 2965 2391 3030 est
2421 2958 2782 3054 scientia3
2820 2984 3002 3059 ergo
3036 2964 3334 3039 habens
3375 2966 3709 3042 Theolo-

2160 3074 2362 3171 giam
2452 3077 2682 3152 habet
2765 3078 2975 3154 illam
3045 3082 3443 3159 scientiam
3492 3112 3511 3180 3
3569 3087 3703 3160 sed

2160 3194 2452 3267 habens
2550 3195 3042 3293 Theologiam
3152 3224 3307 3274 non
3422 3202 3701 3278 amittit

2156 3308 2413 3404 fidem,
2449 3311 2584 3385 sed
2647 3314 2885 3388 nutrit
2934 3326 3006 3390 et
3087 3318 3419 3393 roborat.
3477 3319 3697 3397 Unde

2152 3427 2638 3522 Augustinus
2674 3430 2736 3502 1.
2777 3429 2869 3505 de
2930 3431 3330 3529 Trirzz'lace,
3387 3460 3554 3535 cap.
3623 3439 3689 3511 1.
3775 3468 3984 3520 Laudes

2154 3542 2333 3616 dicit
2367 3544 2475 3617 sic
2514 3568 2529 3619 :
2567 3545 2772 3620 Huic
2792 3548 3139 3624 scientiae
3171 3550 3420 3626 tribuo
3465 3551 3688 3649 illud,
3722 3533 4045 3661 ἶὲῗξᾬῗξῖ

2152 3682 2296 3756 quo
2326 3657 2519 3756 fides
2567 3662 3078 3740 saluberrima
3125 3668 3496 3765 yiqnz‘lm‘,
3548 3695 3695 3744 mc-

2152 3776 2404 3870 ίνίίιιν,
2429 3777 2871 3877 defenditur
2892 3789 2965 3856 et
2993 3781 3438 3881 roboratam
3477 3811 3659 3884 ergo
3670 3846 3689 3883 ,

2153 3902 2293 3967 etc.
2333 3917 2515 3991 ergo
2547 3896 2867 3971 scientia
2905 3899 3370 3996 Theologiae‚
3416 3913 3498 3977 ut
3539 3904 3697 3978 dis-

2152 4009 2528 4106 tinguitur
2577 4021 2844 4088 contra
2904 4013 3162 4102 fidem,
3231 4017 3460 4092 simul
3549 4029 3696 4095 stat

2151 4149 2323 4198 cum
2360 4123 2536 4213 fide,
2591 4137 2663 4202 et
2714 4137 2827 4202 est
2881 4129 2974 4204 de
3031 4129 3330 4225 iisdem,
3381 4133 3473 4209 de
3524 4135 3696 4232 qui-

2150 4242 2296 4316 bus
2322 4242 2558 4338 fides3
2605 4245 2839 4340 igitur
2878 4246 2970 4321 de
3024 4248 3519 4326 credibilibus
3568 4276 3694 4327 re-

2147 4359 2419 4433 velatis
2523 4361 2751 4435 simul
2877 4373 3079 4438 stant
3168 4366 3491 4442 scientia
3618 4380 3692 4444 et

2061 4557 2072 4566 ,
2149 4474 2368 4551 fides.

2246 4592 2656 4688 Praeterea,
2686 4619 2821 4693 per
2864 4598 3123 4672 lumen
3171 4603 3519 4677 naturale
3592 4604 3687 4679 ad
3845 4631 3910 4695 2,

2147 4709 2531 4807 obJectum
2597 4711 2742 4786 sibi
2825 4715 3490 4812 proportionatum
3572 4744 3686 4796 co·
3733 4745 4013 4806 Quintum.

2145 4828 2568 4926 gnoscibile
2636 4829 2716 4903 in
2776 4830 2907 4905 illo
2968 4834 3261 4910 lumine
3320 4839 3681 4934 naturali,

2145 4957 2395 5047 potest
2426 4948 2600 5044 quis
2633 4949 2916 5025 habere
2958 4951 3358 5028 scientiam
3409 4957 3500 5031 de
3556 4982 3688 5032 co-

2145 5063 2702 5160 gnoscibilibus
2774 5069 3369 5165 proportionatis
3435 5071 3687 5147 illilu-

2147 5181 2334 5254 mini
2366 5211 2383 5276 3
2413 5205 2595 5278 ergo
2637 5206 2813 5257 cum
2858 5186 3118 5261 lumen
3164 5185 3341 5263 fidei
3416 5190 3514 5265 sit
3564 5216 3686 5266 su-

2145 5301 2667 5399 pernaturale‚
2706 5327 2841 5401 per
2886 5302 3073 5378 illud
3106 5306 3367 5381 lumen
3412 5308 3504 5382 de
3560 5310 3687 5384 ob-

491 5417 699 5467 nium
739 5393 1282 5490 Dialecticum3
1312 5422 1493 5494 ergo
1523 5401 1747 5478 simul
1785 5417 2031 5503 potest
2135 5418 2340 5513 jecto
2374 5419 2517 5493 sibi
2597 5420 3172 5517 proportionato
3225 5434 3474 5521 potest
3539 5428 3686 5501 suf·

485 5511 659 5608 quis
691 5512 973 5586 habere
1008 5512 1450 5609 opinionem
1493 5531 1566 5593 et
1597 5523 2024 5624 scientiam,

490 5628 670 5727 quia
714 5629 1023 5725 quando
1068 5653 1323 5708 causae
1365 5636 1793 5733 aliquorum
1849 5657 2029 5721 sunt

2142 5533 2490 5612 sicienter
2532 5538 2798 5612 haberi
2841 5537 3185 5613 scientia.

2245 5653 2655 5750 Praeterea,
2688 5655 2931 5753 magis
2964 5668 3226 5731 notum
3271 5670 3385 5735 est
3416 5685 3552 5758 per
3600 5686 3682 5738 se
3744 5696 3995 5748 Sextum.
