4295 6326
3861 68 4106 141 xis

4053 152 4070 187 f

3919 182 3938 325 i
3991 200 4050 339 1¹!

3925 328 4004 411 l:-

602 442 639 504 2
740 392 743 397 ’
2019 412 2258 483 mem
2310 412 2394 483 11.

604 608 949 700 materia,
1048 612 1181 680 aut
1263 601 1341 675 in
1438 595 1776 697 potentia
1876 590 2147 680 forma,

603 741 735 809 aut
803 729 877 800 in
948 722 1289 824 potentia
1349 713 1922 816 compositum3
1995 729 2151 782 non

602 847 675 918 in
759 842 1099 943 potentia
1181 836 1450 929 forma,
1546 855 1685 907 nec
1771 823 2157 925 composi-

602 978 791 1055 tum,
874 962 1056 1061 quia
1112 970 1295 1034 ωηο
1366 966 1689 1050 utroque
1760 947 2005 1048 posito
2073 943 2154 1016 in

602 1105 787 1175 esse,
872 1103 1023 1153 non
1093 1085 1293 1153 esset
1373 1069 1712 1146 materia.
1788 1062 2158 1140 Similiter

600 1210 783 1274 ωηο
880 1194 1126 1295 posito
1208 1192 1283 1266 in
1373 1212 1554 1273 esse,
1646 1182 1852 1282 quod
1956 1187 2158 1256 esset

604 1318 927 1390 alterum
1025 1311 1363 1395 illorum,
1457 1309 1912 1403 sequeretur
2014 1297 2159 1370 im-

605 1431 970 1531 possibile
1049 1427 1295 1527 posito
1392 1420 1767 1523 possibili,
1842 1428 1983 1493 etc.
2084 1422 2159 1489 et

607 1550 875 1624 eodem
938 1546 1189 1634 modo,
1266 1540 1583 1617 materia
1664 1561 1817 1612 non
1888 1544 2002 1610 est
2077 1531 2154 1605 in

604 1665 944 1765 potentia
1010 1661 1350 1744 materia,
1414 1656 1599 1755 qui-a
1664 1665 1847 1728 ωηο
1917 1659 2161 1724 mate·-

606 1783 717 1855 ria
775 1804 930 1853 non
987 1787 1187 1853 esset
1262 1772 1603 1848 materia.
1669 1771 2161 1863 Consequen-

604 1901 707 1973 tia
802 1897 1046 1995 prima
1141 1900 1371 1992 patet,
1498 1888 1680 1986 quia
1772 1909 1910 1961 ens
2001 1906 2159 1956 non

605 2015 959 2115 pluribus
1053 2010 1298 2085 modis
1374 2006 1652 2081 dicitur
1735 2026 1831 2079 eJ:
1907 1991 1993 2073 ’7.
2066 1998 2161 2074 de

606 2134 924 2207 Anima.

707 2253 925 2343 Item,
974 2248 1045 2320 5.
1109 2245 1655 2345 Physz‘corum,
1717 2246 1901 2315 teoel.
1956 2237 2026 2309 2.
2090 2241 2165 2311 el

610 2370 678 2442 8.
746 2368 1016 2467 probat
1080 2362 1524 2438 Aristoteles
1582 2356 1788 2456 quod
1849 2377 2164 2452 genera-

611 2487 712 2560 tio
817 2509 971 2558 non
1085 2492 1199 2556 est
1297 2488 1546 2553 motus
1635 2476 1831 2549 sic:
1947 2469 2168 2561 Quod

604 2608 1018 2699 (feneratur
1094 2621 1250 2672 non
1329 2602 1462 2687 est,
1544 2591 1748 2691 quod
1821 2593 2167 2664 movetur

610 2726 777 2803 est,·
835 2742 1008 2816 eryo
1077 2714 1281 2814 quod
1321 2717 1733 2811 qeneratur
1789 2731 1942 2782 non
2001 2727 2167 2779 mo-

607 2844 827 2911 vetur
863 2864 887 2919 ‚·
953 2856 1127 2930 erqo
1184 2828 1574 2928 qeneracz'o
1616 2848 1770 2899 non
1831 2830 1940 2897 est
1994 2844 2165 2895 mo-

610 2963 754 3028 tus,
828 2952 1076 3047 Major
1146 2972 1297 3021 non
1367 2955 1480 3021 est
1565 2967 1775 3035 vera,
1849 2940 1996 3014 nisi
2072 2938 2165 3011 de

613 3069 957 3166 subJecto
1027 3060 1571 3162 generationis,
1646 3082 1799 3133 non
1864 3057 1953 3131 de
2024 3066 2170 3128 ter·

618 3188 823 3262 mino
922 3180 1470 3281 generationis,
1553 3177 1737 3276 quia
1830 3175 1957 3249 ille
2054 3182 2170 3247 est

615 3304 924 3403 quando
1003 3307 1440 3396 generatur.
1515 3297 1624 3368 Ex
1693 3294 1836 3367 hoc
1904 3288 2170 3384 argui-

611 3434 739 3497 tur
811 3447 824 3495 :
909 3420 988 3494 Si
1076 3423 1619 3514 argumentum
1714 3405 2168 3504 Philosophi

611 3543 890 3631 valeat,
988 3542 1284 3633 oportet
1377 3529 1580 3627 quod
1693 3524 2172 3601 uniformiter

614 3654 1038 3751 accipiatur
1131 3672 1288 3723 6336
1375 3646 1542 3740 ejus
1620 3641 1824 3740 quod
1905 3661 2172 3713 move-

616 3785 762 3865 tur,
837 3780 908 3844 et
966 3776 1293 3863 negatur
1360 3763 1454 3836 ab
1524 3784 1614 3835 eo
1683 3756 1886 3855 quod
1945 3778 2174 3853 gene-

614 3901 888 3980 ratur3
961 3884 1092 3958 sed
1170 3904 1327 3956 6336
1396 3876 1857 3952 affirmatum
1926 3872 2018 3946 de
2078 3895 2168 3945 eo

616 4004 821 4104 quod
916 4000 1139 4075 modo
1234 4004 1374 4088 est,
1443 4004 1557 4068 est
1649 4015 1807 4065 6336
1882 3991 1960 4062 in
2029 4014 2173 4086 po-

614 4122 876 4211 tentia,
955 4115 1138 4213 quia
1195 4118 1442 4186 motas
1505 4114 1616 4182 est
1697 4113 1907 4180 actus
1974 4106 2171 4178 entis

613 4241 693 4314 in
782 4233 1149 4334 potentia,
1258 4228 1679 4303 secundum
1780 4223 1988 4323 quod
2085 4223 2168 4296 in

602 4353 971 4455 potentia,
1095 4373 1186 4423 ex
1311 4345 1532 4420 tertio
1650 4340 2166 4440 Physicorum

612 4479 794 4547 texet.
861 4476 931 4542 (ὃ.
998 4491 1180 4563 crgo
1244 4471 1606 4559 negatum
1661 4459 1753 4533 de
1808 4481 1898 4533 eo
1959 4456 2167 4553 quod

612 4598 1051 4687 generatur,
1142 4591 1254 4656 est
1349 4602 1506 4652 6336
1600 4576 1674 4648 in
1748 4574 2162 4672 potentia-;

613 4731 795 4800 ergo
875 4701 1193 4778 materia
1278 4720 1429 4774 non
1514 4702 1629 4769 est
1686 4715 1824 4767 ens
1901 4692 1979 4764 in
2039 4715 2170 4788 po-

609 4799 873 4907 tentia,
948 4826 1021 4892 et
1090 4824 1292 4913 patet
1367 4810 1571 4909 quod
1642 4832 1798 4883 non
1857 4815 1971 4881 est
2029 4829 2169 4882 ens

613 4950 813 5016 actu.

714 5058 931 5147 Item,
956 5053 1209 5151 primo
1245 5044 1785 5145 physicorum,
1819 5049 2001 5118 text.
2040 5042 2161 5115 69.

619 5173 935 5249 materia
1007 5192 1157 5242 non
1229 5172 1344 5239 est
1388 5160 1734 5254 scibilis,
1807 5159 1956 5234 nisi
2034 5183 2171 5256 per

615 5290 1050 5388 analogiam
1109 5286 1203 5360 ad
1265 5285 1647 5374 sormam3
1712 5279 1844 5356 sed
1923 5278 1986 5353 si
2042 5301 2168 5353 es-

613 5420 728 5486 set
783 5431 922 5484 ens
990 5401 1404 5503 positivum
1463 5396 1772 5472 realiter
1827 5419 1871 5470 a
1920 5394 2167 5468 forma

613 5527 1086 5613 distinctum,
1158 5519 1417 5617 posset
1483 5539 1621 5613 per
1695 5535 1777 5588 se
1874 5535 2167 5609 cogno-

612 5646 716 5720 sci
764 5674 780 5739 ;
840 5667 1052 5736 ergo,
1134 5648 1277 5713 etc.

319 2253 514 2304 Secun-

353 2320 497 2367 dum.

293 5090 548 5145 Tertium.

2357 583 2574 678 Item,
2645 582 2709 659 si
2789 583 3105 660 materia
3172 594 3374 661 esset
3457 609 3596 661 ens
3648 586 3810 661 dis·
3858 611 4131 673 Quartum.

2260 701 2581 776 tinctum
2667 725 2712 776 a
2793 701 3061 796 forma,
3144 712 3344 779 esset
3419 727 3559 778 ens
3635 714 3808 779 actu

2260 818 2470 895 aliud
2548 842 2592 893 a
2684 820 2986 914 forma3
3072 829 3204 894 aut
3287 842 3469 915 ergo
3565 832 3809 914 actuS,

2261 945 2393 1010 aut
2475 945 2729 1010 actum
2808 936 3130 1024 habens,
3221 945 3352 1011 aut
3431 938 3816 1035 composi-

2262 1062 2423 1128 tum
2485 1078 2577 1129 ex
2633 1064 2806 1129 actu
2867 1065 2940 1129 et
2997 1055 3404 1155 potentia?
3471 1056 3847 1131 Primum'

2264 1196 2448 1266 non,
2521 1173 2705 1270 quia
2823 1182 3038 1249 actus
3118 1183 3425 1272 separat
3508 1184 3582 1249 et
3661 1175 3821 1249 dis-

2269 1289 2544 1385 tinguit
2639 1313 2737 1365 eJ:
2824 1290 2892 1361 7.
2982 1290 3324 1388 Metaph.
3426 1296 3608 1366 teoet.
3698 1290 3815 1362 49.

2264 1406 2342 1479 in
2478 1406 2975 1482 fundamento
3098 1416 3352 1483 autem
3489 1416 3816 1499 naturae,

2266 1521 2470 1620 quod
2532 1531 2647 1597 est
2701 1522 3045 1615 materia,
3092 1522 3282 1596 nihil
3343 1533 3457 1597 est
3514 1523 3820 1596 distinc-

2269 1650 2458 1734 tum,
2540 1664 2638 1713 ea:
2702 1641 2772 1712 2.
2846 1640 3188 1738 Metaplz.
3256 1647 3439 1716 teoet.
3523 1641 3595 1714 7.
3678 1665 3818 1715 nec

2264 1764 2515 1854 potest
2624 1779 2791 1832 esse
2901 1757 3412 1856 compositum
3509 1779 3601 1831 ex
3681 1780 3822 1854 po-

2268 1871 2506 1947 tentia
2553 1882 2627 1947 et
2681 1882 2882 1967 actu,
2951 1874 3132 1972 quia
3181 1883 3364 1949 tunc
3415 1897 3569 1947 non
3622 1882 3822 1947 esset

2269 1990 2599 2087 primum
2686 1990 3235 2089 principium3
3335 2013 3516 2089 ergo
3608 1991 3821 2064 nulla

2271 2118 2386 2183 est
2440 2108 2748 2183 realitas
2810 2108 3163 2206 positiva.

2366 2227 2647 2301 Contra
2704 2228 2774 2300 2.
2851 2227 3081 2326 Phys.
3155 2237 3335 2302 text.
3408 2228 3527 2301 28.
3609 2237 3682 2302 et
3747 2227 3817 2300 ὃ.

2268 2345 2609 2443 Metaph.
2697 2356 2876 2421 text.
2951 2344 3022 2418 2.
3111 2345 3449 2421 [Ualeria
3537 2354 3660 2431 est,
3730 2367 3827 2418 ea:

2269 2486 2419 2560 qua
2489 2460 2582 2559 fit
2658 2486 2798 2549 ν63,
2885 2486 3057 2536 cum
3152 2463 3357 2537 insit.
3461 2461 3608 2537 Per
3683 2463 3827 2533 hoc

2272 2577 2478 2674 quod
2543 2588 2662 2652 est
2730 2602 2828 2652 341:
2887 2602 3061 2676 qua,
3127 2586 3331 2676 patet
3395 2577 3598 2676 quod
3672 2599 3826 2649 non

2272 2704 2386 2767 est
2461 2695 2764 2787 forma3
2837 2717 3020 2790 ergo
3095 2694 3410 2769 materia
3490 2703 3605 2767 est
3674 2717 3833 2765 ma-

2275 2836 2496 2900 nenS,
2597 2822 2670 2886 et
2784 2811 3160 2886 terminus
3267 2811 3616 2885 factionis
3719 2820 3836 2883 est

2274 2932 2543 3023 forma,
2652 2938 2723 3003 et
2801 2928 2990 3002 illud
3073 2952 3166 3003 ex
3248 2951 3402 3025 quo
3508 2951 3628 3002 res
3718 2926 3824 3019 tit,

2275 3046 2659 3145 praecedet
2716 3047 3066 3119 formam.

3917 2260 4123 2309 Contra.

2818 3385 3183 3442 SCUOLlUM
3247 3386 3288 3439 1.

2350 3531 2650 3589 Sententia
2681 3532 2747 3588 D.
2773 3533 3028 3602 Thomae,
3059 3534 3276 3590 Alberti
3312 3539 3367 3590 et
3399 3531 3642 3588 aliorum
3679 3533 3736 3588 in
3772 3547 3831 3587 re

2280 3625 2595 3698 generabili
2630 3641 2744 3680 non
2776 3640 2905 3681 6666
2936 3626 3084 3680 duas
3114 3626 3414 3687 entitates.
3447 3623 3559 3680 late
3606 3623 3828 3678 reluta-

2281 3724 2375 3769 tur
2405 3732 2470 3770 ex
2503 3713 2873 3784 Philosopho‚
2908 3713 3254 3780 rationibus,
3289 3719 3344 3769 et
3375 3731 3446 3769 cx
3475 3713 3827 3784 Augusti00‚

2279 3802 2350 3857 de
2387 3817 2501 3871 quo
2555 3804 2763 3856 Doclor
2819 3802 2877 3854 in
2923 3800 3103 3856 Oxou.
3157 3800 3250 3855 hle
3290 3817 3323 3855 a
3369 3816 3529 3855 num.
3579 3803 3633 3854 3.
3686 3805 3744 3854 et
3788 3816 3828 3855 ι.

2279 3891 2505 3964 Pliysic.
2538 3907 2596 3960 q.
2624 3891 2708 3945 19.
2738 3890 2828 3946 20.
2861 3891 3036 3946 6124.
3069 3895 3127 3946 et
3159 3890 3260 3945 lib.
3294 3891 3347 3944 2.
3397 3906 3454 3961 q.
3499 3891 3553 3946 7.
3588 3889 3829 3946 conclu-

2279 3984 2365 4037 dit
2393 3987 2452 4035 et
2480 3980 2794 4048 evidenter,
2831 3981 3076 4037 maxime
3108 3986 3371 4051 respectu
3408 3981 3617 4036 unimae
3652 3978 3822 4035 intel·

2278 4071 2518 4130 lectivae.
2554 4070 2710 4143 quod
2744 4071 2986 4127 materia
3016 4079 3101 4127 est
3145 4069 3365 4142 aliquid
3416 4070 3761 4126 distinctum
3796 4086 3829 4125 a

2280 4165 2489 4217 forma.

2379 4343 2654 4443 Opinio
2719 4369 2872 4418 una
2948 4355 3088 4438 est,
3155 4368 3330 4444 quae
3399 4345 3614 4442 ponit
3673 4368 3830 4419 rein
4001 4387 4040 4430 ῃ

2280 4460 2799 4556 generabilem
2861 4472 2934 4536 et
2982 4461 3555 4560 corruptibilem
3611 4464 3834 4537 habe·
3913 4501 4162 4563 omas,

2282 4603 2360 4652 re
2430 4589 2724 4653 tantum
2805 4580 2881 4652 in
2954 4603 3035 4655 se
3107 4603 3338 4654 unam
3409 4565 4161 4677 realitatenihffihssrffi‚

2282 4694 2715 4791 positivam.
2816 4694 2965 4770 Sed
3061 4695 3377 4795 quidam
3483 4705 3830 4771 tenentes
3864 4687 4168 4803 ffl⁰ffgg322

2281 4813 2455 4906 hoc,
2505 4814 2771 4888 dicunt
2828 4838 2997 4889 eam
3052 4837 3220 4890 esse
3280 4814 3705 4906 materiam,
3760 4824 3835 4887 et.
3962 4830 4009 4867 ὃ·
4044 4815 4099 4866 3-

2281 4929 2591 5028 quidam
2661 4931 3010 5021 formam,
3080 4930 3213 5006 sed
3261 4929 3625 5005 differunt
3682 4931 3834 5005 illae

2280 5046 2685 5143 opiniones
2777 5049 3030 5121 solum
3116 5047 3192 5119 in
3274 5070 3491 5140 voce,
3553 5056 3627 5121 et
3678 5071 3834 5120 non

2281 5164 2356 5235 in
2450 5187 2556 5238 re.
2632 5164 2825 5239 Nam
2891 5164 3235 5239 dicentes
3322 5153 3540 5238 illam
3604 5189 3833 5237 unam

2280 5281 2702 5356 realitatem
2777 5305 2945 5356 esse
3018 5280 3443 5368 materiam,
3575 5282 3842 5355 dicunt

2279 5397 2679 5473 materiam
2748 5397 3014 5498 perfici
3081 5397 3158 5472 in
3230 5399 3469 5495 gradu
3561 5385 3840 5473 entita-

2278 5511 2376 5585 tis
2433 5535 2596 5587 snae
2685 5535 2857 5587 cum
2929 5533 3050 5587 res
3118 5520 3561 5608 generatur,
3642 5511 3842 5584 sicut

2279 5628 2667 5725 quantitas
2745 5628 3238 5704 interminata
3309 5651 3484 5703 cum
3574 5626 3841 5702 termi-
