<?xml version="1.0" encoding="UTF-8"?>
<!DOCTYPE html PUBLIC "-//W3C//DTD XHTML 1.0 Transitional//EN"
    "http://www.w3.org/TR/xhtml1/DTD/xhtml1-transitional.dtd">
<html xmlns="http://www.w3.org/1999/xhtml" xml:lang="en" lang="en">
 <head>
  <title>
</title>
<meta http-equiv="Content-Type" content="text/html;charset=utf-8" />
  <meta name='ocr-system' content='tesseract 3.04.00' />
  <meta name='ocr-capabilities' content='ocr_page ocr_carea ocr_par ocr_line ocrx_word'/>
</head>
<body>
  <div class='ocr_page' id='page_1' title='image "./joannisdunsscot00waddgoog_0548.png"; bbox 0 0 4295 6326; ppageno 0'>
   <div class='ocr_carea' id='block_1_1' title="bbox 304 2173 568 2476">
    <p class='ocr_par' dir='ltr' id='par_1_1' title="bbox 304 2173 568 2476">
     <span class='ocr_line' id='line_1_1' title="bbox 306 2173 568 2238; baseline 0 -15"><span class='ocrx_word' id='word_1_1' title='bbox 306 2173 568 2238; x_wconf 84' lang='lat' dir='ltr'>Objeetio-</span> 
     </span>
     <span class='ocr_line' id='line_1_2' title="bbox 304 2249 559 2287; baseline 0.008 -2"><span class='ocrx_word' id='word_1_2' title='bbox 304 2249 402 2286; x_wconf 73' lang='lat' dir='ltr'>nes</span> <span class='ocrx_word' id='word_1_3' title='bbox 432 2251 559 2287; x_wconf 80' lang='lat' dir='ltr'>con-</span> 
     </span>
     <span class='ocr_line' id='line_1_3' title="bbox 306 2299 558 2350; baseline 0.012 -3"><span class='ocrx_word' id='word_1_4' title='bbox 306 2302 388 2349; x_wconf 74' lang='lat' dir='ltr'>tra</span> <span class='ocrx_word' id='word_1_5' title='bbox 417 2299 558 2350; x_wconf 82' lang='lat' dir='ltr'>hanc</span> 
     </span>
     <span class='ocr_line' id='line_1_4' title="bbox 329 2360 545 2425; baseline 0 -13"><span class='ocrx_word' id='word_1_6' title='bbox 329 2360 545 2425; x_wconf 81' lang='lat' dir='ltr'>opinio-</span> 
     </span>
     <span class='ocr_line' id='line_1_5' title="bbox 368 2438 508 2476; baseline 0.014 -2"><span class='ocrx_word' id='word_1_7' title='bbox 368 2438 508 2476; x_wconf 81' lang='lat' dir='ltr'>nem.</span> 
     </span>
    </p>
   </div>
   <div class='ocr_carea' id='block_1_2' title="bbox 268 3315 565 3557">
    <p class='ocr_par' dir='ltr' id='par_1_2' title="bbox 298 3315 565 3382">
     <span class='ocr_line' id='line_1_6' title="bbox 298 3315 565 3382; baseline 0.011 -18"><span class='ocrx_word' id='word_1_8' title='bbox 298 3315 357 3364; x_wconf 80' lang='lat' dir='ltr'>ln</span> <span class='ocrx_word' id='word_1_9' title='bbox 387 3317 565 3382; x_wconf 73' lang='lat' dir='ltr'>patria</span> 
     </span>
    </p>

    <p class='ocr_par' dir='ltr' id='par_1_3' title="bbox 291 3384 556 3431">
     <span class='ocr_line' id='line_1_7' title="bbox 291 3384 556 3431; baseline 0.008 -4"><span class='ocrx_word' id='word_1_10' title='bbox 291 3391 401 3429; x_wconf 84' lang='lat' dir='ltr'>nou</span> <span class='ocrx_word' id='word_1_11' title='bbox 426 3384 556 3431; x_wconf 71' lang='lat' dir='ltr'>sunt</span> 
     </span>
    </p>

    <p class='ocr_par' dir='ltr' id='par_1_4' title="bbox 268 3439 559 3557">
     <span class='ocr_line' id='line_1_8' title="bbox 268 3439 559 3493; baseline 0.007 -2"><span class='ocrx_word' id='word_1_12' title='bbox 268 3439 408 3492; x_wconf 77' lang='lat' dir='ltr'>beati</span> <span class='ocrx_word' id='word_1_13' title='bbox 421 3443 559 3493; x_wconf 81' lang='lat' dir='ltr'>tudi-</span> 
     </span>
     <span class='ocr_line' id='line_1_9' title="bbox 373 3518 487 3557; baseline -0.009 -1"><span class='ocrx_word' id='word_1_14' title='bbox 373 3518 487 3557; x_wconf 74' lang='lat' dir='ltr'>nen.</span> 
     </span>
    </p>
   </div>
   <div class='ocr_carea' id='block_1_3' title="bbox 266 3889 584 4081">
    <p class='ocr_par' dir='ltr' id='par_1_5' title="bbox 266 3889 584 4081">
     <span class='ocr_line' id='line_1_10' title="bbox 315 3889 557 3951; baseline 0.012 -11"><span class='ocrx_word' id='word_1_15' title='bbox 315 3889 471 3951; x_wconf 77' lang='lat' dir='ltr'>opin.</span> <span class='ocrx_word' id='word_1_16' title='bbox 503 3891 557 3943; x_wconf 83' lang='grc'>8.</span> 
     </span>
     <span class='ocr_line' id='line_1_11' title="bbox 266 3954 560 4004; baseline -0.003 0"><span class='ocrx_word' id='word_1_17' title='bbox 266 3954 560 4004; x_wconf 72' lang='lat' dir='ltr'>nonavent.</span> 
     </span>
     <span class='ocr_line' id='line_1_12' title="bbox 268 4016 584 4081; baseline 0.006 -16"><span class='ocrx_word' id='word_1_18' title='bbox 268 4016 584 4081; x_wconf 74' lang='lat' dir='ltr'>nrt.q.¹.htc.</span> 
     </span>
    </p>
   </div>
   <div class='ocr_carea' id='block_1_4' title="bbox 620 429 749 495">
    <p class='ocr_par' dir='ltr' id='par_1_6' title="bbox 620 429 749 495">
     <span class='ocr_line' id='line_1_13' title="bbox 620 429 749 495; baseline -0.016 0"><span class='ocrx_word' id='word_1_19' title='bbox 620 429 749 495; x_wconf 77' lang='lat'>524</span> 
     </span>
    </p>
   </div>
   <div class='ocr_carea' id='block_1_5' title="bbox 606 601 2182 5258">
    <p class='ocr_par' dir='ltr' id='par_1_7' title="bbox 612 601 2182 1960">
     <span class='ocr_line' id='line_1_14' title="bbox 621 601 2182 702; baseline 0 -27"><span class='ocrx_word' id='word_1_20' title='bbox 621 601 825 676; x_wconf 73' lang='lat' dir='ltr'>illud</span> <span class='ocrx_word' id='word_1_21' title='bbox 840 629 864 676; x_wconf 95' lang='grc'>.·</span> <span class='ocrx_word' id='word_1_22' title='bbox 892 604 1040 678; x_wconf 78' lang='lat' dir='ltr'>Dii</span> <span class='ocrx_word' id='word_1_23' title='bbox 1062 606 1267 699; x_wconf 77' lang='lat' dir='ltr'>estis,</span> <span class='ocrx_word' id='word_1_24' title='bbox 1298 605 1513 680; x_wconf 75' lang='lat' dir='ltr'>Psal.</span> <span class='ocrx_word' id='word_1_25' title='bbox 1544 605 1662 677; x_wconf 82' lang='lat'>81.</span> <span class='ocrx_word' id='word_1_26' title='bbox 1709 612 1787 678; x_wconf 94' lang='lat' dir='ltr'>ut</span> <span class='ocrx_word' id='word_1_27' title='bbox 1811 612 2182 702; x_wconf 78' lang='lat' dir='ltr'>respuant</span> 
     </span>
     <span class='ocr_line' id='line_1_15' title="bbox 622 719 2181 820; baseline 0.001 -28"><span class='ocrx_word' id='word_1_28' title='bbox 622 719 1007 795; x_wconf 89' lang='lat' dir='ltr'>tristitiam</span> <span class='ocrx_word' id='word_1_29' title='bbox 1050 734 1123 796; x_wconf 90' lang='lat' dir='ltr'>et</span> <span class='ocrx_word' id='word_1_30' title='bbox 1166 732 1617 820; x_wconf 89' lang='lat' dir='ltr'>reputentur</span> <span class='ocrx_word' id='word_1_31' title='bbox 1662 722 1842 795; x_wconf 84' lang='lat' dir='ltr'>fatui</span> <span class='ocrx_word' id='word_1_32' title='bbox 1886 722 1979 795; x_wconf 90' lang='lat' dir='ltr'>ab</span> <span class='ocrx_word' id='word_1_33' title='bbox 2036 722 2181 793; x_wconf 85' lang='lat' dir='ltr'>ho·-</span> 
     </span>
     <span class='ocr_line' id='line_1_16' title="bbox 623 830 2180 914; baseline 0.001 -6"><span class='ocrx_word' id='word_1_34' title='bbox 623 836 988 911; x_wconf 84' lang='lat' dir='ltr'>minibus.</span> <span class='ocrx_word' id='word_1_35' title='bbox 1063 839 1210 913; x_wconf 88' lang='lat' dir='ltr'>Iste</span> <span class='ocrx_word' id='word_1_36' title='bbox 1294 840 1564 914; x_wconf 87' lang='lat' dir='ltr'>modus</span> <span class='ocrx_word' id='word_1_37' title='bbox 1671 838 1987 911; x_wconf 90' lang='lat' dir='ltr'>ultimus</span> <span class='ocrx_word' id='word_1_38' title='bbox 2066 830 2180 911; x_wconf 86' lang='lat' dir='ltr'>est</span> 
     </span>
     <span class='ocr_line' id='line_1_17' title="bbox 619 949 2180 1050; baseline 0.001 -29"><span class='ocrx_word' id='word_1_39' title='bbox 619 949 865 1024; x_wconf 86' lang='lat' dir='ltr'>virtus</span> <span class='ocrx_word' id='word_1_40' title='bbox 900 951 1232 1047; x_wconf 81' lang='lat' dir='ltr'>heroica,</span> <span class='ocrx_word' id='word_1_41' title='bbox 1278 977 1505 1050; x_wconf 78' lang='lat' dir='ltr'>quani</span> <span class='ocrx_word' id='word_1_42' title='bbox 1562 952 1918 1025; x_wconf 87' lang='lat' dir='ltr'>virtutem</span> <span class='ocrx_word' id='word_1_43' title='bbox 1990 974 2180 1022; x_wconf 91' lang='lat' dir='ltr'>con-</span> 
     </span>
     <span class='ocr_line' id='line_1_18' title="bbox 612 1064 2171 1167; baseline -0.001 -26"><span class='ocrx_word' id='word_1_44' title='bbox 612 1064 846 1162; x_wconf 86' lang='lat' dir='ltr'>jectat</span> <span class='ocrx_word' id='word_1_45' title='bbox 890 1069 1417 1167; x_wconf 79' lang='lat' dir='ltr'>Philosophus</span> <span class='ocrx_word' id='word_1_46' title='bbox 1475 1072 1541 1142; x_wconf 84' lang='lat'>7.</span> <span class='ocrx_word' id='word_1_47' title='bbox 1618 1069 1965 1142; x_wconf 71' lang='lat' dir='ltr'>Eclzicor.</span> <span class='ocrx_word' id='word_1_48' title='bbox 2005 1091 2171 1165; x_wconf 80' lang='lat' dir='ltr'>cap.</span> 
     </span>
     <span class='ocr_line' id='line_1_19' title="bbox 626 1180 2180 1280; baseline 0.001 -26"><span class='ocrx_word' id='word_1_49' title='bbox 626 1180 693 1254; x_wconf 89' lang='lat'>1.</span> <span class='ocrx_word' id='word_1_50' title='bbox 731 1184 1501 1280; x_wconf 88' lang='lat' dir='ltr'>opponibestialitati.</span> <span class='ocrx_word' id='word_1_51' title='bbox 1534 1185 1871 1259; x_wconf 82' lang='lat' dir='ltr'><strong>Virtutes</strong></span> <span class='ocrx_word' id='word_1_52' title='bbox 1893 1183 2180 1258; x_wconf 89' lang='lat' dir='ltr'>faciunt</span> 
     </span>
     <span class='ocr_line' id='line_1_20' title="bbox 620 1297 2174 1397; baseline 0 -27"><span class='ocrx_word' id='word_1_53' title='bbox 620 1297 869 1395; x_wconf 85' lang='lat' dir='ltr'>primo</span> <span class='ocrx_word' id='word_1_54' title='bbox 935 1302 1162 1374; x_wconf 89' lang='lat' dir='ltr'>modo</span> <span class='ocrx_word' id='word_1_55' title='bbox 1215 1311 1417 1376; x_wconf 89' lang='lat' dir='ltr'>recte</span> <span class='ocrx_word' id='word_1_56' title='bbox 1478 1324 1759 1397; x_wconf 85' lang='lat' dir='ltr'>agere3</span> <span class='ocrx_word' id='word_1_57' title='bbox 1834 1298 2174 1373; x_wconf 90' lang='lat' dir='ltr'>secundo</span> 
     </span>
     <span class='ocr_line' id='line_1_21' title="bbox 621 1417 2171 1512; baseline 0.001 -23"><span class='ocrx_word' id='word_1_58' title='bbox 621 1417 875 1510; x_wconf 88' lang='lat' dir='ltr'>mod0,</span> <span class='ocrx_word' id='word_1_59' title='bbox 939 1418 1495 1512; x_wconf 81' lang='lat' dir='ltr'>heatitudines3</span> <span class='ocrx_word' id='word_1_60' title='bbox 1581 1420 1801 1494; x_wconf 89' lang='lat' dir='ltr'>tertio</span> <span class='ocrx_word' id='word_1_61' title='bbox 1918 1417 2171 1510; x_wconf 88' lang='lat' dir='ltr'>modo,</span> 
     </span>
     <span class='ocr_line' id='line_1_22' title="bbox 620 1534 2176 1634; baseline 0 -26"><span class='ocrx_word' id='word_1_62' title='bbox 620 1534 912 1609; x_wconf 87' lang='lat' dir='ltr'>fructus</span> <span class='ocrx_word' id='word_1_63' title='bbox 992 1547 1174 1610; x_wconf 90' lang='lat' dir='ltr'>sunt</span> <span class='ocrx_word' id='word_1_64' title='bbox 1241 1536 1786 1611; x_wconf 78' lang='lat' dir='ltr'>delectationes</span> <span class='ocrx_word' id='word_1_65' title='bbox 1853 1558 2176 1634; x_wconf 90' lang='lat' dir='ltr'>sequen-</span> 
     </span>
     <span class='ocr_line' id='line_1_23' title="bbox 620 1650 2176 1750; baseline 0.002 -28"><span class='ocrx_word' id='word_1_66' title='bbox 620 1658 735 1723; x_wconf 87' lang='lat' dir='ltr'>tes</span> <span class='ocrx_word' id='word_1_67' title='bbox 795 1650 983 1725; x_wconf 88' lang='lat' dir='ltr'>istos</span> <span class='ocrx_word' id='word_1_68' title='bbox 1050 1662 1268 1727; x_wconf 90' lang='lat' dir='ltr'>actus</span> <span class='ocrx_word' id='word_1_69' title='bbox 1319 1655 1721 1750; x_wconf 84' lang='lat' dir='ltr'>perfectos,</span> <span class='ocrx_word' id='word_1_70' title='bbox 1789 1660 1869 1725; x_wconf 87' lang='lat' dir='ltr'>ut</span> <span class='ocrx_word' id='word_1_71' title='bbox 1933 1652 2176 1747; x_wconf 85' lang='lat' dir='ltr'>degu-</span> 
     </span>
     <span class='ocr_line' id='line_1_24' title="bbox 622 1767 2174 1865; baseline 0.001 -24"><span class='ocrx_word' id='word_1_72' title='bbox 622 1768 845 1842; x_wconf 80' lang='lat' dir='ltr'>statio</span> <span class='ocrx_word' id='word_1_73' title='bbox 903 1769 1121 1865; x_wconf 86' lang='lat' dir='ltr'>quasi</span> <span class='ocrx_word' id='word_1_74' title='bbox 1170 1770 1351 1844; x_wconf 87' lang='lat' dir='ltr'>boni</span> <span class='ocrx_word' id='word_1_75' title='bbox 1405 1770 1666 1857; x_wconf 83' lang='lat' dir='ltr'>futuri,</span> <span class='ocrx_word' id='word_1_76' title='bbox 1731 1778 1803 1843; x_wconf 91' lang='lat' dir='ltr'>et</span> <span class='ocrx_word' id='word_1_77' title='bbox 1867 1767 2174 1843; x_wconf 88' lang='lat' dir='ltr'>miseria</span> 
     </span>
     <span class='ocr_line' id='line_1_25' title="bbox 624 1883 1241 1960; baseline 0.003 -3"><span class='ocrx_word' id='word_1_78' title='bbox 624 1883 709 1957; x_wconf 84' lang='lat' dir='ltr'>fit</span> <span class='ocrx_word' id='word_1_79' title='bbox 748 1886 1241 1960; x_wconf 80' lang='lat' dir='ltr'>tolerabilior.</span> 
     </span>
    </p>

    <p class='ocr_par' dir='ltr' id='par_1_8' title="bbox 612 2002 2170 3247">
     <span class='ocr_line' id='line_1_26' title="bbox 722 2002 2170 2100; baseline 0.002 -25"><span class='ocrx_word' id='word_1_80' title='bbox 722 2004 1003 2077; x_wconf 84' lang='lat' dir='ltr'>Contra</span> <span class='ocrx_word' id='word_1_81' title='bbox 1042 2005 1186 2078; x_wconf 92' lang='lat' dir='ltr'>hoc</span> <span class='ocrx_word' id='word_1_82' title='bbox 1230 2003 1530 2077; x_wconf 90' lang='lat' dir='ltr'>videtur</span> <span class='ocrx_word' id='word_1_83' title='bbox 1589 2003 1940 2095; x_wconf 86' lang='lat' dir='ltr'>dubium,</span> <span class='ocrx_word' id='word_1_84' title='bbox 1988 2002 2170 2100; x_wconf 89' lang='lat' dir='ltr'>quia</span> 
     </span>
     <span class='ocr_line' id='line_1_27' title="bbox 624 2104 2170 2196; baseline 0 -1"><span class='ocrx_word' id='word_1_85' title='bbox 624 2120 958 2195; x_wconf 76' lang='lat' dir='ltr'>charitas</span> <span class='ocrx_word' id='word_1_86' title='bbox 1008 2104 1013 2109; x_wconf 52' lang='grc'><em>’</em></span> <span class='ocrx_word' id='word_1_87' title='bbox 1062 2131 1174 2195; x_wconf 90' lang='lat' dir='ltr'>est</span> <span class='ocrx_word' id='word_1_88' title='bbox 1240 2122 1531 2196; x_wconf 91' lang='lat' dir='ltr'>bonum</span> <span class='ocrx_word' id='word_1_89' title='bbox 1613 2120 2170 2195; x_wconf 88' lang='lat' dir='ltr'>excellentissi-</span> 
     </span>
     <span class='ocr_line' id='line_1_28' title="bbox 622 2236 2161 2333; baseline -0.001 -24"><span class='ocrx_word' id='word_1_90' title='bbox 622 2260 863 2329; x_wconf 86' lang='lat' dir='ltr'>mum,</span> <span class='ocrx_word' id='word_1_91' title='bbox 949 2238 1374 2311; x_wconf 87' lang='lat' dir='ltr'>secundum</span> <span class='ocrx_word' id='word_1_92' title='bbox 1446 2236 1964 2333; x_wconf 83' lang='lat' dir='ltr'>Augustinum</span> <span class='ocrx_word' id='word_1_93' title='bbox 2044 2237 2161 2308; x_wconf 84' lang='lat'>13.</span> 
     </span>
     <span class='ocr_line' id='line_1_29' title="bbox 620 2351 2159 2449; baseline -0.001 -23"><span class='ocrx_word' id='word_1_94' title='bbox 620 2351 714 2426; x_wconf 84' lang='lat' dir='ltr'>de</span> <span class='ocrx_word' id='word_1_95' title='bbox 761 2352 1035 2427; x_wconf 74' lang='lat' dir='ltr'>Trinit.</span> <span class='ocrx_word' id='word_1_96' title='bbox 1107 2354 1220 2426; x_wconf 81' lang='lat'>19.</span> <span class='ocrx_word' id='word_1_97' title='bbox 1269 2355 1359 2427; x_wconf 90' lang='lat' dir='ltr'>Et</span> <span class='ocrx_word' id='word_1_98' title='bbox 1407 2354 1821 2449; x_wconf 81' lang='lat' dir='ltr'>Apostolus</span> <span class='ocrx_word' id='word_1_99' title='bbox 1853 2353 1945 2426; x_wconf 87' lang='lat' dir='ltr'>ad</span> <span class='ocrx_word' id='word_1_100' title='bbox 1989 2354 2159 2427; x_wconf 91' lang='lat' dir='ltr'>Cor.</span> 
     </span>
     <span class='ocr_line' id='line_1_30' title="bbox 623 2467 2166 2565; baseline 0.001 -26"><span class='ocrx_word' id='word_1_101' title='bbox 623 2467 738 2539; x_wconf 88' lang='grc'>13.</span> <span class='ocrx_word' id='word_1_102' title='bbox 790 2467 889 2541; x_wconf 80' lang='lat' dir='ltr'>Si</span> <span class='ocrx_word' id='word_1_103' title='bbox 942 2469 1356 2554; x_wconf 74' lang='lat' dir='ltr'>tradidere,</span> <span class='ocrx_word' id='word_1_104' title='bbox 1390 2480 1531 2543; x_wconf 89' lang='lat' dir='ltr'>etc.</span> <span class='ocrx_word' id='word_1_105' title='bbox 1581 2469 1782 2565; x_wconf 88' lang='lat' dir='ltr'>quod</span> <span class='ocrx_word' id='word_1_106' title='bbox 1863 2469 2166 2543; x_wconf 88' lang='lat' dir='ltr'>videtur</span> 
     </span>
     <span class='ocr_line' id='line_1_31' title="bbox 618 2583 2162 2659; baseline 0 0"><span class='ocrx_word' id='word_1_107' title='bbox 618 2607 786 2659; x_wconf 87' lang='lat' dir='ltr'>esse</span> <span class='ocrx_word' id='word_1_108' title='bbox 849 2584 1076 2659; x_wconf 89' lang='lat' dir='ltr'>modo</span> <span class='ocrx_word' id='word_1_109' title='bbox 1148 2585 1572 2658; x_wconf 87' lang='lat' dir='ltr'>inhumano</span> <span class='ocrx_word' id='word_1_110' title='bbox 1645 2586 1838 2659; x_wconf 85' lang='lat' dir='ltr'>velle</span> <span class='ocrx_word' id='word_1_111' title='bbox 1894 2583 2162 2659; x_wconf 89' lang='lat' dir='ltr'>ardere</span> 
     </span>
     <span class='ocr_line' id='line_1_32' title="bbox 615 2702 2162 2802; baseline 0.002 -26"><span class='ocrx_word' id='word_1_112' title='bbox 615 2728 753 2802; x_wconf 91' lang='lat' dir='ltr'>pro</span> <span class='ocrx_word' id='word_1_113' title='bbox 812 2704 973 2778; x_wconf 92' lang='lat' dir='ltr'>Deo</span> <span class='ocrx_word' id='word_1_114' title='bbox 1047 2728 1061 2778; x_wconf 90' lang='lat'><strong>:</strong></span> <span class='ocrx_word' id='word_1_115' title='bbox 1132 2702 1606 2778; x_wconf 68' lang='lat' dir='ltr'>Clearitatem</span> <span class='ocrx_word' id='word_1_116' title='bbox 1685 2710 1938 2778; x_wconf 78' lang='lat' dir='ltr'>autem</span> <span class='ocrx_word' id='word_1_117' title='bbox 2006 2728 2162 2779; x_wconf 77' lang='lat' dir='ltr'>non</span> 
     </span>
     <span class='ocr_line' id='line_1_33' title="bbox 612 2819 2162 2918; baseline -0.001 -23"><span class='ocrx_word' id='word_1_118' title='bbox 612 2819 963 2913; x_wconf 78' lang='lat' dir='ltr'>habeam,</span> <span class='ocrx_word' id='word_1_119' title='bbox 1011 2831 1153 2894; x_wconf 88' lang='lat' dir='ltr'>etc.</span> <span class='ocrx_word' id='word_1_120' title='bbox 1201 2821 1569 2918; x_wconf 79' lang='lat' dir='ltr'>Sequitur</span> <span class='ocrx_word' id='word_1_121' title='bbox 1600 2821 1805 2918; x_wconf 94' lang='lat' dir='ltr'>quod</span> <span class='ocrx_word' id='word_1_122' title='bbox 1838 2844 1992 2895; x_wconf 91' lang='lat' dir='ltr'>non</span> <span class='ocrx_word' id='word_1_123' title='bbox 2027 2844 2162 2896; x_wconf 89' lang='lat' dir='ltr'>ex-</span> 
     </span>
     <span class='ocr_line' id='line_1_34' title="bbox 617 2937 2163 3036; baseline 0.001 -23"><span class='ocrx_word' id='word_1_124' title='bbox 617 2938 1048 3013; x_wconf 91' lang='lat' dir='ltr'>cellentiori</span> <span class='ocrx_word' id='word_1_125' title='bbox 1129 2938 1361 3012; x_wconf 90' lang='lat' dir='ltr'>modo</span> <span class='ocrx_word' id='word_1_126' title='bbox 1459 2937 1866 3036; x_wconf 85' lang='lat' dir='ltr'>perficiant</span> <span class='ocrx_word' id='word_1_127' title='bbox 1958 2937 2163 3014; x_wconf 89' lang='lat' dir='ltr'>dona</span> 
     </span>
     <span class='ocr_line' id='line_1_35' title="bbox 616 3054 2162 3153; baseline 0.002 -26"><span class='ocrx_word' id='word_1_128' title='bbox 616 3078 846 3153; x_wconf 86' lang='lat' dir='ltr'>quam</span> <span class='ocrx_word' id='word_1_129' title='bbox 894 3054 1258 3147; x_wconf 85' lang='lat' dir='ltr'>virtutes3</span> <span class='ocrx_word' id='word_1_130' title='bbox 1306 3078 1462 3128; x_wconf 89' lang='lat' dir='ltr'>non</span> <span class='ocrx_word' id='word_1_131' title='bbox 1534 3078 1715 3152; x_wconf 85' lang='lat' dir='ltr'>ergo</span> <span class='ocrx_word' id='word_1_132' title='bbox 1750 3054 2162 3153; x_wconf 87' lang='lat' dir='ltr'>perficiunt</span> 
     </span>
     <span class='ocr_line' id='line_1_36' title="bbox 613 3172 1611 3247; baseline 0.001 -3"><span class='ocrx_word' id='word_1_133' title='bbox 613 3172 941 3247; x_wconf 86' lang='lat' dir='ltr'>virtutes</span> <span class='ocrx_word' id='word_1_134' title='bbox 974 3173 1199 3247; x_wconf 88' lang='lat' dir='ltr'>modo</span> <span class='ocrx_word' id='word_1_135' title='bbox 1242 3175 1611 3247; x_wconf 77' lang='lat' dir='ltr'>humano,</span> 
     </span>
    </p>

    <p class='ocr_par' dir='ltr' id='par_1_9' title="bbox 606 3287 2161 3843">
     <span class='ocr_line' id='line_1_37' title="bbox 720 3287 2156 3381; baseline 0.004 -23"><span class='ocrx_word' id='word_1_136' title='bbox 720 3287 932 3381; x_wconf 89' lang='lat' dir='ltr'>ltem,</span> <span class='ocrx_word' id='word_1_137' title='bbox 967 3297 1149 3362; x_wconf 88' lang='lat' dir='ltr'>tunc</span> <span class='ocrx_word' id='word_1_138' title='bbox 1183 3288 1260 3362; x_wconf 92' lang='lat' dir='ltr'>in</span> <span class='ocrx_word' id='word_1_139' title='bbox 1312 3289 1467 3362; x_wconf 78' lang='lat' dir='ltr'>vita</span> <span class='ocrx_word' id='word_1_140' title='bbox 1512 3298 1801 3364; x_wconf 84' lang='lat' dir='ltr'>aeterna</span> <span class='ocrx_word' id='word_1_141' title='bbox 1840 3289 1917 3362; x_wconf 92' lang='lat' dir='ltr'>in</span> <span class='ocrx_word' id='word_1_142' title='bbox 1982 3299 2156 3364; x_wconf 89' lang='lat' dir='ltr'>actu</span> 
     </span>
     <span class='ocr_line' id='line_1_38' title="bbox 619 3402 2157 3503; baseline 0.002 -26"><span class='ocrx_word' id='word_1_143' title='bbox 619 3402 948 3499; x_wconf 88' lang='lat' dir='ltr'>alicujus</span> <span class='ocrx_word' id='word_1_144' title='bbox 1069 3403 1270 3478; x_wconf 89' lang='lat' dir='ltr'>beati</span> <span class='ocrx_word' id='word_1_145' title='bbox 1385 3413 1769 3501; x_wconf 82' lang='lat' dir='ltr'>oporteret</span> <span class='ocrx_word' id='word_1_146' title='bbox 1870 3429 2157 3503; x_wconf 87' lang='lat' dir='ltr'>ponere</span> 
     </span>
     <span class='ocr_line' id='line_1_39' title="bbox 606 3518 2161 3614; baseline 0.002 -21"><span class='ocrx_word' id='word_1_147' title='bbox 606 3518 1133 3596; x_wconf 79' lang='lat' dir='ltr'>beatitudines</span> <span class='ocrx_word' id='word_1_148' title='bbox 1168 3549 1186 3614; x_wconf 91' lang='lat'>;</span> <span class='ocrx_word' id='word_1_149' title='bbox 1225 3521 1359 3596; x_wconf 85' lang='lat' dir='ltr'>sed</span> <span class='ocrx_word' id='word_1_150' title='bbox 1400 3522 1664 3595; x_wconf 88' lang='lat' dir='ltr'>nullus</span> <span class='ocrx_word' id='word_1_151' title='bbox 1691 3522 1960 3597; x_wconf 91' lang='lat' dir='ltr'>beatus</span> <span class='ocrx_word' id='word_1_152' title='bbox 1992 3545 2161 3596; x_wconf 88' lang='lat' dir='ltr'>esu-</span> 
     </span>
     <span class='ocr_line' id='line_1_40' title="bbox 619 3634 2160 3734; baseline 0.002 -27"><span class='ocrx_word' id='word_1_153' title='bbox 619 3634 739 3720; x_wconf 91' lang='lat' dir='ltr'>rit,</span> <span class='ocrx_word' id='word_1_154' title='bbox 788 3659 929 3710; x_wconf 88' lang='lat' dir='ltr'>nec</span> <span class='ocrx_word' id='word_1_155' title='bbox 979 3637 1263 3734; x_wconf 86' lang='lat' dir='ltr'>patitur</span> <span class='ocrx_word' id='word_1_156' title='bbox 1302 3636 1916 3733; x_wconf 83' lang='lat' dir='ltr'>persecutionem</span> <span class='ocrx_word' id='word_1_157' title='bbox 1956 3662 1971 3725; x_wconf 93' lang='lat'>;</span> <span class='ocrx_word' id='word_1_158' title='bbox 2010 3637 2160 3734; x_wconf 84' lang='lat' dir='ltr'>igi-</span> 
     </span>
     <span class='ocr_line' id='line_1_41' title="bbox 617 3761 946 3843; baseline -0.003 -17"><span class='ocrx_word' id='word_1_159' title='bbox 617 3761 766 3843; x_wconf 85' lang='lat' dir='ltr'>tur,</span> <span class='ocrx_word' id='word_1_160' title='bbox 805 3762 946 3827; x_wconf 93' lang='lat' dir='ltr'>etc.</span> 
     </span>
    </p>

    <p class='ocr_par' dir='ltr' id='par_1_10' title="bbox 609 3871 2158 5020">
     <span class='ocr_line' id='line_1_42' title="bbox 717 3871 2156 3958; baseline 0.002 -14"><span class='ocrx_word' id='word_1_161' title='bbox 717 3871 932 3958; x_wconf 89' lang='lat' dir='ltr'>Item,</span> <span class='ocrx_word' id='word_1_162' title='bbox 1035 3871 1236 3945; x_wconf 91' lang='lat' dir='ltr'>circa</span> <span class='ocrx_word' id='word_1_163' title='bbox 1323 3880 1434 3945; x_wconf 88' lang='lat' dir='ltr'>tot</span> <span class='ocrx_word' id='word_1_164' title='bbox 1508 3871 1870 3945; x_wconf 83' lang='lat' dir='ltr'>convenit</span> <span class='ocrx_word' id='word_1_165' title='bbox 1954 3881 2156 3947; x_wconf 89' lang='lat' dir='ltr'>recte</span> 
     </span>
     <span class='ocr_line' id='line_1_43' title="bbox 618 3991 2158 4090; baseline 0.001 -24"><span class='ocrx_word' id='word_1_166' title='bbox 618 4014 846 4087; x_wconf 82' lang='lat' dir='ltr'>agere</span> <span class='ocrx_word' id='word_1_167' title='bbox 896 3991 1118 4066; x_wconf 89' lang='lat' dir='ltr'>modo</span> <span class='ocrx_word' id='word_1_168' title='bbox 1170 3994 1748 4090; x_wconf 86' lang='lat' dir='ltr'>superhumano</span> <span class='ocrx_word' id='word_1_169' title='bbox 1790 4002 1864 4067; x_wconf 92' lang='lat' dir='ltr'>et</span> <span class='ocrx_word' id='word_1_170' title='bbox 1922 3993 2158 4067; x_wconf 89' lang='lat' dir='ltr'>inhu-</span> 
     </span>
     <span class='ocr_line' id='line_1_44' title="bbox 617 4108 2154 4206; baseline 0.003 -26"><span class='ocrx_word' id='word_1_171' title='bbox 617 4132 872 4196; x_wconf 84' lang='lat' dir='ltr'>manO,</span> <span class='ocrx_word' id='word_1_172' title='bbox 935 4108 1139 4183; x_wconf 91' lang='lat' dir='ltr'>circa</span> <span class='ocrx_word' id='word_1_173' title='bbox 1206 4109 1409 4206; x_wconf 91' lang='lat' dir='ltr'>quod</span> <span class='ocrx_word' id='word_1_174' title='bbox 1487 4109 1848 4183; x_wconf 87' lang='lat' dir='ltr'>convenit</span> <span class='ocrx_word' id='word_1_175' title='bbox 1931 4109 2154 4184; x_wconf 84' lang='lat' dir='ltr'>modo</span> 
     </span>
     <span class='ocr_line' id='line_1_45' title="bbox 613 4222 2155 4320; baseline -0.001 -24"><span class='ocrx_word' id='word_1_176' title='bbox 613 4225 954 4296; x_wconf 87' lang='lat' dir='ltr'>humano</span> <span class='ocrx_word' id='word_1_177' title='bbox 993 4251 1010 4315; x_wconf 85' lang='lat'><em>3</em></span> <span class='ocrx_word' id='word_1_178' title='bbox 1051 4222 1281 4318; x_wconf 79' lang='lat' dir='ltr'>igitur</span> <span class='ocrx_word' id='word_1_179' title='bbox 1327 4231 1514 4320; x_wconf 93' lang='lat' dir='ltr'>quot</span> <span class='ocrx_word' id='word_1_180' title='bbox 1544 4233 1723 4296; x_wconf 92' lang='lat' dir='ltr'>sunt</span> <span class='ocrx_word' id='word_1_181' title='bbox 1774 4223 2000 4314; x_wconf 87' lang='lat' dir='ltr'>dona,</span> <span class='ocrx_word' id='word_1_182' title='bbox 2046 4231 2155 4295; x_wconf 91' lang='lat' dir='ltr'>tot</span> 
     </span>
     <span class='ocr_line' id='line_1_46' title="bbox 611 4339 2152 4437; baseline -0.001 -23"><span class='ocrx_word' id='word_1_183' title='bbox 611 4341 962 4427; x_wconf 79' lang='lat' dir='ltr'>virtuteS,</span> <span class='ocrx_word' id='word_1_184' title='bbox 1026 4350 1096 4414; x_wconf 88' lang='lat' dir='ltr'>et</span> <span class='ocrx_word' id='word_1_185' title='bbox 1131 4340 1449 4437; x_wconf 77' lang='lat' dir='ltr'>praecise</span> <span class='ocrx_word' id='word_1_186' title='bbox 1510 4340 1602 4413; x_wconf 84' lang='lat' dir='ltr'>ad</span> <span class='ocrx_word' id='word_1_187' title='bbox 1645 4339 1873 4425; x_wconf 84' lang='lat' dir='ltr'>idern,</span> <span class='ocrx_word' id='word_1_188' title='bbox 1948 4349 2019 4414; x_wconf 86' lang='lat' dir='ltr'>et</span> <span class='ocrx_word' id='word_1_189' title='bbox 2059 4340 2152 4413; x_wconf 84' lang='lat' dir='ltr'>ad</span> 
     </span>
     <span class='ocr_line' id='line_1_47' title="bbox 612 4456 2155 4556; baseline -0.001 -26"><span class='ocrx_word' id='word_1_190' title='bbox 612 4461 815 4556; x_wconf 86' lang='lat' dir='ltr'>quod</span> <span class='ocrx_word' id='word_1_191' title='bbox 860 4468 973 4532; x_wconf 88' lang='lat' dir='ltr'>est</span> <span class='ocrx_word' id='word_1_192' title='bbox 1006 4458 1251 4531; x_wconf 79' lang='lat' dir='ltr'>virtus</span> <span class='ocrx_word' id='word_1_193' title='bbox 1308 4456 1591 4552; x_wconf 84' lang='lat' dir='ltr'>aliqua,</span> <span class='ocrx_word' id='word_1_194' title='bbox 1630 4457 1721 4529; x_wconf 88' lang='lat' dir='ltr'>ad</span> <span class='ocrx_word' id='word_1_195' title='bbox 1779 4456 1980 4531; x_wconf 89' lang='lat' dir='ltr'>idem</span> <span class='ocrx_word' id='word_1_196' title='bbox 2040 4465 2155 4530; x_wconf 88' lang='lat' dir='ltr'>est</span> 
     </span>
     <span class='ocr_line' id='line_1_48' title="bbox 611 4570 2149 4668; baseline -0.001 -22"><span class='ocrx_word' id='word_1_197' title='bbox 611 4574 900 4646; x_wconf 84' lang='lat' dir='ltr'>donum</span> <span class='ocrx_word' id='word_1_198' title='bbox 963 4573 1302 4668; x_wconf 81' lang='lat' dir='ltr'>aliquod,</span> <span class='ocrx_word' id='word_1_199' title='bbox 1389 4582 1461 4644; x_wconf 90' lang='lat' dir='ltr'>et</span> <span class='ocrx_word' id='word_1_200' title='bbox 1538 4570 1954 4656; x_wconf 80' lang='lat' dir='ltr'>beatitudo,</span> <span class='ocrx_word' id='word_1_201' title='bbox 2019 4572 2149 4644; x_wconf 85' lang='lat' dir='ltr'>sed</span> 
     </span>
     <span class='ocr_line' id='line_1_49' title="bbox 610 4689 2151 4781; baseline 0 -17"><span class='ocrx_word' id='word_1_202' title='bbox 610 4692 915 4764; x_wconf 80' lang='lat' dir='ltr'>diverso</span> <span class='ocrx_word' id='word_1_203' title='bbox 974 4689 1195 4762; x_wconf 86' lang='lat' dir='ltr'>modo</span> <span class='ocrx_word' id='word_1_204' title='bbox 1244 4718 1260 4781; x_wconf 82' lang='lat'><em>3</em></span> <span class='ocrx_word' id='word_1_205' title='bbox 1308 4691 1450 4763; x_wconf 89' lang='lat' dir='ltr'>hoc</span> <span class='ocrx_word' id='word_1_206' title='bbox 1492 4700 1747 4763; x_wconf 84' lang='lat' dir='ltr'>autem</span> <span class='ocrx_word' id='word_1_207' title='bbox 1822 4713 1970 4762; x_wconf 89' lang='lat' dir='ltr'>nou</span> <span class='ocrx_word' id='word_1_208' title='bbox 2039 4700 2151 4764; x_wconf 90' lang='lat' dir='ltr'>est</span> 
     </span>
     <span class='ocr_line' id='line_1_50' title="bbox 609 4806 2153 4902; baseline -0.001 -22"><span class='ocrx_word' id='word_1_209' title='bbox 609 4832 909 4894; x_wconf 83' lang='lat' dir='ltr'>verum,</span> <span class='ocrx_word' id='word_1_210' title='bbox 958 4806 1142 4902; x_wconf 90' lang='lat' dir='ltr'>quia</span> <span class='ocrx_word' id='word_1_211' title='bbox 1190 4808 1450 4902; x_wconf 86' lang='lat' dir='ltr'>plures</span> <span class='ocrx_word' id='word_1_212' title='bbox 1516 4815 1697 4878; x_wconf 90' lang='lat' dir='ltr'>sunt</span> <span class='ocrx_word' id='word_1_213' title='bbox 1755 4806 2153 4879; x_wconf 89' lang='lat' dir='ltr'>beatitudi-</span> 
     </span>
     <span class='ocr_line' id='line_1_51' title="bbox 614 4923 1411 5020; baseline -0.006 -23"><span class='ocrx_word' id='word_1_214' title='bbox 614 4949 753 4998; x_wconf 88' lang='lat' dir='ltr'>nes</span> <span class='ocrx_word' id='word_1_215' title='bbox 793 4947 1021 5020; x_wconf 90' lang='lat' dir='ltr'>quam</span> <span class='ocrx_word' id='word_1_216' title='bbox 1064 4923 1411 4997; x_wconf 69' lang='lat' dir='ltr'>virtutes</span> 
     </span>
    </p>

    <p class='ocr_par' dir='ltr' id='par_1_11' title="bbox 610 5039 2155 5258">
     <span class='ocr_line' id='line_1_52' title="bbox 709 5039 2155 5137; baseline -0.002 -23"><span class='ocrx_word' id='word_1_217' title='bbox 709 5042 925 5132; x_wconf 84' lang='lat' dir='ltr'>Item,</span> <span class='ocrx_word' id='word_1_218' title='bbox 972 5049 1154 5114; x_wconf 88' lang='lat' dir='ltr'>sunt</span> <span class='ocrx_word' id='word_1_219' title='bbox 1185 5041 1419 5113; x_wconf 80' lang='lat' dir='ltr'>verba</span> <span class='ocrx_word' id='word_1_220' title='bbox 1461 5040 1984 5137; x_wconf 86' lang='lat' dir='ltr'>metaphorica</span> <span class='ocrx_word' id='word_1_221' title='bbox 2023 5039 2155 5112; x_wconf 88' lang='lat' dir='ltr'>ali-</span> 
     </span>
     <span class='ocr_line' id='line_1_53' title="bbox 610 5157 2154 5258; baseline -0.002 -26"><span class='ocrx_word' id='word_1_222' title='bbox 610 5182 763 5258; x_wconf 92' lang='lat' dir='ltr'>qua</span> <span class='ocrx_word' id='word_1_223' title='bbox 799 5180 1024 5254; x_wconf 72' lang='lat' dir='ltr'>agere</span> <span class='ocrx_word' id='word_1_224' title='bbox 1070 5157 1294 5229; x_wconf 87' lang='lat' dir='ltr'>modo</span> <span class='ocrx_word' id='word_1_225' title='bbox 1344 5158 1921 5253; x_wconf 81' lang='lat' dir='ltr'>superhumano</span> <span class='ocrx_word' id='word_1_226' title='bbox 1959 5184 1975 5247; x_wconf 82' lang='lat'><em>3</em></span> <span class='ocrx_word' id='word_1_227' title='bbox 2022 5180 2154 5229; x_wconf 91' lang='lat' dir='ltr'>ac—</span> 
     </span>
    </p>
   </div>
   <div class='ocr_carea' id='block_1_6' title="bbox 1963 414 2370 497">
    <p class='ocr_par' dir='ltr' id='par_1_12' title="bbox 1963 414 2370 497">
     <span class='ocr_line' id='line_1_54' title="bbox 1963 414 2370 497; baseline -0.002 0"><span class='ocrx_word' id='word_1_228' title='bbox 1963 414 2200 497; x_wconf 78' lang='lat' dir='ltr'>Llssm</span> <span class='ocrx_word' id='word_1_229' title='bbox 2250 429 2370 497; x_wconf 91' lang='lat'><em>111.</em></span> 
     </span>
    </p>
   </div>
   <div class='ocr_carea' id='block_1_7' title="bbox 2260 596 3829 5251">
    <p class='ocr_par' dir='ltr' id='par_1_13' title="bbox 2265 596 3829 3386">
     <span class='ocr_line' id='line_1_55' title="bbox 2288 596 3828 697; baseline -0.002 -23"><span class='ocrx_word' id='word_1_230' title='bbox 2288 602 2548 678; x_wconf 81' lang='lat' dir='ltr'>veniat</span> <span class='ocrx_word' id='word_1_231' title='bbox 2579 627 2719 676; x_wconf 89' lang='lat' dir='ltr'>suo</span> <span class='ocrx_word' id='word_1_232' title='bbox 2752 599 3037 696; x_wconf 76' lang='lat' dir='ltr'>agenti,</span> <span class='ocrx_word' id='word_1_233' title='bbox 3067 599 3249 697; x_wconf 91' lang='lat' dir='ltr'>quia</span> <span class='ocrx_word' id='word_1_234' title='bbox 3276 596 3600 696; x_wconf 88' lang='lat' dir='ltr'>quilibet</span> <span class='ocrx_word' id='word_1_235' title='bbox 3630 606 3828 671; x_wconf 88' lang='lat' dir='ltr'>recte</span> 
     </span>
     <span class='ocr_line' id='line_1_56' title="bbox 2289 712 3828 816; baseline -0.005 -22"><span class='ocrx_word' id='word_1_236' title='bbox 2289 744 2527 816; x_wconf 84' lang='lat' dir='ltr'>agens</span> <span class='ocrx_word' id='word_1_237' title='bbox 2558 718 2715 815; x_wconf 82' lang='lat' dir='ltr'>agit</span> <span class='ocrx_word' id='word_1_238' title='bbox 2768 717 2993 791; x_wconf 90' lang='lat' dir='ltr'>modo</span> <span class='ocrx_word' id='word_1_239' title='bbox 3054 741 3208 814; x_wconf 88' lang='lat' dir='ltr'>quo</span> <span class='ocrx_word' id='word_1_240' title='bbox 3258 713 3652 790; x_wconf 79' lang='lat' dir='ltr'>convenit&#39;</span> <span class='ocrx_word' id='word_1_241' title='bbox 3684 712 3828 788; x_wconf 89' lang='lat' dir='ltr'>sibi</span> 
     </span>
     <span class='ocr_line' id='line_1_57' title="bbox 2290 831 3825 934; baseline -0.002 -25"><span class='ocrx_word' id='word_1_242' title='bbox 2290 847 2489 911; x_wconf 79' lang='lat' dir='ltr'>recte</span> <span class='ocrx_word' id='word_1_243' title='bbox 2533 859 2786 934; x_wconf 83' lang='lat' dir='ltr'>agere.</span> <span class='ocrx_word' id='word_1_244' title='bbox 2827 838 2914 910; x_wconf 89' lang='lat' dir='ltr'>Et</span> <span class='ocrx_word' id='word_1_245' title='bbox 2952 839 3093 909; x_wconf 84' lang='lat' dir='ltr'>hoc</span> <span class='ocrx_word' id='word_1_246' title='bbox 3126 845 3239 909; x_wconf 87' lang='lat' dir='ltr'>est</span> <span class='ocrx_word' id='word_1_247' title='bbox 3270 831 3565 908; x_wconf 88' lang='lat' dir='ltr'>homini</span> <span class='ocrx_word' id='word_1_248' title='bbox 3601 856 3825 929; x_wconf 79' lang='lat' dir='ltr'>agere</span> 
     </span>
     <span class='ocr_line' id='line_1_58' title="bbox 2290 950 3821 1046; baseline -0.002 -20"><span class='ocrx_word' id='word_1_249' title='bbox 2290 954 2513 1028; x_wconf 89' lang='lat' dir='ltr'>modo</span> <span class='ocrx_word' id='word_1_250' title='bbox 2585 955 2952 1041; x_wconf 85' lang='lat' dir='ltr'>humane,</span> <span class='ocrx_word' id='word_1_251' title='bbox 3028 953 3101 1026; x_wconf 92' lang='lat' dir='ltr'>id</span> <span class='ocrx_word' id='word_1_252' title='bbox 3160 962 3300 1044; x_wconf 89' lang='lat' dir='ltr'>est,</span> <span class='ocrx_word' id='word_1_253' title='bbox 3376 950 3600 1024; x_wconf 88' lang='lat' dir='ltr'>modo</span> <span class='ocrx_word' id='word_1_254' title='bbox 3669 972 3821 1046; x_wconf 91' lang='lat' dir='ltr'>quo</span> 
     </span>
     <span class='ocr_line' id='line_1_59' title="bbox 2286 1066 3821 1165; baseline -0.004 -20"><span class='ocrx_word' id='word_1_255' title='bbox 2286 1071 2647 1145; x_wconf 91' lang='lat' dir='ltr'>convenit</span> <span class='ocrx_word' id='word_1_256' title='bbox 2693 1070 3081 1145; x_wconf 83' lang='lat' dir='ltr'>hominem</span> <span class='ocrx_word' id='word_1_257' title='bbox 3118 1074 3380 1165; x_wconf 82' lang='lat' dir='ltr'>agere,</span> <span class='ocrx_word' id='word_1_258' title='bbox 3419 1066 3641 1141; x_wconf 90' lang='lat' dir='ltr'>aliter</span> <span class='ocrx_word' id='word_1_259' title='bbox 3674 1090 3821 1139; x_wconf 86' lang='lat' dir='ltr'>non</span> 
     </span>
     <span class='ocr_line' id='line_1_60' title="bbox 2286 1182 3829 1282; baseline -0.003 -23"><span class='ocrx_word' id='word_1_260' title='bbox 2286 1197 2487 1261; x_wconf 91' lang='lat' dir='ltr'>recte</span> <span class='ocrx_word' id='word_1_261' title='bbox 2575 1187 2855 1261; x_wconf 86' lang='lat' dir='ltr'>dicitur</span> <span class='ocrx_word' id='word_1_262' title='bbox 2938 1209 3191 1282; x_wconf 81' lang='lat' dir='ltr'>agere,</span> <span class='ocrx_word' id='word_1_263' title='bbox 3285 1184 3347 1259; x_wconf 92' lang='lat' dir='ltr'>si</span> <span class='ocrx_word' id='word_1_264' title='bbox 3423 1206 3575 1256; x_wconf 89' lang='lat' dir='ltr'>non</span> <span class='ocrx_word' id='word_1_265' title='bbox 3672 1182 3829 1275; x_wconf 78' lang='lat' dir='ltr'>agit</span> 
     </span>
     <span class='ocr_line' id='line_1_61' title="bbox 2289 1301 3820 1400; baseline -0.003 -24"><span class='ocrx_word' id='word_1_266' title='bbox 2289 1304 2513 1377; x_wconf 91' lang='lat' dir='ltr'>modo</span> <span class='ocrx_word' id='word_1_267' title='bbox 2547 1326 2699 1400; x_wconf 90' lang='lat' dir='ltr'>quo</span> <span class='ocrx_word' id='word_1_268' title='bbox 2755 1303 3115 1379; x_wconf 85' lang='lat' dir='ltr'>convenit</span> <span class='ocrx_word' id='word_1_269' title='bbox 3182 1301 3475 1375; x_wconf 87' lang='lat' dir='ltr'>homini</span> <span class='ocrx_word' id='word_1_270' title='bbox 3538 1323 3820 1396; x_wconf 81' lang='lat' dir='ltr'>agere3</span> 
     </span>
     <span class='ocr_line' id='line_1_62' title="bbox 2285 1417 3828 1515; baseline -0.002 -23"><span class='ocrx_word' id='word_1_271' title='bbox 2285 1421 2518 1515; x_wconf 78' lang='lat' dir='ltr'>igitur</span> <span class='ocrx_word' id='word_1_272' title='bbox 2557 1422 2808 1495; x_wconf 86' lang='lat' dir='ltr'>omnis</span> <span class='ocrx_word' id='word_1_273' title='bbox 2852 1424 3079 1495; x_wconf 88' lang='lat' dir='ltr'>homo</span> <span class='ocrx_word' id='word_1_274' title='bbox 3118 1430 3314 1494; x_wconf 90' lang='lat' dir='ltr'>recte</span> <span class='ocrx_word' id='word_1_275' title='bbox 3384 1442 3622 1514; x_wconf 81' lang='lat' dir='ltr'>agens</span> <span class='ocrx_word' id='word_1_276' title='bbox 3672 1417 3828 1512; x_wconf 79' lang='lat' dir='ltr'>agit</span> 
     </span>
     <span class='ocr_line' id='line_1_63' title="bbox 2283 1536 3823 1636; baseline -0.003 -23"><span class='ocrx_word' id='word_1_277' title='bbox 2283 1538 2581 1614; x_wconf 88' lang='lat' dir='ltr'>actione</span> <span class='ocrx_word' id='word_1_278' title='bbox 2710 1563 2864 1636; x_wconf 91' lang='lat' dir='ltr'>qua</span> <span class='ocrx_word' id='word_1_279' title='bbox 2973 1540 3336 1613; x_wconf 87' lang='lat' dir='ltr'>convenit</span> <span class='ocrx_word' id='word_1_280' title='bbox 3432 1536 3823 1610; x_wconf 85' lang='lat' dir='ltr'>hominem</span> 
     </span>
     <span class='ocr_line' id='line_1_64' title="bbox 2283 1653 3816 1750; baseline -0.002 -23"><span class='ocrx_word' id='word_1_281' title='bbox 2283 1677 2509 1750; x_wconf 85' lang='lat' dir='ltr'>agere</span> <span class='ocrx_word' id='word_1_282' title='bbox 2570 1682 2586 1746; x_wconf 92' lang='lat'>;</span> <span class='ocrx_word' id='word_1_283' title='bbox 2673 1654 2904 1750; x_wconf 83' lang='lat' dir='ltr'>igitur</span> <span class='ocrx_word' id='word_1_284' title='bbox 2971 1653 3222 1727; x_wconf 84' lang='lat' dir='ltr'>omnis</span> <span class='ocrx_word' id='word_1_285' title='bbox 3306 1655 3536 1725; x_wconf 89' lang='lat' dir='ltr'>homo</span> <span class='ocrx_word' id='word_1_286' title='bbox 3617 1661 3816 1726; x_wconf 88' lang='lat' dir='ltr'>recte</span> 
     </span>
     <span class='ocr_line' id='line_1_65' title="bbox 2281 1769 3814 1866; baseline -0.002 -23"><span class='ocrx_word' id='word_1_287' title='bbox 2281 1792 2546 1865; x_wconf 82' lang='lat' dir='ltr'>agenS,</span> <span class='ocrx_word' id='word_1_288' title='bbox 2583 1771 2739 1866; x_wconf 78' lang='lat' dir='ltr'>agit</span> <span class='ocrx_word' id='word_1_289' title='bbox 2770 1771 3069 1845; x_wconf 80' lang='lat' dir='ltr'>actione</span> <span class='ocrx_word' id='word_1_290' title='bbox 3110 1769 3618 1843; x_wconf 79' lang='lat' dir='ltr'>conveniente</span> <span class='ocrx_word' id='word_1_291' title='bbox 3672 1769 3814 1840; x_wconf 90' lang='lat' dir='ltr'>ho-</span> 
     </span>
     <span class='ocr_line' id='line_1_66' title="bbox 2280 1886 3812 1984; baseline -0.001 -26"><span class='ocrx_word' id='word_1_292' title='bbox 2280 1886 2496 1973; x_wconf 90' lang='lat' dir='ltr'>mini,</span> <span class='ocrx_word' id='word_1_293' title='bbox 2561 1886 2736 1961; x_wconf 89' lang='lat' dir='ltr'>licet</span> <span class='ocrx_word' id='word_1_294' title='bbox 2807 1887 3088 1984; x_wconf 88' lang='lat' dir='ltr'>aliquis</span> <span class='ocrx_word' id='word_1_295' title='bbox 3148 1896 3322 1982; x_wconf 82' lang='lat' dir='ltr'>agat</span> <span class='ocrx_word' id='word_1_296' title='bbox 3385 1886 3812 1961; x_wconf 86' lang='lat' dir='ltr'>secundum</span> 
     </span>
     <span class='ocr_line' id='line_1_67' title="bbox 2279 2001 3815 2099; baseline -0.001 -24"><span class='ocrx_word' id='word_1_297' title='bbox 2279 2003 2894 2078; x_wconf 86' lang='lat' dir='ltr'>excellentiorem</span> <span class='ocrx_word' id='word_1_298' title='bbox 2942 2001 3247 2076; x_wconf 75' lang='lat' dir='ltr'>modurn</span> <span class='ocrx_word' id='word_1_299' title='bbox 3290 2030 3308 2095; x_wconf 89' lang='lat'>;</span> <span class='ocrx_word' id='word_1_300' title='bbox 3345 2002 3582 2099; x_wconf 84' lang='lat' dir='ltr'>igitur</span> <span class='ocrx_word' id='word_1_301' title='bbox 3639 2024 3815 2075; x_wconf 87' lang='lat' dir='ltr'>cum</span> 
     </span>
     <span class='ocr_line' id='line_1_68' title="bbox 2277 2117 3816 2216; baseline 0.001 -26"><span class='ocrx_word' id='word_1_302' title='bbox 2277 2128 2491 2190; x_wconf 88' lang='lat' dir='ltr'>actus</span> <span class='ocrx_word' id='word_1_303' title='bbox 2533 2117 3050 2214; x_wconf 85' lang='lat' dir='ltr'>sintejusdem</span> <span class='ocrx_word' id='word_1_304' title='bbox 3091 2117 3433 2211; x_wconf 82' lang='lat' dir='ltr'>rationis,</span> <span class='ocrx_word' id='word_1_305' title='bbox 3461 2117 3816 2216; x_wconf 82' lang='lat' dir='ltr'>quamvis</span> 
     </span>
     <span class='ocr_line' id='line_1_69' title="bbox 2279 2234 3817 2332; baseline 0.001 -27"><span class='ocrx_word' id='word_1_306' title='bbox 2279 2257 2481 2306; x_wconf 90' lang='lat' dir='ltr'>unus</span> <span class='ocrx_word' id='word_1_307' title='bbox 2604 2235 2832 2309; x_wconf 87' lang='lat' dir='ltr'>habet</span> <span class='ocrx_word' id='word_1_308' title='bbox 2922 2234 3450 2309; x_wconf 88' lang='lat' dir='ltr'>excellentiam</span> <span class='ocrx_word' id='word_1_309' title='bbox 3583 2258 3817 2332; x_wconf 90' lang='lat' dir='ltr'>super</span> 
     </span>
     <span class='ocr_line' id='line_1_70' title="bbox 2273 2349 3815 2447; baseline 0.002 -24"><span class='ocrx_word' id='word_1_310' title='bbox 2273 2349 2540 2443; x_wconf 88' lang='lat' dir='ltr'>alium,</span> <span class='ocrx_word' id='word_1_311' title='bbox 2595 2374 2821 2447; x_wconf 84' lang='lat' dir='ltr'>agere</span> <span class='ocrx_word' id='word_1_312' title='bbox 2880 2352 3103 2425; x_wconf 90' lang='lat' dir='ltr'>modo</span> <span class='ocrx_word' id='word_1_313' title='bbox 3165 2354 3505 2425; x_wconf 88' lang='lat' dir='ltr'>humano</span> <span class='ocrx_word' id='word_1_314' title='bbox 3567 2362 3643 2426; x_wconf 91' lang='lat' dir='ltr'>et</span> <span class='ocrx_word' id='word_1_315' title='bbox 3681 2377 3815 2427; x_wconf 85' lang='lat' dir='ltr'>su-</span> 
     </span>
     <span class='ocr_line' id='line_1_71' title="bbox 2273 2468 3816 2567; baseline 0.002 -29"><span class='ocrx_word' id='word_1_316' title='bbox 2273 2468 2781 2563; x_wconf 89' lang='lat' dir='ltr'>perhumano,</span> <span class='ocrx_word' id='word_1_317' title='bbox 2823 2492 2974 2541; x_wconf 91' lang='lat' dir='ltr'>non</span> <span class='ocrx_word' id='word_1_318' title='bbox 3020 2479 3132 2542; x_wconf 91' lang='lat' dir='ltr'>est</span> <span class='ocrx_word' id='word_1_319' title='bbox 3179 2468 3328 2542; x_wconf 87' lang='lat' dir='ltr'>nisi</span> <span class='ocrx_word' id='word_1_320' title='bbox 3366 2492 3594 2563; x_wconf 85' lang='lat' dir='ltr'>agere</span> <span class='ocrx_word' id='word_1_321' title='bbox 3637 2492 3816 2567; x_wconf 90' lang='lat' dir='ltr'>per-</span> 
     </span>
     <span class='ocr_line' id='line_1_72' title="bbox 2274 2584 3810 2682; baseline 0.002 -26"><span class='ocrx_word' id='word_1_322' title='bbox 2274 2584 2460 2657; x_wconf 84' lang='lat' dir='ltr'>fecte</span> <span class='ocrx_word' id='word_1_323' title='bbox 2485 2593 2558 2658; x_wconf 91' lang='lat' dir='ltr'>et</span> <span class='ocrx_word' id='word_1_324' title='bbox 2598 2584 3036 2682; x_wconf 76' lang='lat' dir='ltr'>imperfecte</span> <span class='ocrx_word' id='word_1_325' title='bbox 3073 2613 3092 2678; x_wconf 87' lang='lat'>3</span> <span class='ocrx_word' id='word_1_326' title='bbox 3140 2585 3374 2682; x_wconf 80' lang='lat' dir='ltr'>igitur</span> <span class='ocrx_word' id='word_1_327' title='bbox 3423 2586 3487 2659; x_wconf 88' lang='lat' dir='ltr'>si</span> <span class='ocrx_word' id='word_1_328' title='bbox 3522 2586 3810 2660; x_wconf 88' lang='lat' dir='ltr'>donum</span> 
     </span>
     <span class='ocr_line' id='line_1_73' title="bbox 2271 2700 3809 2798; baseline 0.003 -25"><span class='ocrx_word' id='word_1_329' title='bbox 2271 2700 2601 2798; x_wconf 86' lang='lat' dir='ltr'>Spiritus</span> <span class='ocrx_word' id='word_1_330' title='bbox 2668 2702 2907 2776; x_wconf 88' lang='lat' dir='ltr'>sancti</span> <span class='ocrx_word' id='word_1_331' title='bbox 2979 2703 3229 2796; x_wconf 88' lang='lat' dir='ltr'>datur,</span> <span class='ocrx_word' id='word_1_332' title='bbox 3311 2703 3598 2778; x_wconf 90' lang='lat' dir='ltr'>scilicet</span> <span class='ocrx_word' id='word_1_333' title='bbox 3674 2704 3809 2777; x_wconf 92' lang='lat' dir='ltr'>do-</span> 
     </span>
     <span class='ocr_line' id='line_1_74' title="bbox 2268 2811 3812 2911; baseline 0.003 -21"><span class='ocrx_word' id='word_1_334' title='bbox 2268 2841 2457 2891; x_wconf 90' lang='lat' dir='ltr'>num</span> <span class='ocrx_word' id='word_1_335' title='bbox 2502 2811 2995 2911; x_wconf 82' lang='lat' dir='ltr'>fortitudiniS,</span> <span class='ocrx_word' id='word_1_336' title='bbox 3043 2821 3162 2893; x_wconf 82' lang='lat' dir='ltr'>vel</span> <span class='ocrx_word' id='word_1_337' title='bbox 3211 2829 3631 2895; x_wconf 87' lang='lat' dir='ltr'>evacuatur</span> <span class='ocrx_word' id='word_1_338' title='bbox 3672 2823 3812 2895; x_wconf 86' lang='lat' dir='ltr'>for-</span> 
     </span>
     <span class='ocr_line' id='line_1_75' title="bbox 2268 2933 3811 3033; baseline 0.003 -27"><span class='ocrx_word' id='word_1_339' title='bbox 2268 2933 2541 3028; x_wconf 89' lang='lat' dir='ltr'>titudo,</span> <span class='ocrx_word' id='word_1_340' title='bbox 2601 2958 2830 3032; x_wconf 88' lang='lat' dir='ltr'>quam</span> <span class='ocrx_word' id='word_1_341' title='bbox 2899 2935 3111 3033; x_wconf 89' lang='lat' dir='ltr'>prius</span> <span class='ocrx_word' id='word_1_342' title='bbox 3164 2936 3455 3025; x_wconf 89' lang='lat' dir='ltr'>habuit,</span> <span class='ocrx_word' id='word_1_343' title='bbox 3521 2937 3811 3013; x_wconf 89' lang='lat' dir='ltr'>scilicet</span> 
     </span>
     <span class='ocr_line' id='line_1_76' title="bbox 2267 3052 3801 3152; baseline 0.002 -26"><span class='ocrx_word' id='word_1_344' title='bbox 2267 3052 2522 3127; x_wconf 88' lang='lat' dir='ltr'>infusa</span> <span class='ocrx_word' id='word_1_345' title='bbox 2588 3052 2663 3125; x_wconf 90' lang='lat' dir='ltr'>in</span> <span class='ocrx_word' id='word_1_346' title='bbox 2723 3053 3149 3151; x_wconf 88' lang='lat' dir='ltr'>Baptismo,</span> <span class='ocrx_word' id='word_1_347' title='bbox 3214 3054 3330 3127; x_wconf 89' lang='lat' dir='ltr'>vel</span> <span class='ocrx_word' id='word_1_348' title='bbox 3402 3054 3801 3152; x_wconf 91' lang='lat' dir='ltr'>acquisita,</span> 
     </span>
     <span class='ocr_line' id='line_1_77' title="bbox 2265 3171 3810 3268; baseline 0.001 -23"><span class='ocrx_word' id='word_1_349' title='bbox 2265 3172 2386 3246; x_wconf 83' lang='lat' dir='ltr'>vel</span> <span class='ocrx_word' id='word_1_350' title='bbox 2447 3180 2822 3268; x_wconf 89' lang='lat' dir='ltr'>quantum</span> <span class='ocrx_word' id='word_1_351' title='bbox 2879 3171 2972 3246; x_wconf 90' lang='lat' dir='ltr'>ad</span> <span class='ocrx_word' id='word_1_352' title='bbox 3032 3182 3246 3246; x_wconf 91' lang='lat' dir='ltr'>actus</span> <span class='ocrx_word' id='word_1_353' title='bbox 3310 3196 3492 3247; x_wconf 88' lang='lat' dir='ltr'>suos</span> <span class='ocrx_word' id='word_1_354' title='bbox 3557 3174 3810 3249; x_wconf 91' lang='lat' dir='ltr'>evadit</span> 
     </span>
     <span class='ocr_line' id='line_1_78' title="bbox 2267 3286 2805 3386; baseline -0.002 -25"><span class='ocrx_word' id='word_1_355' title='bbox 2267 3286 2805 3386; x_wconf 86' lang='lat' dir='ltr'>imperfectior.</span> 
     </span>
    </p>

    <p class='ocr_par' dir='ltr' id='par_1_14' title="bbox 2262 3404 3812 4784">
     <span class='ocr_line' id='line_1_79' title="bbox 2363 3404 3803 3506; baseline 0.003 -29"><span class='ocrx_word' id='word_1_356' title='bbox 2363 3404 2578 3499; x_wconf 89' lang='lat' dir='ltr'>Item,</span> <span class='ocrx_word' id='word_1_357' title='bbox 2632 3405 2695 3479; x_wconf 88' lang='lat' dir='ltr'>si</span> <span class='ocrx_word' id='word_1_358' title='bbox 2744 3405 2974 3479; x_wconf 83' lang='lat' dir='ltr'>horno</span> <span class='ocrx_word' id='word_1_359' title='bbox 3020 3404 3408 3503; x_wconf 87' lang='lat' dir='ltr'>jejunaret</span> <span class='ocrx_word' id='word_1_360' title='bbox 3473 3431 3803 3506; x_wconf 89' lang='lat' dir='ltr'>semper,</span> 
     </span>
     <span class='ocr_line' id='line_1_80' title="bbox 2264 3520 3800 3620; baseline 0.003 -25"><span class='ocrx_word' id='word_1_361' title='bbox 2264 3528 2338 3595; x_wconf 88' lang='lat' dir='ltr'>et</span> <span class='ocrx_word' id='word_1_362' title='bbox 2404 3520 2714 3596; x_wconf 82' lang='lat' dir='ltr'>daretur</span> <span class='ocrx_word' id='word_1_363' title='bbox 2753 3521 2897 3596; x_wconf 91' lang='lat' dir='ltr'>sibi</span> <span class='ocrx_word' id='word_1_364' title='bbox 2957 3522 3244 3595; x_wconf 88' lang='lat' dir='ltr'>donum</span> <span class='ocrx_word' id='word_1_365' title='bbox 3310 3523 3800 3620; x_wconf 87' lang='lat' dir='ltr'>fortitudinis,</span> 
     </span>
     <span class='ocr_line' id='line_1_81' title="bbox 2265 3638 3803 3735; baseline 0.003 -23"><span class='ocrx_word' id='word_1_366' title='bbox 2265 3648 2336 3712; x_wconf 90' lang='lat' dir='ltr'>et</span> <span class='ocrx_word' id='word_1_367' title='bbox 2378 3662 2534 3713; x_wconf 87' lang='lat' dir='ltr'>non</span> <span class='ocrx_word' id='word_1_368' title='bbox 2582 3638 3030 3713; x_wconf 88' lang='lat' dir='ltr'>exercitaret</span> <span class='ocrx_word' id='word_1_369' title='bbox 3061 3662 3141 3714; x_wconf 91' lang='lat' dir='ltr'>se</span> <span class='ocrx_word' id='word_1_370' title='bbox 3184 3639 3261 3712; x_wconf 90' lang='lat' dir='ltr'>in</span> <span class='ocrx_word' id='word_1_371' title='bbox 3305 3641 3613 3735; x_wconf 89' lang='lat' dir='ltr'>talibus,</span> <span class='ocrx_word' id='word_1_372' title='bbox 3650 3666 3803 3716; x_wconf 91' lang='lat' dir='ltr'>non</span> 
     </span>
     <span class='ocr_line' id='line_1_82' title="bbox 2264 3753 3806 3850; baseline 0.001 -22"><span class='ocrx_word' id='word_1_373' title='bbox 2264 3754 2527 3850; x_wconf 82' lang='lat' dir='ltr'>ageret</span> <span class='ocrx_word' id='word_1_374' title='bbox 2556 3753 2703 3827; x_wconf 88' lang='lat' dir='ltr'>nisi</span> <span class='ocrx_word' id='word_1_375' title='bbox 2732 3755 2954 3828; x_wconf 88' lang='lat' dir='ltr'>modo</span> <span class='ocrx_word' id='word_1_376' title='bbox 2989 3757 3356 3850; x_wconf 88' lang='lat' dir='ltr'>human0,</span> <span class='ocrx_word' id='word_1_377' title='bbox 3397 3756 3547 3831; x_wconf 92' lang='lat' dir='ltr'>imo</span> <span class='ocrx_word' id='word_1_378' title='bbox 3582 3758 3806 3833; x_wconf 87' lang='lat' dir='ltr'>citius</span> 
     </span>
     <span class='ocr_line' id='line_1_83' title="bbox 2262 3870 3804 3973; baseline 0.005 -30"><span class='ocrx_word' id='word_1_379' title='bbox 2262 3878 2702 3960; x_wconf 87' lang='lat' dir='ltr'>terreretur,</span> <span class='ocrx_word' id='word_1_380' title='bbox 2795 3870 2968 3944; x_wconf 90' lang='lat' dir='ltr'>licet</span> <span class='ocrx_word' id='word_1_381' title='bbox 3043 3872 3491 3947; x_wconf 86' lang='lat' dir='ltr'>charitatem</span> <span class='ocrx_word' id='word_1_382' title='bbox 3563 3875 3804 3973; x_wconf 88' lang='lat' dir='ltr'>majo-</span> 
     </span>
     <span class='ocr_line' id='line_1_84' title="bbox 2266 3987 3799 4085; baseline 0.005 -26"><span class='ocrx_word' id='word_1_383' title='bbox 2266 4010 2425 4061; x_wconf 89' lang='lat' dir='ltr'>rem</span> <span class='ocrx_word' id='word_1_384' title='bbox 2521 3987 2865 4079; x_wconf 90' lang='lat' dir='ltr'>haberet,</span> <span class='ocrx_word' id='word_1_385' title='bbox 2965 4011 3191 4085; x_wconf 87' lang='lat' dir='ltr'>quam</span> <span class='ocrx_word' id='word_1_386' title='bbox 3314 3990 3799 4067; x_wconf 77' lang='lat' dir='ltr'>exercitatus,</span> 
     </span>
     <span class='ocr_line' id='line_1_85' title="bbox 2264 4101 3808 4184; baseline 0.004 -6"><span class='ocrx_word' id='word_1_387' title='bbox 2264 4101 2485 4178; x_wconf 91' lang='lat' dir='ltr'>Unde</span> <span class='ocrx_word' id='word_1_388' title='bbox 2563 4103 2624 4176; x_wconf 88' lang='lat' dir='ltr'>si</span> <span class='ocrx_word' id='word_1_389' title='bbox 2703 4103 2990 4177; x_wconf 89' lang='lat' dir='ltr'>donum</span> <span class='ocrx_word' id='word_1_390' title='bbox 3072 4104 3537 4181; x_wconf 88' lang='lat' dir='ltr'>fortitudinis</span> <span class='ocrx_word' id='word_1_391' title='bbox 3608 4120 3808 4184; x_wconf 88' lang='lat' dir='ltr'>esset</span> 
     </span>
     <span class='ocr_line' id='line_1_86' title="bbox 2264 4220 3808 4313; baseline 0.005 -20"><span class='ocrx_word' id='word_1_392' title='bbox 2264 4220 2707 4295; x_wconf 85' lang='lat' dir='ltr'>distinctum</span> <span class='ocrx_word' id='word_1_393' title='bbox 2736 4245 2779 4295; x_wconf 90' lang='lat' dir='ltr'>a</span> <span class='ocrx_word' id='word_1_394' title='bbox 2813 4221 3251 4297; x_wconf 89' lang='lat' dir='ltr'>fortitudine</span> <span class='ocrx_word' id='word_1_395' title='bbox 3280 4223 3587 4313; x_wconf 91' lang='lat' dir='ltr'>virtute,</span> <span class='ocrx_word' id='word_1_396' title='bbox 3625 4235 3808 4301; x_wconf 90' lang='lat' dir='ltr'>tunc</span> 
     </span>
     <span class='ocr_line' id='line_1_87' title="bbox 2264 4336 3811 4434; baseline 0.005 -26"><span class='ocrx_word' id='word_1_397' title='bbox 2264 4336 2327 4409; x_wconf 91' lang='lat' dir='ltr'>si</span> <span class='ocrx_word' id='word_1_398' title='bbox 2368 4337 2576 4410; x_wconf 89' lang='lat' dir='ltr'>Deus</span> <span class='ocrx_word' id='word_1_399' title='bbox 2619 4338 2835 4412; x_wconf 90' lang='lat' dir='ltr'>daret</span> <span class='ocrx_word' id='word_1_400' title='bbox 2865 4338 3054 4412; x_wconf 90' lang='lat' dir='ltr'>illud</span> <span class='ocrx_word' id='word_1_401' title='bbox 3091 4338 3410 4434; x_wconf 90' lang='lat' dir='ltr'>donum,</span> <span class='ocrx_word' id='word_1_402' title='bbox 3456 4341 3621 4417; x_wconf 89' lang='lat' dir='ltr'>sine</span> <span class='ocrx_word' id='word_1_403' title='bbox 3661 4343 3811 4416; x_wconf 89' lang='lat' dir='ltr'>vir-</span> 
     </span>
     <span class='ocr_line' id='line_1_88' title="bbox 2263 4454 3812 4552; baseline 0.005 -26"><span class='ocrx_word' id='word_1_404' title='bbox 2263 4462 2422 4527; x_wconf 90' lang='lat' dir='ltr'>tute</span> <span class='ocrx_word' id='word_1_405' title='bbox 2460 4454 2928 4528; x_wconf 84' lang='lat' dir='ltr'>fortitudinis</span> <span class='ocrx_word' id='word_1_406' title='bbox 2969 4457 3519 4552; x_wconf 82' lang='lat' dir='ltr'>aggrederetur</span> <span class='ocrx_word' id='word_1_407' title='bbox 3586 4461 3812 4535; x_wconf 91' lang='lat' dir='ltr'>terri-</span> 
     </span>
     <span class='ocr_line' id='line_1_89' title="bbox 2263 4569 3810 4665; baseline 0.006 -23"><span class='ocrx_word' id='word_1_408' title='bbox 2263 4569 2446 4643; x_wconf 89' lang='lat' dir='ltr'>bilia</span> <span class='ocrx_word' id='word_1_409' title='bbox 2502 4571 2723 4643; x_wconf 85' lang='lat' dir='ltr'>modo</span> <span class='ocrx_word' id='word_1_410' title='bbox 2791 4571 3243 4665; x_wconf 87' lang='lat' dir='ltr'>inhumane,</span> <span class='ocrx_word' id='word_1_411' title='bbox 3282 4583 3355 4648; x_wconf 90' lang='lat' dir='ltr'>et</span> <span class='ocrx_word' id='word_1_412' title='bbox 3414 4575 3810 4651; x_wconf 89' lang='lat' dir='ltr'>nihilomi-</span> 
     </span>
     <span class='ocr_line' id='line_1_90' title="bbox 2263 4687 3307 4784; baseline 0.003 -26"><span class='ocrx_word' id='word_1_413' title='bbox 2263 4709 2411 4759; x_wconf 90' lang='lat' dir='ltr'>nus</span> <span class='ocrx_word' id='word_1_414' title='bbox 2456 4687 2892 4784; x_wconf 84' lang='lat' dir='ltr'>oppositum</span> <span class='ocrx_word' id='word_1_415' title='bbox 2930 4688 3307 4763; x_wconf 66' lang='lat' dir='ltr'>videmus</span> 
     </span>
    </p>

    <p class='ocr_par' dir='ltr' id='par_1_15' title="bbox 2260 4804 3804 5251">
     <span class='ocr_line' id='line_1_91' title="bbox 2360 4804 3804 4908; baseline 0.006 -33"><span class='ocrx_word' id='word_1_416' title='bbox 2360 4804 2654 4877; x_wconf 87' lang='lat' dir='ltr'>Dicitur</span> <span class='ocrx_word' id='word_1_417' title='bbox 2696 4805 2898 4902; x_wconf 87' lang='lat' dir='ltr'>quod</span> <span class='ocrx_word' id='word_1_418' title='bbox 2942 4805 3162 4880; x_wconf 88' lang='lat' dir='ltr'>aliter</span> <span class='ocrx_word' id='word_1_419' title='bbox 3211 4817 3459 4905; x_wconf 85' lang='lat' dir='ltr'>potest</span> <span class='ocrx_word' id='word_1_420' title='bbox 3498 4810 3804 4908; x_wconf 86' lang='lat' dir='ltr'>triplici-</span> 
     </span>
     <span class='ocr_line' id='line_1_92' title="bbox 2267 4920 3802 5022; baseline 0.006 -31"><span class='ocrx_word' id='word_1_421' title='bbox 2267 4928 2376 4992; x_wconf 90' lang='lat' dir='ltr'>ter</span> <span class='ocrx_word' id='word_1_422' title='bbox 2407 4920 2820 4994; x_wconf 77' lang='lat' dir='ltr'>convenire</span> <span class='ocrx_word' id='word_1_423' title='bbox 2870 4945 3096 5016; x_wconf 81' lang='lat' dir='ltr'>agere</span> <span class='ocrx_word' id='word_1_424' title='bbox 3134 4948 3150 5008; x_wconf 93' lang='lat'>;</span> <span class='ocrx_word' id='word_1_425' title='bbox 3209 4933 3408 4999; x_wconf 86' lang='lat' dir='ltr'>recte</span> <span class='ocrx_word' id='word_1_426' title='bbox 3469 4949 3605 5022; x_wconf 92' lang='lat' dir='ltr'>per</span> <span class='ocrx_word' id='word_1_427' title='bbox 3644 4928 3802 5000; x_wconf 80' lang='lat' dir='ltr'>vir-</span> 
     </span>
     <span class='ocr_line' id='line_1_93' title="bbox 2261 5039 3802 5141; baseline 0.006 -32"><span class='ocrx_word' id='word_1_428' title='bbox 2261 5046 2506 5122; x_wconf 83' lang='lat' dir='ltr'>tutes;</span> <span class='ocrx_word' id='word_1_429' title='bbox 2556 5039 2882 5134; x_wconf 85' lang='lat' dir='ltr'>perfecte</span> <span class='ocrx_word' id='word_1_430' title='bbox 2930 5062 3063 5135; x_wconf 88' lang='lat' dir='ltr'>per</span> <span class='ocrx_word' id='word_1_431' title='bbox 3129 5040 3332 5114; x_wconf 91' lang='lat' dir='ltr'>dona</span> <span class='ocrx_word' id='word_1_432' title='bbox 3373 5069 3391 5134; x_wconf 84' lang='lat'>3</span> <span class='ocrx_word' id='word_1_433' title='bbox 3455 5044 3802 5141; x_wconf 79' lang='lat' dir='ltr'>expedite</span> 
     </span>
     <span class='ocr_line' id='line_1_94' title="bbox 2260 5154 2977 5251; baseline 0.001 -25"><span class='ocrx_word' id='word_1_434' title='bbox 2260 5177 2397 5251; x_wconf 91' lang='lat' dir='ltr'>per</span> <span class='ocrx_word' id='word_1_435' title='bbox 2439 5154 2977 5229; x_wconf 72' lang='lat' dir='ltr'>beatitudines</span> 
     </span>
    </p>
   </div>
   <div class='ocr_carea' id='block_1_8' title="bbox 2259 5271 4157 5611">
    <p class='ocr_par' dir='ltr' id='par_1_16' title="bbox 2259 5271 4157 5611">
     <span class='ocr_line' id='line_1_95' title="bbox 2357 5271 4121 5373; baseline 0.007 -31"><span class='ocrx_word' id='word_1_436' title='bbox 2357 5271 2661 5363; x_wconf 84' lang='lat' dir='ltr'>Contra,</span> <span class='ocrx_word' id='word_1_437' title='bbox 2727 5271 2992 5345; x_wconf 88' lang='lat' dir='ltr'>eadem</span> <span class='ocrx_word' id='word_1_438' title='bbox 3037 5271 3342 5366; x_wconf 75' lang='lat' dir='ltr'>virtute,</span> <span class='ocrx_word' id='word_1_439' title='bbox 3380 5298 3533 5373; x_wconf 92' lang='lat' dir='ltr'>qua</span> <span class='ocrx_word' id='word_1_440' title='bbox 3599 5286 3797 5353; x_wconf 86' lang='lat' dir='ltr'>recte</span> <span class='ocrx_word' id='word_1_441' title='bbox 3860 5289 4023 5354; x_wconf 74' lang='lat' dir='ltr'>Opin-</span> <span class='ocrx_word' id='word_1_442' title='bbox 4067 5293 4121 5344; x_wconf 86' lang='lat' dir='ltr'>S-</span> 
     </span>
     <span class='ocr_line' id='line_1_96' title="bbox 2259 5353 4157 5485; baseline 0.005 -25"><span class='ocrx_word' id='word_1_443' title='bbox 2259 5409 2431 5481; x_wconf 80' lang='lat' dir='ltr'>age,</span> <span class='ocrx_word' id='word_1_444' title='bbox 2496 5410 2640 5482; x_wconf 85' lang='lat' dir='ltr'>ago</span> <span class='ocrx_word' id='word_1_445' title='bbox 2710 5388 3084 5485; x_wconf 87' lang='lat' dir='ltr'>expedite.</span> <span class='ocrx_word' id='word_1_446' title='bbox 3151 5390 3518 5466; x_wconf 84' lang='lat' dir='ltr'>Similiter</span> <span class='ocrx_word' id='word_1_447' title='bbox 3559 5393 3799 5468; x_wconf 87' lang='lat' dir='ltr'>virtus</span> <span class='ocrx_word' id='word_1_448' title='bbox 3830 5353 4157 5483; x_wconf 51' lang='grc' dir='ltr'>330·ῗίῗίῑῖ</span> 
     </span>
     <span class='ocr_line' id='line_1_97' title="bbox 2260 5480 4045 5611; baseline 0.004 -32"><span class='ocrx_word' id='word_1_449' title='bbox 2260 5513 2399 5595; x_wconf 90' lang='lat' dir='ltr'>est,</span> <span class='ocrx_word' id='word_1_450' title='bbox 2437 5527 2590 5600; x_wconf 91' lang='lat' dir='ltr'>qua</span> <span class='ocrx_word' id='word_1_451' title='bbox 2646 5502 3041 5602; x_wconf 84' lang='lat' dir='ltr'>perficitur</span> <span class='ocrx_word' id='word_1_452' title='bbox 3074 5507 3389 5596; x_wconf 84' lang='lat' dir='ltr'>habenS,</span> <span class='ocrx_word' id='word_1_453' title='bbox 3466 5522 3540 5584; x_wconf 92' lang='lat' dir='ltr'>et</span> <span class='ocrx_word' id='word_1_454' title='bbox 3602 5535 3798 5611; x_wconf 89' lang='lat' dir='ltr'>opus</span> <span class='ocrx_word' id='word_1_455' title='bbox 3936 5480 4045 5533; x_wconf 55' lang='grc' dir='ltr'>ΜΟ·</span> 
     </span>
    </p>
   </div>
   <div class='ocr_carea' id='block_1_9' title="bbox 2259 5621 2922 5717">
    <p class='ocr_par' dir='ltr' id='par_1_17' title="bbox 2259 5621 2922 5717">
     <span class='ocr_line' id='line_1_98' title="bbox 2259 5621 2922 5717; baseline -0.002 -21"><span class='ocrx_word' id='word_1_456' title='bbox 2259 5621 2429 5717; x_wconf 88' lang='lat' dir='ltr'>ejus</span> <span class='ocrx_word' id='word_1_457' title='bbox 2462 5621 2748 5700; x_wconf 87' lang='lat' dir='ltr'>bonum</span> <span class='ocrx_word' id='word_1_458' title='bbox 2783 5632 2922 5699; x_wconf 87' lang='lat' dir='ltr'>est.</span> 
     </span>
    </p>
   </div>
   <div class='ocr_carea' id='block_1_10' title="bbox 607 5272 2152 5719">
    <p class='ocr_par' dir='ltr' id='par_1_18' title="bbox 607 5272 2152 5719">
     <span class='ocr_line' id='line_1_99' title="bbox 609 5272 2151 5365; baseline -0.003 -17"><span class='ocrx_word' id='word_1_459' title='bbox 609 5275 712 5348; x_wconf 87' lang='lat' dir='ltr'>tio</span> <span class='ocrx_word' id='word_1_460' title='bbox 756 5274 960 5347; x_wconf 87' lang='lat' dir='ltr'>enim</span> <span class='ocrx_word' id='word_1_461' title='bbox 1005 5274 1227 5347; x_wconf 87' lang='lat' dir='ltr'>debet</span> <span class='ocrx_word' id='word_1_462' title='bbox 1258 5272 1671 5347; x_wconf 87' lang='lat' dir='ltr'>convenire</span> <span class='ocrx_word' id='word_1_463' title='bbox 1706 5272 2029 5365; x_wconf 81' lang='lat' dir='ltr'>objecto,</span> <span class='ocrx_word' id='word_1_464' title='bbox 2076 5280 2151 5344; x_wconf 92' lang='lat' dir='ltr'>et</span> 
     </span>
     <span class='ocr_line' id='line_1_100' title="bbox 609 5386 2151 5483; baseline -0.006 -17"><span class='ocrx_word' id='word_1_465' title='bbox 609 5389 1033 5466; x_wconf 85' lang='lat' dir='ltr'>secundum</span> <span class='ocrx_word' id='word_1_466' title='bbox 1077 5390 1217 5462; x_wconf 87' lang='lat' dir='ltr'>hoc</span> <span class='ocrx_word' id='word_1_467' title='bbox 1295 5386 1863 5461; x_wconf 77' lang='lat' dir='ltr'>circumstantia</span> <span class='ocrx_word' id='word_1_468' title='bbox 1905 5387 2151 5483; x_wconf 88' lang='lat' dir='ltr'>requi·</span> 
     </span>
     <span class='ocr_line' id='line_1_101' title="bbox 610 5503 2150 5580; baseline -0.003 0"><span class='ocrx_word' id='word_1_469' title='bbox 610 5508 803 5580; x_wconf 89' lang='lat' dir='ltr'>ritur</span> <span class='ocrx_word' id='word_1_470' title='bbox 889 5507 964 5578; x_wconf 88' lang='lat' dir='ltr'>in</span> <span class='ocrx_word' id='word_1_471' title='bbox 1050 5504 1352 5578; x_wconf 87' lang='lat' dir='ltr'>actione</span> <span class='ocrx_word' id='word_1_472' title='bbox 1453 5513 1680 5577; x_wconf 88' lang='lat' dir='ltr'>recta.</span> <span class='ocrx_word' id='word_1_473' title='bbox 1782 5503 2150 5578; x_wconf 86' lang='lat' dir='ltr'>Similiter</span> 
     </span>
     <span class='ocr_line' id='line_1_102' title="bbox 607 5620 2152 5719; baseline -0.005 -19"><span class='ocrx_word' id='word_1_474' title='bbox 607 5624 834 5700; x_wconf 88' lang='lat' dir='ltr'>etiam</span> <span class='ocrx_word' id='word_1_475' title='bbox 880 5621 1326 5719; x_wconf 89' lang='lat' dir='ltr'>requiritur,</span> <span class='ocrx_word' id='word_1_476' title='bbox 1365 5630 1434 5695; x_wconf 89' lang='lat' dir='ltr'>et</span> <span class='ocrx_word' id='word_1_477' title='bbox 1465 5621 1672 5717; x_wconf 90' lang='lat' dir='ltr'>quod</span> <span class='ocrx_word' id='word_1_478' title='bbox 1714 5620 1912 5694; x_wconf 89' lang='lat' dir='ltr'>actio</span> <span class='ocrx_word' id='word_1_479' title='bbox 1961 5644 2152 5695; x_wconf 90' lang='lat' dir='ltr'>con-</span> 
     </span>
    </p>
   </div>
  </div>
 </body>
</html>
