4295 6326
119 1473 198 1523 Ad
234 1484 392 1537 quar·

201 1540 328 1588 tam.

223 3324 333 3391 18.

77 3442 171 3493 Ad
228 3441 399 3491 ratio-

77 3505 432 3579 nemlppip.

85 3581 430 3633 superioris.

101 4037 244 4091 Non
276 4038 402 4090 ideo

87 4101 288 4153 forma
324 4103 410 4152 in-

103 4163 395 4216 tensibilia

111 4229 181 4278 in
219 4228 400 4278 influi-

110 4295 266 4348 tum‚
298 4290 428 4354 quia

75 4359 176 4403 est
210 4354 428 4417 partici-

74 4419 250 4481 patio
285 4416 411 4466 infi-

202 4480 327 4529 niti.

1545 469 1771 537 DIST.
1822 466 2013 539 XIII.
2065 465 2484 546 QUAES'IIO
2533 465 2654 535 111.

443 643 843 738 trinseca3
915 667 1123 718 nunc
1200 653 1454 718 autem
1539 640 1786 739 gratia
1872 648 1986 714 est

447 759 808 858 perfectio
878 759 1331 852 extrinseca,
1405 767 1479 833 et
1526 781 1679 831 non
1737 756 1988 830 deter-

449 875 786 949 minatur
842 875 934 948 ad
1006 875 1328 971 gradum
1407 897 1543 971 per
1612 869 1988 971 principia

447 991 890 1083 intrinseca,
927 991 1124 1064 sicut
1164 990 1417 1088 passio
1459 1014 1548 1064 ex
1591 987 1989 1086 principiis

449 1108 852 1209 suppositi,
927 1108 1096 1183 ideo
1169 1108 1497 1181 maxima
1549 1107 1794 1202 gratia
1851 1129 1991 1202 po-

449 1234 596 1300 test
652 1225 937 1298 habere
997 1221 1350 1295 infimum
1410 1219 1877 1319 perfectibile
1911 1219 1988 1292 in

452 1355 753 1420 natura.

549 1460 660 1535 Ad
722 1460 930 1535 aliud
1003 1483 1176 1534 cum
1257 1456 1562 1552 dicitur,
1633 1454 1993 1555 superius

452 1580 706 1653 solum
741 1577 821 1652 in
855 1586 1131 1652 natura
1191 1575 1447 1649 influit
1499 1576 1577 1648 in
1638 1573 1988 1667 inferiuS,

453 1694 621 1769 dico
656 1693 860 1791 quod
904 1694 1049 1767 hoc
1082 1702 1195 1767 est
1226 1716 1494 1767 verum
1547 1691 1624 1764 in
1677 1690 1994 1763 Hierar-

453 1811 626 1885 chia
658 1820 985 1904 naturoe,
1023 1810 1212 1884 falsa
1258 1821 1508 1885 tamen
1554 1808 1628 1881 in
1678 1807 1996 1882 Hierar-

455 1929 630 2002 chia
696 1928 964 2024 gratiae
1032 1926 1323 2002 infima.
1423 1927 1718 2002 Natura
1788 1926 1993 2001 enim

452 2044 1093 2120 beatificabilisin
1151 2044 1605 2119 Ilierarchia
1662 2054 1989 2138 naturae,

452 2172 701 2261 potest
742 2162 1067 2237 influere
1120 2162 1196 2234 in
1259 2185 1730 2260 supremam,
1811 2161 1991 2236 dum

453 2289 708 2353 tamen
787 2278 1104 2353 inferior
1180 2278 1255 2351 in
1337 2278 1789 2353 Hierarchia
1855 2302 1999 2352 na-

455 2405 651 2470 tura}
731 2395 829 2469 sit
905 2395 1260 2494 superior
1371 2396 1448 2468 in
1547 2394 1999 2493 Hierarchia

455 2513 748 2609 gratiae.
835 2510 1055 2586 Unde
1113 2513 1322 2586 Deus
1399 2511 1821 2586 exinanivit
1884 2535 1993 2606 se,

459 2629 903 2728 accipiendo
932 2628 1276 2705 infimam
1321 2640 1671 2704 naturam
1713 2629 2002 2704 beatifi-

458 2745 811 2834 cabilem,
864 2743 1051 2842 quia
1105 2744 1355 2819 noluit
1412 2746 1618 2843 quod
1668 2745 1799 2819 illa
1859 2769 2002 2820 na-

459 2870 628 2935 tura
695 2861 1015 2937 haberet
1096 2861 1187 2936 de
1275 2861 1548 2957 gratia,
1622 2861 1744 2936 cui
1825 2863 2001 2960 plus

458 2987 923 3075 competeret
949 2977 1041 3051 de
1075 3001 1445 3074 congruO,
1491 2978 1623 3052 sed
1665 2977 1841 3052 fecit
1879 2978 2002 3051 in-

460 3091 717 3168 fimam
773 3103 1124 3168 naturam
1197 3092 1272 3165 in
1332 3116 1481 3167 una
1517 3090 1996 3188 Hierarchia,

459 3232 896 3309 supremam
941 3210 1017 3283 in
1052 3209 1225 3284 alia.

560 3328 671 3402 Ad
732 3328 1067 3402 rationes
1107 3351 1244 3425 pro
1307 3325 1557 3424 prima
1615 3326 1768 3421 via,
1823 3351 2000 3403 cum

463 3445 829 3544 probatur
851 3444 1054 3542 quod
1089 3467 1391 3518 summa
1429 3444 1674 3540 gratia
1703 3445 2004 3521 creabi-

464 3564 558 3639 lis
591 3587 743 3636 non
779 3572 1028 3660 potest
1079 3561 1310 3636 simul
1355 3584 1522 3636 esse
1574 3561 1651 3634 in
1694 3561 1996 3658 effectu,

462 3679 630 3755 dico
673 3679 878 3777 quod
946 3677 1341 3775 quodlibet
1391 3677 1820 3753 membrum
1881 3678 1998 3754 de-

460 3795 645 3889 ficit,
692 3794 875 3892 quia
913 3818 1006 3874 ex
1049 3794 1340 3868 ratione
1381 3794 1647 3869 formae
1691 3808 1807 3869 est
1847 3804 2002 3869 ter-

460 3912 720 3987 minus
748 3921 1030 4004 certUS,
1094 3935 1269 3986 cum
1331 3910 1435 3984 ibi
1479 3911 1847 3986 limitetur
1905 3912 1998 3986 ad

458 4028 781 4124 gradum
817 4025 1289 4124 specificum.
1342 4028 1433 4100 Et
1472 4049 1643 4100 cum
1689 4026 1994 4121 dicitur,

457 4143 589 4217 illa
630 4144 870 4217 forma
917 4152 1031 4217 est
1056 4141 1538 4240 participatio
1608 4143 2000 4218 charitatis

458 4259 767 4347 divinae,
813 4258 918 4333 ita
968 4258 1136 4332 dico
1184 4258 1387 4356 quod
1434 4258 1799 4356 quaelibet
1851 4260 2000 4333 for-

460 4401 584 4452 ma
636 4387 750 4452 est
791 4375 1270 4474 participatio
1303 4374 1464 4463 Dei,
1543 4400 1699 4450 non
1769 4401 2000 4476 prop-

457 4506 573 4571 ter
604 4497 748 4570 hoc
779 4494 1128 4593 sequitur
1178 4494 1381 4593 quod
1420 4503 1667 4594 potest
1706 4496 1998 4571 intendi

459 4612 536 4685 in
571 4611 960 4686 infinitum
1018 4611 1444 4686 secundum
1496 4623 1750 4709 partes
1790 4612 2001 4709 ejus-

457 4731 628 4806 dem
695 4729 1140 4828 quantitatis
1207 4738 1281 4804 et
1355 4730 1674 4804 rationis
1749 4730 2003 4806 inten-

458 4847 651 4941 sive,
697 4871 851 4922 non
883 4846 1089 4921 enim
1143 4845 1252 4920 sic
1319 4855 1434 4920 est
1489 4847 1995 4946 participatiO,

459 4964 663 5061 quod
706 4964 956 5062 capiat
990 4988 1217 5038 unam
1271 4974 1591 5061 partem,
1628 4975 1701 5040 et
1741 4965 2003 5039 dimit-

462 5092 565 5156 tat
595 5082 852 5156 aliam.
901 5083 991 5155 Et
1039 5081 1216 5156 licet
1254 5105 1408 5155 non
1470 5092 1728 5180 posset
1766 5083 2004 5159 deve-

456 5199 607 5272 niri
632 5198 726 5273 ad
760 5199 990 5274 aliam
1027 5199 1378 5292 formam,
1437 5198 1680 5274 donec
1731 5201 2003 5276 venia-

459 5325 583 5390 tur
612 5314 705 5389 ad
738 5315 1186 5389 charitatem
1240 5315 1687 5410 increatam,
1742 5325 1994 5392 tamen

460 5432 537 5505 in
570 5432 741 5507 aliis
771 5432 1179 5509 devenitur
1218 5432 1311 5508 ad
1356 5433 1583 5508 aliam
1648 5435 1996 5529 formam,

459 5559 539 5624 ut
578 5551 640 5627 si
674 5551 1118 5627 intendatur
1148 5551 1409 5646 rubor,
1463 5551 1870 5628 devenitur
1907 5553 1999 5628 ad

459 5670 921 5746 albedinem.
972 5671 1123 5745 Ista
1168 5669 1606 5768 terminatio
1684 5670 2000 5745 omnino

3518 464 3646 532 339

2105 636 2406 730 accidit,
2441 635 2646 734 quod
2689 635 2786 709 sit
2829 634 3065 723 aliud,
3101 634 3198 708 ad
3248 632 3451 732 quod
3492 642 3645 707 ter-

2106 755 2471 848 minatur,
2508 753 2717 851 quia,
2749 764 2829 827 ut
2867 752 3047 828 dicit
3090 752 3640 848 Philosophus,

2106 895 2260 944 non
2298 880 2606 969 propter
2638 872 2783 944 hoc
2816 868 3081 941 finitur
3130 866 3451 964 aliquid,
3521 866 3646 940 vel

2106 988 2588 1078 terminatur,
2658 987 2841 1085 quia
2898 985 2991 1060 ad
3046 984 3255 1059 aliud
3292 983 3649 1057 termina·

2108 1116 2257 1192 tur,
2313 1106 2446 1180 sed
2490 1107 2672 1203 quia
2724 1130 2815 1181 ex
2858 1114 3133 1179 natura
3194 1126 3336 1177 sua
3385 1100 3653 1176 finitur

2111 1222 2442 1321 propriis
2482 1222 2860 1298 terminis.

2208 1341 2368 1415 Nec
2424 1342 2627 1414 valet
2686 1339 3112 1414 secundum
3186 1337 3648 1430 membrum,

2111 1458 2317 1556 quod
2350 1481 2589 1554 agens
2647 1480 2801 1529 non
2846 1464 3094 1553 potest
3148 1452 3452 1530 efficere
3502 1451 3654 1527 nisi

2111 1574 2414 1650 finitum
2466 1574 2542 1648 in
2588 1583 2759 1649 actu
2794 1573 3200 1664 intensive,
3257 1596 3401 1647 nec
3466 1594 3656 1644 con-

2111 1691 2349 1767 cludit
2389 1691 2697 1766 tertium
2742 1690 3200 1783 membrum,
3260 1689 3442 1786 quia
3481 1690 3655 1761 cha·

2110 1808 2295 1882 ritas
2327 1807 2644 1905 ampliat
2664 1805 3177 1905 suppositum.
3212 1805 3409 1878 Illud
3444 1803 3650 1879 enim
3703 1794 3974 1909 ξῗξξξΐξξὶξ

2111 1936 2226 2002 est
2257 1927 2531 2001 falsum
2579 1923 3143 2012 universaliter,
3180 1922 3363 2020 quia
3392 1932 3653 2020 poste-
3680 1922 3797 2050 2¹:¹22
3817 1918 4002 2048 {2³35}

2114 2044 2275 2118 rius
2319 2054 2397 2118 ut
2462 2043 2871 2142 posterius,
2934 2065 3333 2140 nunquam
3389 2041 3656 2115 tribuit
3792 2053 3889 2097 ²⁸¹·

2113 2160 2403 2258 aliquid
2436 2160 2701 2259 priori,
2749 2170 2831 2234 ut
2871 2170 2987 2234 est
3024 2182 3258 2233 causa
3300 2159 3442 2231 hac
3482 2181 3658 2231 cau-

2111 2278 2436 2370 salitate,
2466 2301 2619 2375 qua
2651 2277 3040 2375 praecedit,
3094 2276 3225 2350 sed
3264 2274 3652 2373 capacitas

2114 2393 2530 2491 susceptivi
2615 2402 2728 2467 est
2796 2393 3007 2490 prius
3080 2403 3357 2466 natura
3425 2413 3652 2489 quam

2113 2510 2422 2584 habitus
2520 2508 2886 2606 recipitur
2929 2536 2947 2602 3
3044 2507 3278 2604 igitur
3363 2508 3654 2581 nullam

2114 2624 2613 2722 capacitatem
2707 2624 2939 2698 habet
3022 2623 3546 2721 susceptivum
3616 2645 3660 2696 a

2118 2742 2384 2835 forma,
2432 2742 2615 2839 quia
2678 2751 2956 2816 natura
3001 2765 3143 2816 sua
3175 2750 3291 2815 est
3330 2764 3471 2815 sua
3529 2762 3660 2814 ca-

2115 2859 2432 2957 pacitas.
3284 2913 3291 2916 ‚

2217 2976 2625 3061 Praeterea,
2691 2985 2853 3050 esto
2918 2974 3125 3072 quod
3172 2981 3455 3072 posset,
3521 2973 3661 3047 ad-
3807 2970 3911 3037 19·

2121 3097 2273 3170 huc
2328 3118 2482 3168 non
2552 3102 2809 3193 posset
2866 3091 3216 3192 ampliari
3260 3091 3335 3165 in
3395 3088 3661 3163 infini-
3691 3083 3966 3147 C⁸P⁸0³²³⁸

2120 3226 2305 3300 tum,
2335 3215 2543 3312 quia,
2595 3224 2674 3288 ut
2706 3212 2920 3312 prius
2951 3210 3241 3285 dictum
3266 3219 3407 3304 est,
3446 3212 3661 3284 nulla
3692 3152 4016 3282 *⁰233ssss-

2118 3341 2231 3406 est
2272 3331 2654 3429 capacitas
2681 3330 2775 3405 ad
2826 3329 3148 3404 formam
3194 3351 3663 3427 permanen·
3690 3274 4009 3449 ΐὲἷὲιέιὲὲῖῗ·

2116 3459 2300 3542 tem,
2344 3448 2493 3522 nisi
2550 3448 2642 3522 ad
2704 3456 2994 3523 certum
3057 3447 3383 3544 gradum
3452 3446 3664 3521 illius
3712 3414 3870 3463 ¹⁸⁸⁰⁸
3929 3413 4011 3450 ω’

2117 3567 2411 3660 formae,
2445 3566 2616 3640 ideo
2661 3564 3045 3662 loquendo
3074 3565 3166 3639 de
3209 3562 3658 3662 capacitate,

2117 3707 2293 3782 quae
2396 3692 2509 3757 est
2565 3691 2858 3756 naturav
2909 3680 3372 3779 recipientis,
3472 3704 3665 3755 nun-

2117 3820 2346 3895 quam
2380 3795 2510 3869 illa
2541 3802 3083 3892 augmentatur
3137 3818 3271 3893 per
3311 3793 3659 3870 habitum

2117 3916 2540 4014 receptum,
2585 3938 2761 3988 cum
2807 3914 2904 3988 sit
2961 3914 3143 4012 quid
3186 3915 3655 3989 absolutum.

2115 4031 2285 4106 Alia
2323 4040 2439 4104 est
2505 4029 2888 4128 capacitas
2959 4028 3419 4127 propinqua,
3484 4053 3664 4128 quae

2115 4159 2231 4225 est
2269 4146 2792 4240 accidentaliS,
2851 4155 2926 4220 et
2983 4145 3115 4219 illa
3190 4156 3439 4244 potest
3499 4171 3666 4221 am-

2116 4265 2339 4366 pliari
2382 4289 2518 4364 per
2575 4263 2952 4357 habitum,
3008 4272 3081 4338 et
3128 4262 3237 4338 sic
3303 4265 3660 4339 meritum

2116 4383 2455 4482 disponit
2508 4380 3009 4481 dispositione
3071 4380 3508 4480 propinqua
3566 4381 3662 4456 ad

2116 4502 2263 4574 hoc
2369 4498 2571 4597 quod
2678 4496 2923 4594 gratia
3017 4506 3420 4594 augeatur,
3504 4521 3662 4571 non

2118 4628 2375 4693 tamen
2409 4616 2518 4691 sic
2559 4624 2808 4714 potest
2850 4614 3203 4712 ampliari
3245 4614 3324 4688 in
3393 4614 3664 4689 infini-

2115 4744 2307 4808 tum.
2414 4817 2417 4824 ‚

2213 4852 2325 4927 Ad
2369 4849 2576 4926 aliud
2631 4872 2806 4924 cum
2877 4847 3182 4943 dicitur,
3244 4850 3662 4947 quodcum·
3692 4862 3775 4914 Ad
3817 4864 3979 4915 ratio·

2118 4994 2268 5069 que
2309 4970 2767 5068 productum
2818 4966 3047 5041 distat
3091 4967 3185 5042 ab
3244 4968 3443 5063 idea,
3489 4970 3658 5046 dico
3692 4941 3981 5040 cunrffiff‘

2118 5087 2323 5185 quod
2372 5084 2681 5184 quando
2723 5082 3085 5157 distantia
3123 5107 3278 5157 non
3329 5087 3657 5161 attendi-
3708 5054 3982 5166 ῑὲιῖῗῃέῑῖ·

2117 5214 2243 5278 tur
2281 5227 2418 5302 per
2450 5200 2728 5294 media,
2772 5200 2904 5275 sed
2940 5195 3271 5275 totaliter
3310 5226 3401 5277 ex
3442 5215 3654 5300 parte
3688 5180 3979 5292 ‘igs‘iffesssg'

2119 5319 2352 5395 unius
2420 5316 2765 5410 extremi,
2846 5315 2947 5390 ibi
3028 5316 3325 5390 nullum
3410 5329 3657 5416 potest
3712 5303 3970 5354 medium.

2119 5435 2285 5511 fieri
2369 5434 2731 5527 medium,
2805 5432 3054 5530 qualis
3127 5431 3491 5509 distantia
3544 5448 3659 5512 est

2121 5554 2321 5627 inter
2375 5549 2678 5651 aliquid
2721 5558 2796 5624 et
2840 5546 3064 5635 nihil,
3110 5557 3184 5622 et
3242 5548 3441 5625 inter
3504 5576 3661 5626 om-

2124 5670 2253 5744 nia
2331 5664 2941 5744 contradictoria.
3015 5665 3215 5768 Talis
3285 5679 3399 5744 est
3484 5668 3655 5769 ista,
