4295 6326
736 450 819 518 τε
870 412 887 419 ’
2140 435 2378 504 Llssm
2429 436 2515 505 ιι.

1452 947 1911 1114 DIST
1918 948 2119 1110 IN
2137 942 2595 1111 CTIO
2734 939 3214 1107 XVII.

732 2133 931 2190 Aleae.
980 2132 1035 2184 2.
1084 2131 1228 2199 part.
1280 2131 1474 2196 quint.
1522 2120 1613 2175 60.
1668 2116 1905 2173 membro
1955 2130 1994 2169 1.
2044 2116 2097 2168 et
2126 2115 2182 2167 2.
2217 2115 2277 2165 D.

802 2207 1049 2259 Thomas
1079 2217 1117 2255 1.
1152 2206 1293 2267 part.
1327 2203 1521 2266 quaeu.
1544 2193 1636 2248 75.
1667 2196 1775 2244 are.
1812 2204 1849 2242 1.
1877 2190 1928 2241 vt
1959 2191 2154 2258 quast.
2186 2183 2277 2237 90.

802 2280 908 2330 art.
944 2276 994 2328 4.
1030 2273 1094 2328 D.
1128 2271 1443 2326 Bonavent.
1476 2267 1607 2319 dist.
1642 2262 1729 2318 16.
1763 2263 1873 2315 art.
1920 2275 1957 2314 1.
2009 2257 2275 2338 quae5122.

802 2354 850 2404 et
880 2348 970 2402 hic
997 2349 1101 2399 art.
1138 2360 1170 2397 1.
1205 2349 1400 2414 quoest.
1435 2355 1474 2392 1.
1507 2335 1679 2391 Gabr.
1706 2339 1901 2406 qaaest.
1930 2347 1971 2385 ι.
2024 2331 2280 2384 Pet-enus

803 2422 862 2475 in
894 2419 1080 2474 (ἔειπες.
1112 2416 1208 2469 tib.
1246 2413 1296 2469 4.
1330 2426 1452 2481 cap.
1484 2411 1538 2462 2.
1572 2424 1622 2462 υ.
1671 2406 1727 2460 7.
1778 2405 1970 2475 quma.
2020 2401 2072 2456 4.
2120 2403 2277 2454 Scot.

802 2493 859 2545 in
893 2491 1069 2546 Oxou.
1102 2487 1209 2540 Mc.

514 2701 577 2764 1.
833 2690 1151 2766 Videtur
1180 2685 1384 2784 quod
1419 2706 1601 2756 non.
1638 2676 1922 2752 Eadem
1949 2670 2278 2745 factione

424 2816 638 2888 A‘ssum·
734 2808 819 2881 fit
851 2804 1391 2904 compositum,
1427 2808 1501 2874 et
1540 2793 1875 2871 formain
1920 2785 2268 2877 materia,

424 2892 676 2940 pmmum'
736 2927 920 3027 quia
956 2927 1195 2999 forma
1242 2944 1397 2994 non
1440 2916 1525 2989 fit
1581 2915 1657 2988 in
1728 2907 2074 3000 materia,
2121 2902 2271 2994 nisi

730 3071 866 3147 per
897 3043 1280 3131 accidens,
1320 3038 1501 3137 quia
1560 3044 1799 3108 totum
1845 3029 1927 3101 fit
1979 3049 2116 3125 per
2156 3046 2266 3115 se,

728 3189 825 3239 ea:
866 3163 934 3236 7.
968 3156 1404 3258 Μείαῃήῃε.
1452 3160 1635 3230 leoec.
1682 3149 1802 3222 22.
1850 3144 2065 3222 ec27.
2137 3140 2265 3216 ubi

728 3280 1276 3376 PhilosophuS,
1350 3272 1553 3372 quod
1653 3290 1791 3343 nec
1883 3265 2124 3338 forma
2184 3256 2268 3331 fit

726 3421 992 3498 perse,
1041 3419 1182 3470 nec
1217 3392 1556 3476 materia,
1599 3389 1730 3464 sed
1770 3395 2009 3462 totum
2057 3404 2268 3455 com-

726 3518 1117 3618 positum3
1200 3511 1460 3586 anima
1522 3517 1775 3583 autem
1846 3512 1960 3578 est
2024 3500 2269 3573 forma

726 3633 1098 3731 corporiS,
1140 3640 1215 3704 et
1246 3629 1496 3726 ipsum
1532 3621 2070 3720 compositum,
2116 3616 2268 3691 sci-

728 3753 905 3827 licet
934 3750 1204 3842 Adam,
1260 3769 1413 3819 non
1485 3742 1624 3816 fuit
1689 3746 2054 3821 creatum,
2111 3735 2265 3809 imo

727 3892 1008 3966 corpus
1052 3868 1328 3940 factum
1378 3861 1469 3936 de
1521 3858 1702 3932 limo
1738 3866 1957 3930 terra}
1995 3882 2013 3947 3
2083 3876 2265 3944 ergo

730 4010 869 4061 nec
911 3985 1169 4059 anima
1203 3981 1397 4077 ejuS‚
1443 3986 1587 4053 etc.

827 4105 1042 4194 Item,
1080 4101 1301 4196 cujus
1343 4106 1455 4170 est
1512 4117 1649 4193 per
1694 4115 1772 4166 se
1830 4111 2027 4183 esse,
2099 4089 2268 4184 ejus

727 4231 841 4296 est
881 4219 1048 4293 ficri
1090 4241 1226 4316 per
1257 4239 1389 4308 εε;
1436 4212 1567 4287 sed
1615 4209 1874 4283 anima
1920 4230 2071 4279 non
2130 4229 2270 4304 per

726 4363 804 4414 εε
841 4347 956 4414 est
992 4337 1067 4410 in
1103 4356 1449 4432 corpure,
1498 4329 1678 4429 quia
1718 4325 1827 4400 sic
1870 4348 2021 4398 non
2068 4331 2269 4398 esset

726 4480 903 4554 pars
941 4454 1217 4551 3igitu1·
1245 4475 1384 4526 nec
1417 4449 1584 4546 ejus
1603 4444 1785 4544 fieri
1814 4444 1953 4519 suit
1984 4464 2120 4540 ρει·
2153 4463 2265 4533 εε,

727 4574 911 4669 quia
948 4571 1128 4668 fieri
1164 4578 1277 4645 est
1308 4569 1432 4642 via
1471 4564 1563 4639 ad
1608 4586 1789 4638 esse.

494 4695 558 4761 2.
826 4691 1135 4781 Contra,
1172 4674 1538 4782 Magister
1579 4683 1654 4755 in
1700 4681 1952 4755 littera
1991 4702 2157 4776 cap.
2194 4676 2260 4748 1.

380 4813 568 4883 opinis)
592 4806 911 4880 hun-dicit
952 4804 1288 4879 animam
1356 4802 1540 4876 Adae
1621 4798 1853 4873 fuisse
1930 4803 2263 4871 creatam

452 4880 634 4926 renea.
729 4925 805 4998 in
852 4945 1169 5021 corpore
1228 4918 1682 5018 exponendo
1753 4915 1940 4990 illud
1983 4915 2260 4988 Genes.

730 5041 1039 5138 primo:
1120 5035 1546 5136 Inspiravz't
1610 5035 1692 5108 in
1750 5031 2034 5130 faciem
2102 5031 2267 5130 ejus

722 5156 1197 5257 spiraculum
1225 5156 1431 5248 vitae,
1471 5156 1614 5227 hoc
1637 5161 1773 5236 est,
1808 5150 2142 5225 animam
2185 5147 2262 5219 in

725 5297 1043 5372 corpore
1111 5272 1469 5347 creando.
1548 5268 1917 5357 Quaedam
2004 5264 2265 5363 opinio

727 5391 1089 5466 haeretica
1129 5389 1545 5488 poniturin
1574 5387 1822 5461 littera
1850 5410 1913 5459 c.
1955 5385 2022 5457 1.
2058 5382 2263 5482 quod

729 5509 930 5583 Deus
971 5507 1258 5585 creavit
1291 5505 1681 5580 hominem
1733 5504 1825 5579 de
1903 5504 2267 5579 substan-

726 5625 833 5701 tia
872 5651 1039 5722 sua,
1121 5633 1431 5725 propter
1462 5625 1606 5698 hoc
1646 5623 1847 5722 quod
1902 5621 2082 5696 dicit
2139 5620 2267 5695 in-

439 4091 633 4141 Secun-

459 4155 609 4205 dum.

2394 1374 2745 1473 spiravit,
2791 1373 2953 1447 sive
3003 1372 3462 1470 insufflavit.
3545 1370 3600 1443 F
3608 1371 3806 1443 latus
3837 1365 3944 1440 di-

2397 1495 2595 1568 citur
2620 1514 2787 1566 esse
2816 1491 2910 1565 de
2937 1491 3368 1565 substantia
3390 1487 3685 1563 stantis.
3719 1484 3939 1559 Unde

2394 1611 2675 1686 dicitur
2691 1611 2922 1685 Joan.
2956 1608 3076 1682 20.
3123 1608 3215 1683 de
3247 1607 3549 1682 Christo
3578 1603 3780 1703 quod
3816 1602 3942 1675 in-

2393 1727 2731 1804 sufflavit
2780 1729 2858 1802 in
2926 1726 3366 1825 discipulos,
3434 1725 3687 1799 dando
3756 1722 3939 1821 Spi-

2251 1851 2278 1862 “
2392 1848 2623 1922 ritum
2657 1856 3033 1922 sanctum.

3987 1953 4284 2016 Reproba-

2492 1968 2641 2044 Sed
2674 1967 2864 2042 illud
2917 1988 3070 2039 non
3115 1964 3346 2038 habet
3402 1960 3930 2060 apparentiam
4072 2019 4194 2066 tm·

2393 2085 2757 2176 veritatis,
2808 2107 2964 2158 non
2997 2082 3200 2158 enim
3232 2078 3563 2179 concipit
3603 2078 3933 2177 perfecte

2391 2205 2670 2298 Deum,
2706 2203 2838 2301 qui
2863 2200 3196 2299 concipit
3236 2199 3485 2297 ipsum
3530 2220 3695 2271 esse
3736 2195 3935 2269 divi-

2392 2321 2692 2395 sibilem
2731 2349 2750 2415 ;
2815 2320 2943 2395 sed
2991 2318 3054 2393 si
3109 2319 3372 2392 anima
3423 2324 3625 2391 esset
3678 2323 3936 2388 creata

2391 2440 2484 2515 de
2518 2437 2948 2514 substantia
3005 2435 3174 2531 Dei,
3210 2444 3510 2534 opertet
3567 2433 3936 2509 substan-

2392 2556 2572 2630 tiam
2614 2557 2781 2645 Dei,
2828 2557 2947 2630 vel
2999 2554 3334 2629 animam
3385 2575 3553 2628 esse
3612 2552 3861 2627 Deum
3908 2580 3928 2645 ;

2389 2673 2524 2750 sed
2565 2674 2773 2749 Deus
2813 2697 2966 2748 non
3002 2682 3116 2748 est
3145 2670 3507 2769 perfectio
3535 2670 3935 2744 inhaerens

2387 2789 2648 2881 alicui,
2695 2798 2779 2864 ut
2838 2789 3104 2883 forma,
3164 2797 3237 2863 et
3303 2787 3410 2862 sic
3478 2786 3734 2861 anima
3770 2811 3928 2861 non

2385 2915 2587 2980 esset
2615 2907 2859 2981 forma
2895 2905 3265 3003 corporis.

2485 3022 2700 3115 Item,
2747 3021 3007 3095 anima
3045 3030 3524 3119 permutatur
3554 3021 3648 3095 ab
3695 3020 3924 3117 igno-

2382 3139 2631 3215 rantia
2670 3140 2764 3215 ad
2814 3139 3244 3228 scientiam,
3289 3138 3568 3214 avitiis
3626 3138 3719 3214 ad
3778 3139 3931 3212 vir-

2380 3268 2581 3335 tutes
2626 3259 2942 3354 3nullus
2993 3268 3258 3334 autem
3311 3257 3642 3355 concipit
3674 3257 3928 3332 Deum

2381 3401 2548 3452 osse
2586 3376 3055 3451 mutabilem.

2960 3627 3339 3686 SCHOLuJM.

2454 3781 2701 3837 Primum
2735 3780 2995 3836 dictum:
3035 3781 3230 3836 Anima
3261 3788 3339 3836 est
3375 3796 3475 3851 per
3500 3797 3559 3836 se
3608 3781 3930 3851 producibi-

2382 3871 2487 3939 tin
2513 3870 2641 3926 vide
2671 3869 2966 3927 Scholium
3001 3872 3093 3925 hio
3126 3885 3262 3925 num
3295 3870 3348 3924 2.
3383 3870 3480 3925 ubi
3511 3869 3691 3926 multa
3723 3877 3929 3928 contra

2378 3975 2628 4015 errorem
2671 3963 2962 4014 tenentem
3015 3958 3241 4014 animas
3290 3974 3417 4015 esse
3474 3960 3545 4014 de
3601 3961 3932 4016 substantia

2378 4050 2501 4106 Dei.
2546 4048 2883 4106 Secundum
2938 4066 2952 4103 ι
3024 4049 3350 4121 Philosophi
3406 4066 3510 4106 non
3569 4049 3930 4126 admitterent

2377 4142 2620 4195 animam
2647 4154 2758 4195 esse
2790 4141 3054 4207 creatam,
3087 4138 3158 4194 de
3188 4155 3301 4209 quo
3333 4141 3385 4195 4.
3409 4140 3463 4194 d.
3498 4140 3585 4196 ⁴3.
3620 4157 3675 4212 q.
3712 4157 3747 4195 1.
3784 4144 3841 4197 et
3868 4143 3926 4196 2.

2381 4230 2610 4302 Report.
2644 4229 2702 4284 d.
2736 4247 2774 4284 1.
2804 4245 2861 4300 q.
2911 4245 2949 4283 1.
2985 4228 3122 4299 quia
3169 4228 3431 4284 dicerent
3484 4231 3927 4301 productionem

2379 4320 2683 4375 terminari
2741 4320 2900 4391 prius
2948 4321 3017 4374 ad
3079 4324 3291 4376 totum.
3350 4321 3610 4376 Tertium
3650 4338 3662 4375 t
3720 4321 3932 4378 Anima

2380 4410 2504 4465 Aetae
2530 4409 2850 4465 simulcum
2885 4424 3111 4479 corpore
3163 4408 3433 4480 producta
3489 4414 3585 4465 est.
3651 4411 3734 4465 lta
3782 4427 3930 4467 con-

2379 4507 2467 4556 tra
2496 4516 2748 4556 errorem
2776 4496 3044 4571 origenis
3074 4498 3344 4570 ponentis
3388 4500 3616 4555 animas
3665 4500 3931 4558 extitisse

2379 4597 2514 4647 ante
2545 4607 2807 4661 cot-pora,
2839 4594 2996 4646 tenet
3022 4590 3175 4645 Hier.
3209 4607 3299 4662 ep.
3332 4593 3421 4647 27.
3454 4591 3525 4647 ad
3567 4594 3715 4663 Aug.
3748 4598 3801 4646 et
3833 4609 3928 4663 ep.

2379 4681 2453 4736 ad
2485 4681 2733 4738 Demetr.
2765 4696 2894 4752 cap.
2927 4683 2979 4735 2.
3013 4680 3211 4752 Cyrill.
3241 4680 3299 4736 in
3353 4682 3406 4736 id
3464 4681 3636 4737 Joan.
3686 4698 3725 4738 ι.
3788 4684 3932 4738 Erat

2380 4770 2480 4826 lux
2507 4787 2664 4827 vera.
2702 4770 2806 4827 Leo
2834 4787 2926 4843 ep.
2964 4770 3051 4826 ss.
3083 4772 3240 4844 Aug.
3278 4771 3362 4828 12.
3405 4768 3561 4827 civit.
3598 4771 3681 4826 13.
3734 4774 3791 4827 et
3836 4772 3926 4832 12.

2375 4859 2584 4916 'rx-init.
2612 4863 2666 4915 5.

2474 5039 2643 5114 Alia
2683 5050 2798 5114 est
2836 5040 3125 5137 opinio,
3163 5040 3368 5138 quod
3401 5040 3660 5115 anima
3693 5040 3924 5116 habet
4123 5058 4216 5126 3,

2380 5157 2806 5233 materiam.
2844 5158 2990 5234 Sed
3037 5160 3202 5234 haec
3257 5158 3519 5256 opinio
3575 5158 3919 5234 absolute
3955 5169 4082 5284 ἔτί,
4111 5177 4277 5227 auin

2377 5274 2594 5373 ponit
2634 5298 2800 5349 eam
2860 5274 3089 5350 fuisse
3132 5285 3460 5350 creatam
3516 5275 3699 5373 quia
3763 5299 3917 5349 non
4000 5244 4277 5356 ’ἴεῗῗιξεῗ

2377 5391 2916 5491 praeexistebat
2966 5393 3256 5490 aliquid
3307 5393 3472 5490 ejus
3508 5420 3526 5487 ;
3565 5391 3695 5467 sed
3763 5401 3924 5466 tota

2379 5506 2606 5581 simul
2637 5507 2775 5581 suit
2805 5516 3083 5596 creata,
3129 5516 3503 5606 quantum
3537 5507 3629 5581 ad
3672 5517 3921 5583 mate-

2380 5624 2571 5698 riam
2603 5635 2677 5700 et
2706 5625 3050 5700 sormam.
