4295 6326
675 408 758 474 74
2087 408 2330 477 LIBRI
2379 410 2468 479 11.

672 579 1009 655 animam
1070 605 1236 658 esse
1292 584 1622 677 beatam,
1686 593 1760 657 et
1816 606 1968 655 non
2031 604 2220 680 ope-

670 697 992 773 ratione.

349 891 578 942 mediato
710 815 986 945 ‘ltem,
1073 829 1287 892 actus
1367 819 1679 893 inferior
1756 817 2012 891 anima
2096 840 2223 890 ra-

320 934 937 1019 operattve.t1011ali
1045 948 1292 1033 potest
1412 960 1577 1011 esse
1692 935 2219 1010 immediatum

674 1050 1137 1149 principium
1224 1054 1622 1152 operandi,
1715 1054 1936 1128 aliter
2019 1064 2221 1129 esset

670 1191 1079 1265 processus
1201 1171 1275 1243 in
1385 1170 1861 1257 infinitum3
1988 1171 2221 1266 igitur

667 1282 856 1356 illud
940 1308 1095 1358 non
1181 1298 1562 1385 repugnat
1646 1287 1952 1377 animae,
2037 1289 2221 1385 quia

665 1422 820 1472 non
884 1400 1179 1478 ratione
1239 1404 1727 1501 perfectionis
1786 1428 1977 1491 suae,
2042 1428 2218 1478 cum

666 1518 1078 1593 conveniat
1162 1520 1765 1619 imperfectiori;
1832 1531 2040 1619 patet
2125 1521 2219 1596 de

665 1636 917 1709 calore
1023 1646 1096 1711 et
1225 1638 1722 1734 qualitatibus
1832 1638 2098 1713 activis
2197 1667 2214 1732 3

667 1773 809 1824 nec
868 1762 1180 1850 propter
1266 1756 1434 1845 hoc,
1522 1756 1727 1852 quod
1814 1765 2015 1831 esset
2072 1756 2221 1828 im-

669 1869 1157 1965 perfectionis
1250 1871 1327 1944 in
1402 1872 1686 1967 anima,
1772 1873 1954 1973 quia
2033 1897 2224 1949 con-

668 1984 881 2058 venit
948 1987 1405 2082 perfectiori,
1492 2000 1570 2062 ut
1627 1989 1815 2079 Deo.

440 2112 544 2179 16,
770 2099 985 2194 Item,
1066 2101 1327 2199 aliqua
1398 2103 1826 2178 substantia
1905 2128 2222 2202 genera-

669 2226 793 2289 tur
854 2218 1207 2313 univoce,
1266 2222 1384 2294 vel
1439 2223 1708 2296 saltem
1772 2246 1816 2296 a
1869 2223 2220 2297 substan-

672 2332 833 2426 tia3
897 2332 1130 2430 igitur
1191 2336 1431 2410 forma
1497 2337 2025 2412 substantialis
2076 2341 2220 2413 erit

662 2448 1192 2525 immediatum
1274 2453 1738 2551 principium
1813 2456 2214 2553 operandi,

660 2566 845 2663 quia
936 2568 1313 2643 terminus
1383 2570 1801 2645 formaliter
1884 2574 2219 2669 produc-

659 2694 783 2759 tus
860 2708 1014 2759 non
1084 2694 1333 2784 potest
1407 2709 1574 2762 esse
1645 2687 1977 2763 nobilior
2048 2689 2214 2787 ipso

656 2800 931 2875 activo.

753 2917 1006 3011 DiceS,
1096 2941 1360 2993 verum
1451 2930 1595 3014 est,
1683 2921 2016 2996 activum
2098 2931 2217 2997 est

654 3033 1109 3127 substantia,
1172 3035 1305 3109 sed
1356 3034 1514 3132 agit
1575 3036 1958 3114 mediante
2020 3037 2214 3112 acci·

654 3149 907 3226 dente.

751 3268 1059 3360 Contra,
1142 3271 1218 3343 in
1302 3271 1616 3345 instanti
1685 3270 2212 3366 generationis

651 3384 1047 3458 inducitur
1130 3388 1373 3462 forma
1454 3386 1981 3462 substantialis
2063 3387 2211 3459 im—

651 3499 982 3574 mediate
1044 3501 1121 3574 in
1177 3502 1575 3577 materiam
1626 3531 1643 3596 ;
1716 3502 1848 3577 sed
1907 3504 2208 3578 nullum

652 3618 1010 3694 accidens
1103 3621 1407 3717 attingit
1492 3623 1640 3696 tale
1743 3620 2203 3719 passivum;

654 3732 889 3829 igitur
972 3757 1110 3831 per
1200 3737 1505 3811 nullum
1607 3736 1964 3811 accidens
2049 3759 2211 3812 me-

653 3848 875 3925 dians
942 3850 1099 3948 agit
1163 3851 1240 3925 in
1307 3853 1625 3928 instanti
1707 3853 2206 3948 inductioniS,

653 3965 785 4039 sed
883 3966 1322 4044 immediate
1385 3992 1523 4067 per
1603 3969 1927 4044 formam
2017 3970 2209 4045 suh-

654 4085 1088 4161 stantialem
1183 4086 1576 4162 inducitur
1659 4086 1831 4162 talis
1932 4089 2204 4182 forma,

655 4212 730 4276 et
791 4225 949 4275 non
1018 4210 1132 4277 est
1184 4201 1290 4276 ihi
1346 4203 1686 4299 gradus3
1746 4201 2008 4298 igitur,
2059 4211 2202 4277 etc.

424 4351 529 4417 17·
754 4319 943 4394 Dico
1033 4318 1266 4416 igitur
1350 4320 1557 4417 quod
1626 4319 2060 4395 intellectus
2135 4328 2211 4395 et

341 4468 594 4521 Auctoris
656 4438 1015 4512 voluntas
1126 4460 1284 4510 non
1388 4447 1570 4511 sunt
1671 4459 1792 4510 res
1904 4436 2211 4512 realiter

301 4534 601 4585 “mmm‘’
655 4553 1064 4647 distinctae,
1181 4553 1313 4630 sed
1427 4561 1677 4652 potest
1811 4553 2203 4644 sustineri,

655 4670 863 4767 quod
968 4679 1149 4745 sunt
1240 4669 1558 4744 omnino
1664 4668 1862 4744 idem
1959 4692 2040 4744 re
2134 4681 2210 4745 et

656 4786 1015 4879 ratione3
1091 4787 1208 4860 vel
1270 4786 1474 4881 quod
1536 4785 1869 4859 essentia
1924 4785 2206 4860 animae

652 4902 971 4977 omnino
1062 4902 1505 4978 indistincta
1586 4924 1666 4976 re
1747 4911 1821 4978 et
1879 4902 2203 4999 ratione,

650 5030 765 5096 est
824 5019 1290 5119 principium
1387 5019 1727 5116 plurium
1820 5020 2209 5118 operatio-

651 5161 864 5226 num,
930 5137 1094 5212 sine
1173 5135 1611 5212 diversitate
1681 5137 1867 5211 reali
1947 5147 2209 5236 poten-

653 5257 960 5345 tiarum,
1047 5279 1223 5353 quae
1292 5255 1445 5330 sint
1506 5257 1623 5330 vel
1710 5263 1963 5355 partes
2047 5257 2208 5331 ani-

301 5449 623 5515 opinioin-
659 5398 832 5469 mae,
892 5375 1012 5448 vel
1091 5371 1541 5467 accidentia,
1613 5373 1732 5448 vel
1811 5383 2207 5472 respectus

322 5513 596 5565 tenentum
656 5516 849 5590 ejus.
934 5491 1153 5566 Unde
1222 5491 1445 5589 plura
1520 5491 1598 5565 in
1667 5491 1937 5568 effectu
2009 5492 2206 5568 bene

329 5581 381 5626 et
409 5576 597 5627 volun·
1674 5607 1686 5620 .

302 5644 622 5701 memma
653 5618 978 5708 possunt
1063 5631 1230 5682 esse
1294 5608 1387 5681 ab
1446 5631 1599 5683 uno
1669 5632 1743 5681 111
1824 5631 1933 5702 re,
1999 5609 2204 5707 quod

321 829 515 878 Anima
542 828 640 878 im·

2330 590 2444 655 est
2528 582 2844 656 omnino
2932 582 3132 657 idem
3228 580 3717 664 illimitatum,
3804 573 4226 688 etspffiffissgf

2333 707 2584 772 tamen
2646 698 3107 796 principium
3171 722 3306 797 per
3356 722 3463 790 se,
3519 707 3593 769 et
3645 718 3879 769 causa

2330 813 2699 910 plurium,
2789 838 2943 888 uon
3043 824 3125 887 ut
3225 814 3370 887 ista
3473 811 3878 886 includunt

2332 940 2791 1027 respectum,
2890 942 2964 1004 et
3049 942 3230 1004 tunc
3325 928 3686 1027 potentiae
3755 949 3879 1001 se-

2328 1051 2665 1124 cundum
2729 1074 2810 1126 se
2864 1052 3158 1135 nullam
3217 1050 3533 1124 omnino
3590 1048 3875 1122 habent

2329 1168 2925 1262 distinctionem,
2998 1169 3131 1244 sed
3226 1168 3685 1265 inquantum
3754 1167 3877 1238 in-

2328 1286 2649 1361 cludunt
2752 1298 3174 1384 respectuS,
3291 1284 3875 1381 distinguuntur

2327 1403 2677 1498 ratione3
2722 1404 2854 1479 sed
2920 1403 3046 1478 ille
3099 1412 3493 1500 respectus
3552 1426 3705 1475 non
3765 1412 3880 1475 est

2327 1521 2420 1596 de
2525 1523 2818 1597 ratione
2927 1521 3284 1620 principii
3408 1520 3876 1618 operationis

2326 1662 2464 1737 per
2533 1663 2640 1714 se.
2705 1640 2863 1715 Nec
2935 1649 3259 1738 propter
3316 1641 3461 1712 hoc
3528 1637 3878 1734 sequitur

2327 1757 2532 1854 quod
2598 1756 3032 1831 intellectus
3094 1754 3191 1830 sit
3245 1756 3629 1847 voluntaS,
3694 1754 3879 1851 quia

2328 1872 2458 1947 illa
2526 1897 2679 1947 non
2741 1873 3248 1971 imponuntur
3297 1870 3674 1970 principio
3743 1871 3876 1944 ab-

2328 1988 2602 2075 solute,
2664 1987 2793 2062 sed
2864 1997 2943 2059 ut
2999 1988 3128 2061 tali
3188 1986 3331 2060 sub
3390 1995 3769 2083 respectu.

2426 2103 2577 2176 Ista
2629 2102 2752 2177 via
2819 2126 2954 2201 per
3013 2102 3387 2178 rationem
3455 2100 3875 2198 improbari

2325 2243 2481 2294 non
2595 2229 2882 2319 potest,
3016 2220 3197 2319 quia
3322 2219 3520 2293 sicut
3628 2218 3878 2317 prima

2326 2360 2586 2431 causa,
2659 2360 2836 2435 quae
2921 2348 3034 2412 est
3101 2326 3404 2433 semper
3462 2334 3869 2427 illimitata,

2325 2462 2438 2527 est
2505 2453 2822 2528 omnino
2898 2453 3194 2546 eadem,
3262 2464 3335 2528 et
3409 2462 3524 2527 est
3589 2451 3873 2550 princi-

2323 2568 2534 2666 pium
2616 2569 3096 2644 diversorum
3198 2568 3666 2660 immediate,
3770 2566 3874 2640 ita

2322 2687 2526 2784 quod
2616 2698 2728 2762 est
2819 2687 3285 2761 illimitatum
3375 2711 3516 2762 suo
3611 2685 3870 2779 mod0,

2322 2799 2504 2874 licet
2562 2823 2717 2874 non
2786 2799 3234 2898 simpliciter
3290 2807 3638 2897 respectu
3702 2798 3878 2872 isto-

2322 2931 2523 3003 rum,
2606 2908 2923 2983 omnino
2983 2908 3184 2984 idem
3280 2931 3360 2983 re
3438 2918 3511 2984 et
3579 2908 3872 2983 ratione

2322 3034 2570 3123 potest
2663 3049 2859 3119 esse,
2951 3048 3414 3125 quamquam
3502 3024 3876 3123 producta

2321 3140 2475 3217 sint
2549 3140 2876 3220 diversa.

2835 3422 3201 3481 SCHOLIUM
3246 3423 3328 3478 vl.

2390 3575 2752 3632 Intellectum
2793 3579 2851 3629 et
2892 3572 3245 3629 voluntatem
3293 3572 3575 3644 distingui
3623 3572 3876 3627 formali·

2320 3677 2405 3724 ter
2434 3667 2584 3723 inter
2616 3682 2700 3734 se,
2732 3670 2788 3721 et
2819 3665 2890 3721 ab
2925 3663 3147 3731 anima,
3178 3666 3236 3718 et
3255 3663 3355 3719 dat
3377 3663 3614 3720 modum
3650 3664 3875 3719 solven-

2316 3758 2376 3814 di
2407 3757 2782 3814 auctoritates
2815 3771 2916 3826 pro
2957 3754 3223 3826 opposita
3271 3756 3578 3810 sententia.
3633 3754 3708 3810 De
3746 3754 3872 3810 dis-

2320 3848 2595 3904 tinctione
2628 3843 2850 3902 formali
2884 3844 3008 3916 agit
3037 3844 3095 3900 in
3126 3843 3309 3898 Oxou.
3347 3862 3382 3899 ι.
3415 3842 3552 3898 (list.
3583 3842 3638 3897 2.
3662 3848 3868 3914 quoest.

2314 3940 2370 3996 7.
2406 3955 2569 3994 num.
2604 3937 2692 3993 41.
2725 3941 2782 3992 et
2812 3936 2949 3991 dist.
2983 3936 3037 3990 8.
3073 3939 3281 4007 quaest.
3313 3936 3366 3989 4.
3407 3940 3463 3991 et
3494 3934 3630 3989 diet.
3677 3933 3759 3988 10.
3814 3939 3873 3989 et

2313 4030 2402 4089 26.

2416 4203 2613 4292 Quia
2681 4212 2930 4276 tamen
3010 4202 3155 4276 ista
3220 4202 3346 4275 via
3406 4224 3558 4274 non
3623 4202 3871 4276 salvat

2318 4332 2425 4396 tot
2492 4319 3009 4413 auctoritateS,
3083 4319 3278 4393 sicut
3362 4327 3609 4417 potest
3686 4318 3864 4412 alia,

2316 4440 2485 4514 dico
2604 4438 2824 4512 aliter
2939 4436 3142 4533 quod
3240 4436 3602 4534 potentiae
3707 4460 3864 4509 non

2317 4565 2498 4630 sunt
2593 4576 2713 4628 res
2806 4551 2981 4642 alia,
3079 4552 3211 4626 sed
3299 4561 3480 4626 sunt
3574 4550 3866 4626 unitive

2315 4679 2698 4745 contentae
2789 4669 2864 4742 in
2940 4667 3275 4743 essentia
3364 4667 3671 4743 animae.
3750 4668 3865 4743 De

2315 4785 2790 4862 continentia
2880 4784 3173 4860 unitiva
3267 4785 3608 4882 loquitur
3691 4785 3867 4859 Dio-

2315 4905 2584 5003 nysius
2673 4904 2743 4976 5.
2826 4903 2919 4977 de
3012 4901 3298 4977 divinis
3396 4900 3862 4988 nominibuS,

2316 5021 2496 5119 quia
2580 5018 3053 5094 continentia
3127 5018 3426 5093 unitiva
3502 5041 3656 5091 non
3748 5028 3862 5093 est

2314 5138 2629 5213 omnino
2731 5136 3104 5233 ejusdem,
3194 5135 3298 5210 ita
3373 5134 3576 5233 quod
3656 5135 3855 5209 idem

2313 5253 2630 5329 omnino
2709 5252 3099 5327 contineat
3165 5274 3245 5326 se
3317 5250 3635 5347 unitive,
3716 5275 3859 5328 nec

2314 5372 2539 5448 etiam
2646 5369 2963 5445 omnino
3067 5367 3456 5463 distincti3
3539 5369 3863 5468 requirit

2312 5488 2545 5585 igitur
2645 5486 3016 5561 unitatem
3098 5495 3172 5559 et
3255 5485 3853 5562 distinctionem.

2313 5607 2442 5680 Est
2509 5604 2740 5702 igitur
2798 5603 3269 5678 continentia
3359 5603 3644 5677 unitiva
3711 5604 3861 5679 du-

4039 4224 4198 4297 18.
