4295 6326
352 1700 628 1761 Quartum.

352 3221 535 3272 Jacobi
570 3224 618 3272 2.

348 3531 625 3594 Quintum.

662 454 792 523 434

668 629 911 704 lectus
953 633 1427 724 naturaliter,
1497 642 1571 707 et
1602 635 1745 707 hoc
1794 655 1947 705 non
1984 655 2216 729 prop-

668 758 785 823 ter
838 753 1314 849 probabilem
1360 753 1734 828 rationem
1793 775 2214 851 persuasus

670 867 836 943 sine
916 870 1126 943 omni
1206 871 1484 966 obJecti
1545 870 1959 958 evidentia,
2035 870 2220 967 quia

674 982 910 1057 credit
952 983 1242 1057 auditui
1289 984 1638 1073 istorum,
1696 985 1818 1057 vel
1879 981 2215 1081 propriae

671 1100 1182 1197 conceptioni,
1237 1102 1474 1175 multo
1524 1101 1793 1174 fortius
1817 1110 2066 1199 potest
2094 1100 2219 1171 in-

671 1216 1022 1290 tellectus
1046 1217 1632 1292 alicuicredibili
1661 1215 1809 1292 fide
1844 1216 2220 1315 acquisita

674 1332 839 1407 sine
883 1330 1029 1407 fide
1063 1333 1317 1408 infusa
1349 1333 1672 1409 firmiter
1704 1334 2100 1408 adbaerere
2145 1342 2220 1407 ct

675 1448 1166 1547 acquiescere
1262 1460 1576 1549 propter
1641 1451 2018 1538 auditum,
2087 1450 2217 1523 ubi

681 1568 920 1643 credit
962 1570 1394 1645 dicentibus
1426 1573 1598 1644 hoe.

781 1686 1191 1776 Praeterea,
1224 1685 1288 1761 si
1322 1684 1512 1761 fides
1567 1696 1770 1761 esset
1812 1710 1855 1761 a
1895 1686 2056 1761 Deo
2100 1685 2224 1759 in-

682 1803 873 1889 fusa,
907 1812 1274 1899 tanquam
1307 1802 1745 1877 necessaria
1773 1803 1867 1875 ad
1902 1803 2225 1877 creden-

680 1919 892 2006 dum,
939 1942 1090 1991 non
1127 1928 1375 2016 potest
1404 1919 1578 2016 quis
1602 1927 1774 1994 actu
1817 1943 1957 1993 suo
1991 1918 2221 1992 fidem

681 2058 1202 2132 corrumpere,
1241 2058 1728 2133 consequens
1768 2046 1882 2110 est
1917 2037 2223 2110 salsum.

682 2152 1254 2249 Consequentia
1318 2153 1714 2249 probatur,
1799 2152 1982 2250 quia
2049 2176 2227 2226 cum

682 2269 855 2344 talis
886 2267 1076 2343 fides
1109 2268 1206 2343 sit
1245 2277 1537 2343 tantum
1593 2292 1635 2343 a
1684 2270 1873 2362 De0‚
1940 2278 2014 2343 et
2072 2293 2226 2342 non

681 2385 775 2459 ab
808 2385 1104 2460 actibus
1163 2384 1471 2478 nostris,
1543 2409 1697 2458 non
1759 2384 2035 2483 poterit
2093 2409 2232 2482 per

679 2511 895 2577 actus
941 2510 1242 2575 nostros
1319 2501 1760 2590 annihilari,
1857 2526 1998 2576 nec
2086 2502 2232 2576 ali-

677 2642 830 2716 quo
926 2618 1151 2693 modo
1242 2620 1658 2718 corrumpi,
1758 2642 1897 2693 nec
1999 2620 2227 2694 etiam

676 2738 1143 2812 demerendo
1226 2738 1453 2812 etiam
1549 2761 1684 2837 per
1810 2738 2230 2812 maximum

675 2865 1104 2952 peccatum,
1174 2864 1253 2929 ut
1351 2879 1488 2954 per
1542 2856 1801 2929 odium
1883 2855 2021 2929 Dei
2090 2880 2225 2954 po-

675 2980 820 3045 test
875 2972 1048 3069 quis
1126 2971 1354 3047 fidem
1424 2996 1641 3046 suam
1703 2996 2225 3070 corrumpere,

677 3089 883 3165 unde
935 3100 1009 3165 et
1053 3089 1445 3165 daemones
1513 3091 1834 3166 credunt
1901 3088 2048 3166 side
2109 3090 2232 3163 in-

686 3208 952 3303 formi3
1027 3233 1208 3306 ergo
1285 3209 1347 3283 si
1401 3218 1732 3306 ponatur
1811 3208 1985 3282 talis
2039 3207 2231 3284 fides

687 3323 966 3412 infusa,
1005 3326 1219 3399 nullo
1262 3325 1488 3398 modo
1519 3335 1778 3422 posset
1805 3326 2222 3422 corrumpi,

691 3443 895 3542 quod
928 3466 1084 3517 non
1119 3441 1445 3516 videtur.

786 3561 1196 3649 Praeterea,
1235 3559 1298 3632 si
1330 3558 1610 3656 aliquis
1646 3558 1953 3633 habitus
1995 3568 2107 3633 est
2135 3560 2226 3632 ad

684 3670 942 3763 fidem,
992 3695 1219 3770 quam
1260 3695 1411 3744 non
1447 3681 1692 3769 potest
1735 3679 1889 3745 tota
1923 3681 2223 3758 natura,

678 3815 819 3865 nec
859 3799 1017 3865 tota
1055 3788 1528 3863 coordinatio
1562 3787 1955 3884 agentium
2003 3798 2229 3862 natu-

676 3908 953 3982 ralium
992 3907 1397 4000 attingere.
1437 3905 1562 3979 ille
1605 3905 1748 3978 erit
1778 3905 2229 4002 simpliciter

676 4024 1086 4126 perfectior
1125 4023 1336 4097 omni
1373 4021 1669 4109 habitu,
1713 4044 1946 4119 quem
1980 4032 2230 4120 potest

678 4145 909 4218 homo
943 4166 1033 4215 ex
1067 4140 1281 4238 puris
1349 4138 1835 4213 naturalibus
1888 4140 2231 4236 acquire-

679 4286 786 4336 re.
834 4259 984 4334 Sed
1029 4256 1219 4332 fides
1261 4257 1322 4331 si
1378 4266 1710 4354 ponatur
1770 4257 2050 4342 infusa,
2118 4266 2232 4331 est

679 4376 1156 4476 hujusmodi,
1191 4375 1374 4473 quia
1397 4398 1550 4448 non
1587 4384 1837 4472 potest
1868 4398 1958 4449 ex
1991 4375 2233 4447 omni-

678 4501 825 4574 bus
880 4493 1362 4569 naturalibus
1422 4492 1611 4579 suiS‚
1663 4502 1744 4565 ut
1803 4516 1894 4566 ex
1927 4492 2231 4567 coordi-

682 4615 997 4692 natione
1070 4612 1465 4706 agentium
1522 4610 1869 4683 omnium
1915 4620 2233 4684 natura-

683 4732 874 4806 lium
925 4740 1000 4805 et
1058 4738 1366 4804 actuum
1438 4751 1757 4802 suorum
1809 4752 1987 4802 eum
2030 4728 2107 4800 in
2152 4749 2232 4800 se

684 4850 1028 4945 gignere,
1068 4871 1209 4921 nec
1235 4868 1553 4921 causare
1585 4871 1601 4931 ;
1637 4845 2233 4942 ergohujusmo-

686 4967 761 5039 di
801 4965 1020 5057 fides,
1058 4964 1120 5038 si
1165 4972 1520 5060 ponatur,
1567 4961 1706 5034 erit
1745 4962 2050 5034 habitus
2106 4984 2235 5032 no-

684 5082 913 5156 bilior
944 5079 1153 5154 omni
1200 5078 1462 5151 habitu
1509 5077 1912 5174 acquisitO,
1973 5087 2051 5150 ut
2094 5079 2238 5149 ha-

684 5199 848 5274 bitu
893 5195 1238 5271 scientim
1297 5193 1914 5280 conclusionum,
1970 5201 2043 5268 et
2117 5192 2239 5263 in-

689 5315 992 5389 tellectu
1055 5309 1664 5409 principiorum;
1730 5309 1861 5384 sed
1928 5311 2071 5383 hoc
2121 5307 2238 5379 vi-

685 5432 907 5506 detur
967 5430 1269 5513 falsum,
1307 5425 1489 5523 quia
1528 5426 1635 5500 sic
1661 5437 1875 5501 actus
1918 5424 2092 5500 fidei
2129 5449 2240 5499 es-

685 5558 798 5623 set
832 5545 1236 5646 perlectior
1293 5553 1462 5616 actu
1509 5544 1798 5616 sciendi
1833 5554 1906 5617 et
1951 5543 2236 5616 intelli·-

689 5665 947 5762 gendi,
986 5686 1161 5738 cum
1215 5659 1618 5758 perfectior
1680 5670 1896 5735 actus
1930 5684 2231 5734 corres-

2042 458 2282 527 LIBRI
2329 458 2449 528 111.

2325 634 2658 731 pendeat
2698 635 3131 732 perfectiori
3176 636 3515 730 habitui3
3563 636 3694 710 sed
3730 638 3874 711 boc

2331 750 2605 824 falsum
2654 761 2793 825 est.

2424 868 2731 961 Contra,
2780 868 2872 942 ad
2936 868 3129 944 Ileh.
3180 869 3292 941 11.
3330 867 3524 942 Sine
3560 866 3871 965 fideim-

2317 984 2688 1085 possz'bz'le
2729 993 2839 1060 est
2879 985 3193 1083 placere
3246 986 3443 1061 Dec.
3488 986 3695 1061 Nihil
3735 1010 3878 1060 au-

2330 1114 2483 1179 tem
2516 1104 2979 1202 acquisitum
3022 1130 3115 1181 ex
3147 1107 3363 1205 puris
3395 1106 3876 1181 naturalibus

2331 1223 2577 1298 reddit
2610 1224 3005 1298 hominem
3048 1226 3478 1322 placentem
3509 1224 3700 1312 Deo,
3734 1247 3877 1299 nec

2330 1351 2683 1437 gratum3
2720 1351 2793 1415 et
2826 1341 3031 1439 quod
3093 1343 3452 1439 loquatur
3512 1342 3741 1417 etiam
3785 1342 3878 1417 de

2333 1459 2482 1534 fide
2524 1459 2805 1553 infusa,
2853 1468 3058 1557 patet
3124 1484 3261 1558 per
3319 1461 3535 1534 illud.
3615 1460 3680 1532 1.
3746 1461 3884 1534 Co-

2336 1576 2570 1649 rinth.
2653 1577 2770 1648 12.
2849 1576 2984 1650 Ad
3045 1576 3209 1651 leaec
3262 1576 3883 1651 eoecellenlz‘orem

2332 1693 2536 1766 viam
2564 1692 2776 1766 vobis
2803 1692 3241 1767 demonstro
3273 1721 3300 1777 ,·
3340 1701 3603 1789 postea
3636 1692 3885 1790 loqui-

2333 1820 2458 1883 tur
2540 1809 2633 1883 de
2695 1810 3110 1883 virtutibus
3206 1810 3697 1907 Theologicis
3778 1810 3887 1882 in-

2336 1926 2551 1999 fusis.

2881 2185 3246 2243 SCHOLIUM
3284 2191 3324 2244 Ι.

2411 2342 2641 2396 Certum
2672 2343 2761 2396 est
2791 2340 2917 2396 dari
2950 2340 3007 2395 in
3044 2341 3210 2396 nobis
3244 2346 3509 2412 respectu
3562 2341 3881 2396 credendo·

2338 2447 2491 2498 rum,
2547 2430 2721 2485 sidem
2769 2429 3117 2503 acquisitam
3159 2450 3174 2498 ;
3235 2435 3465 2486 constat
3517 2430 3673 2485 enim
3725 2430 3880 2501 quod

2338 2536 2481 2590 puer
2514 2536 2625 2573 non
2661 2518 2980 2591 baptizatus
3028 2518 3199 2588 inter·
3225 2536 3330 2575 nos
3380 2519 3686 2584 educatus„
3735 2519 3882 2574 sicut

2338 2610 2458 2677 alii,
2492 2610 2769 2674 erederet,
2794 2615 2852 2664 et
2877 2624 3080 2664 errans
3112 2610 3168 2664 in
3207 2626 3322 2664 uno
3355 2608 3625 2677 articulo,
3659 2608 3883 2664 caeteris

2338 2703 2518 2756 credit
2549 2705 2773 2756 tantum
2808 2717 2874 2757 ex
2908 2702 3213 2773 acquisita,
3248 2706 3303 2757 et
3332 2701 3536 2772 probat
3584 2716 3651 2756 cx
3701 2703 3881 2771 Apos-

2338 2791 2478 2849 tolo.

2436 2973 2655 3047 Circa
2712 2972 2930 3046 istam
2992 2971 3500 3069 quaestionem
3554 2972 3662 3045 sic
3717 2995 3885 3069 pro·
4042 3027 4081 3058 q

2339 3093 2665 3168 cedam:
2742 3090 3001 3165 Primo
3082 3090 3488 3165 declarabo
3557 3090 3648 3165 de
3729 3112 3884 3188 qua
3938 3060 4210 3166 misat-

2338 3210 2485 3284 fide
2528 3218 2821 3283 certum
2864 3217 2976 3282 est
3031 3207 3234 3305 quod
3270 3208 3646 3282 hahemus
3677 3232 3873 3283 eam.
3936 3179 4230 3293 {fffflffi

2338 3328 2723 3419 Secundo,
2765 3337 3069 3419 tangam
3114 3325 3431 3421 aliquid,
3478 3327 3684 3423 quod
3727 3349 3880 3400 non
3977 3312 4032 3356 ‘³‘
4063 3321 4181 3371 ⁸²⁴³·

2338 3452 2451 3518 est
2520 3444 2621 3516 ita
2693 3443 3179 3516 manifestum
3253 3443 3503 3536 nobis,
3596 3443 3887 3518 scilicet

2337 3557 2543 3653 quod
2651 3555 3075 3630 habeamus
3180 3555 3405 3629 fidem
3520 3556 3879 3632 infusam.

2334 3673 2611 3756 Tertio,
2660 3674 2906 3746 dicam
2951 3673 3043 3746 ad
3101 3674 3633 3769 quaestionem.

2432 3790 2543 3865 De
2583 3790 2858 3888 primo,
2917 3789 3085 3864 dico
3152 3789 3356 3887 quod
3418 3801 3708 3864 certum
3772 3801 4103 3879 estffidem
4137 3846 4223 3882 ae-

2337 3906 2539 4005 quod
2607 3915 2953 4003 respectu
3026 3904 3347 3979 istorum
3419 3906 3881 3980 creditorum
3956 3893 4222 3955 q⁰¹⁸i²⁸¹¹¹

3945 3955 4220 4006 habemus

2340 4026 2883 4116 revelatorum,
2963 4047 3104 4097 nos
3159 4023 3574 4097 Christiani
3645 4024 3883 4098 habe-
3942 4019 4228 4091 ‹ieremia-

2341 4166 2508 4214 mus
2589 4139 2813 4215 sidem
2908 4139 3390 4237 acquisitam,
3456 4140 3639 4237 quia
3718 4165 3887 4215 cre·
4036 4087 4126 4133 us·

2337 4258 2593 4331 dimus
2662 4256 2986 4330 firmiter
3030 4256 3390 4330 Ecclesia}
3453 4255 3885 4331 testificanti

2339 4372 2782 4468 hujusmodi
2840 4395 3006 4446 esse
3073 4371 3410 4445 revelata
3467 4395 3512 4445 a
3563 4372 3750 4461 De0‚
3816 4381 3891 4446 et

2339 4489 2586 4587 ipsam
2668 4488 2743 4560 in
2819 4489 2960 4561 hoc
3032 4511 3292 4561 veram
3383 4511 3576 4561 esse.
3669 4487 3890 4563 Unde

2340 4604 2824 4701 Augustinus
2884 4604 2957 4676 in
3005 4603 3330 4700 epistola
3395 4613 3661 4678 contra
3717 4605 3891 4678 fun-

2343 4704 2788 4794 damentum
2850 4718 3319 4793 Manichaei:
3392 4720 3575 4795 Non
3644 4721 3894 4794 crede-

2342 4861 2505 4909 rem
2566 4833 3017 4932 Evanqelio,
3069 4834 3226 4906 m'sz'
3290 4833 3674 4908 crederem
3734 4837 3895 4910 Ec-

2344 4954 2624 5029 clesiae.
2693 4953 2910 5040 Quod
2976 4952 3206 5025 habet
3264 4977 3401 5050 per
3459 4955 3631 5048 hoc,
3689 4957 3894 5054 quod

2344 5073 2646 5169 aliquos
2727 5071 2963 5145 libros
3049 5070 3498 5168 accipimuS,
3593 5074 3895 5173 aliquos

2346 5214 2531 5283 non,
2590 5189 2772 5287 quia
2828 5187 3131 5285 aliquos
3173 5188 3513 5262 Ecclesia
3556 5190 3888 5286 admisit,

2345 5317 2419 5382 et
2462 5305 2762 5403 aliquos
2825 5328 3008 5377 non.

2447 5424 2665 5497 Unde
2751 5422 2964 5496 libris
3054 5421 3463 5496 Canonicis
3540 5447 3696 5497 non
3778 5434 3892 5498 est

2348 5543 2848 5635 credendum,
2918 5540 3059 5613 nisi
3104 5540 3287 5637 quia
3339 5541 3586 5638 primo
3643 5544 3894 5617 credi-

2353 5685 2523 5734 mus
2594 5658 2961 5734 Eeclesiae
3020 5657 3504 5755 approbanti,
3549 5668 3622 5734 et
3679 5683 3893 5734 asse-
