4295 6326
1563 425 1790 493 DIST.
1843 423 1964 492 111.
2020 423 2439 504 QUAESTIO
2491 424 2578 496 ΙΙ.

455 606 622 669 ctus
655 594 894 693 possit
926 616 1093 670 esse
1136 593 1211 668 in
1254 594 1616 688 instanti3
1663 594 1795 669 sed
1842 616 1992 666 non

457 723 571 787 est
611 733 926 787 necesse
959 711 1164 808 quod
1209 710 1281 784 id
1317 710 1582 804 faciat3
1621 710 1792 785 ideo
1839 734 1995 784 non

456 838 571 903 est
634 826 1231 925 imperfectionis
1298 826 1502 924 quod
1583 826 1659 898 in
1730 826 1997 901 eadem

460 966 825 1018 mensura
853 942 1096 1042 possit
1135 966 1370 1018 causa
1402 940 1708 1017 infinita
1737 965 1993 1038 agere,

456 1069 527 1134 et
561 1058 805 1154 finita,
842 1059 1029 1157 quia
1095 1058 1400 1134 infinita
1462 1068 1711 1159 potest
1769 1082 1996 1155 agere

457 1176 564 1250 sic
598 1185 672 1251 et
702 1178 952 1269 aliter,
998 1185 1071 1251 et
1129 1176 1653 1275 Philosophus
1710 1175 2000 1250 intelli-

452 1291 564 1389 git
614 1292 819 1389 quod
867 1302 981 1367 est
1020 1292 1577 1367 inconveniens
1636 1290 1995 1366 virtutem

454 1407 749 1483 finitam
784 1416 858 1483 et
912 1408 1292 1484 infinitam
1336 1409 1414 1481 in
1457 1409 1724 1484 eadem
1777 1431 1998 1483 men-

455 1548 638 1600 sura
714 1549 942 1623 agere
1008 1528 1386 1625 aequalem
1465 1524 1848 1619 ess'ectum,
1931 1525 1993 1597 si

450 1645 697 1719 virtus
782 1643 1086 1719 infinita
1149 1653 1327 1742 agat
1383 1668 1475 1720 ex
1542 1643 1994 1720 necessitate

452 1772 792 1857 naturae3
839 1772 1096 1838 tamen
1130 1763 1207 1836 in
1250 1764 1459 1838 omni
1493 1786 1887 1855 mensura,
1914 1762 1992 1834 in

450 1904 605 1979 qua
644 1880 803 1977 agit
860 1880 1105 1955 virtus
1145 1880 1389 1975 finita,
1445 1881 1601 1978 agit
1660 1878 1988 1973 infinita,

454 2007 535 2071 ut
574 2022 809 2073 causa
846 1997 1321 2096 principalis.

212 2147 319 2213 13·
546 2114 658 2189 Ad
691 2114 929 2209 aliud,
965 2114 1134 2190 dico
1168 2114 1372 2213 quod
1407 2114 1471 2189 si
1503 2138 1640 2213 per
1681 2113 1988 2211 aliquod

99 2266 391 2316 Adseeun-
453 2243 754 2310 temnus
805 2233 902 2308 sit
960 2233 1252 2331 aliquid
1312 2257 1614 2308 summe
1655 2231 1988 2306 calidum

185 2332 338 2381 ‘'¹¹²¹'’
685 2350 834 2424 imo
893 2350 1239 2443 instanti,
1274 2351 1527 2424 adhuc
1585 2358 1698 2424 est
1750 2349 1990 2421 forma

685 2490 776 2541 :se
803 2466 1091 2565 quiem,
1115 2477 1188 2542 et
1219 2469 1548 2566 perfecte
1581 2466 1658 2540 in
1686 2489 1988 2541 summo

685 2649 689 2657 .
752 2584 1161 2659 caliditatis
1229 2609 1470 2683 agens
1528 2583 1989 2680 infrigidans

685 2703 742 2774 [o
810 2700 1125 2775 instanti
1187 2701 1368 2798 agit,
1426 2711 1501 2776 et
1588 2722 1984 2798 nunquam

685 2826 920 2893 nanet
981 2817 1121 2892 iste
1180 2818 1465 2914 gradus
1516 2816 1819 2910 caloris,
1856 2816 1990 2890 sed

685 2958 729 3007 ws
810 2932 1096 3030 gradus
1156 2933 1587 3029 frigiditatis
1639 2941 1985 3032 respectu

742 3046 1026 3143 gradus
1059 3047 1361 3135 caloris,
1400 3047 1504 3122 ita
1548 3047 1751 3145 quod
1820 3053 1993 3144 post

685 3189 748 3240 ie
791 3165 1156 3259 calidum,
1222 3166 1513 3264 absque
1581 3165 1835 3241 medio
1878 3172 1994 3239 est

685 3307 733 3357 s
785 3283 1216 3380 frigiditatis
1257 3283 1332 3356 in
1390 3283 1774 3380 subject03
1828 3291 1991 3358 esto

685 3426 687 3438 ·
747 3400 951 3497 quod
995 3424 1234 3497 agens
1301 3408 1503 3475 esset
1540 3400 1644 3474 ita
1717 3407 1991 3497 potens

735 3540 1035 3591 summe
1114 3517 1540 3611 induceret,
1622 3516 1726 3591 ita
1784 3516 1992 3614 quod

705 3633 1123 3709 remitteret
1189 3634 1280 3709 de
1349 3657 1649 3709 summe
1711 3633 1987 3726 calid0,

685 3749 1111 3824 inducendo
1198 3774 1497 3826 summe
1595 3749 1986 3847 frigidum,

689 3876 890 3942 esset
947 3867 1196 3942 simile
1238 3855 1665 3942 inductioni
1720 3866 1989 3963 gratiae

689 3984 850 4059 llud
890 3984 1213 4080 instanS,
1250 3985 1327 4058 in
1389 4007 1541 4083 quo
1583 3984 1782 4060 inest
1824 3985 1994 4058 cul-

150 4116 353 4188 ¹ntusio
685 4102 861 4177 lunc
901 4100 1156 4178 autem
1200 4126 1354 4178 non
1420 4111 1534 4177 est
1574 4101 1818 4198 major
1870 4125 1990 4176 re-

96 4185 417 4298 S‘Ji‘ffibffi‘f
451 4218 877 4316 pugnantia
942 4218 1144 4317 quod
1219 4211 1628 4294 inducatur
1689 4242 1988 4294 summe

94 4315 183 4352 Μ
214 4309 396 4417 ἷῗέ.ῑ“’
451 4336 841 4433 frigidum,
915 4359 1147 4434 quam
1192 4337 1661 4437 quicumque
1703 4337 1988 4434 gradus

448 4476 492 4525 a
523 4453 801 4528 virtute
845 4452 1193 4546 infinita3
1241 4453 1372 4528 sed
1403 4451 1589 4526 illud
1633 4475 1786 4527 non
1822 4450 1979 4544 fiet,

445 4593 590 4644 nec
644 4595 780 4668 per
839 4579 1159 4664 motum,
1238 4593 1379 4645 nec
1446 4593 1584 4667 per
1639 4568 1988 4644 mutatio-

446 4711 620 4761 nem
663 4714 679 4774 ;
717 4712 867 4762 non
925 4712 1060 4786 per
1097 4696 1416 4781 motum,
1462 4686 1646 4784 quia
1675 4710 1827 4762 non
1874 4695 1988 4761 est

444 4804 625 4878 dare
667 4804 999 4901 primum
1038 4803 1360 4897 instans,
1406 4802 1483 4875 in
1528 4825 1681 4900 quo
1740 4802 1987 4899 gratia

441 4930 555 4994 est
608 4920 949 5016 inducta,
998 4929 1070 4996 et
1125 4929 1236 4995 est
1271 4921 1450 4995 dare
1492 4920 1824 5020 primum
1862 4920 1983 4993 in-

90 5043 219 5094 me
257 5048 404 5098 Doct·
441 5049 677 5126 stam,
721 5039 799 5111 in
863 5063 1013 5137 quo
1044 5048 1156 5113 est
1205 5039 1539 5137 primum
1608 5044 1983 5112 mutatum

87 5107 279 5221 3123?ss
303 5113 407 5222 3¹?
442 5182 601 5231 esse
653 5158 1093 5234 immediate
1163 5170 1335 5258 post
1377 5169 1713 5253 motum3
1753 5158 1986 5256 igitur

105 5237 366 5351 n¹u⁰1i¹ss⁹¹2²iss
442 5281 1033 5372 post-mutatam
1103 5299 1263 5349 esse
1330 5284 1532 5350 esset
1572 5284 1854 5369 motus,
1913 5282 1989 5349 et

445 5400 627 5466 tunc
671 5392 919 5468 simile
954 5403 1066 5468 est
1110 5394 1441 5468 totaliter
1472 5403 1845 5491 quantum
1889 5392 1977 5465 ad

449 5515 622 5602 hoc,
693 5512 896 5609 quod
958 5511 1393 5587 immediate
1461 5521 1633 5611 post
1677 5514 1981 5612 culpam

448 5630 956 5704 inhaerentem
1024 5653 1161 5728 per
1199 5630 1496 5705 instans
1563 5639 1676 5705 est
1741 5633 1986 5728 gratia

3520 429 3649 497 267

2111 591 2549 668 immediate
2582 592 2660 667 in
2701 601 3044 693 tempore
3109 593 3404 669 habito.
3464 595 3656 668 Con-

2109 707 2517 783 siderando
2561 708 2796 805 igitur
2852 710 3075 786 istam
3142 709 3650 786 variationem

2108 823 2201 898 ad
2238 825 2634 919 terminos,
2681 836 2753 901 et
2785 838 3164 924 quantum
3198 828 3290 902 ad
3336 851 3656 903 mensu-

2109 964 2302 1036 ram,
2342 965 2593 1040 neque
2659 952 2774 1018 est
2827 945 3136 1043 proprie
3182 953 3461 1038 motus,
3525 968 3655 1020 ne-

2107 1080 2257 1154 que
2326 1060 2674 1154 mutatio,
2738 1061 2871 1135 sed
2939 1061 3216 1159 partim
3290 1060 3653 1137 convenit

2106 1198 2283 1248 cum
2344 1200 2528 1271 un0,
2612 1178 2887 1276 partim
2948 1202 3124 1254 cum
3207 1180 3387 1274 alio,
3471 1178 3655 1277 quia

2107 1301 2483 1390 quantum
2529 1295 2623 1369 ad
2673 1296 3047 1372 terminos
3080 1298 3442 1373 convenit
3472 1321 3648 1372 cum

2108 1410 2531 1485 mutatione
2562 1412 2640 1485 in
2685 1414 2830 1487 hoc
2874 1415 3079 1512 quod
3122 1414 3431 1490 termini
3472 1423 3655 1488 sunt

2103 1525 2460 1623 oppositi,
2503 1526 2633 1602 sed
2678 1551 2833 1602 non
2889 1538 3264 1627 quantum
3302 1529 3398 1603 ad
3432 1552 3653 1604 men-

2103 1665 2393 1717 suram.

2202 1759 2420 1835 Patet
2459 1761 2693 1857 igitur
2733 1763 3101 1860 primum,
3148 1763 3353 1862 quod
3403 1764 3656 1862 potuit

2102 1898 2270 1950 esse
2314 1877 2520 1973 quod
2562 1879 2818 1976 culpa,
2882 1878 2947 1954 si
3006 1879 3294 1956 inesset
3348 1880 3645 1976 Mariae,

2101 1991 2389 2067 inesset
2427 2017 2564 2092 per
2604 1995 2901 2070 instans
2959 2005 3286 2071 tantum.
3352 1996 3653 2072 Secun-

2100 2109 2280 2182 dum
2326 2120 2555 2207 patet,
2605 2112 2811 2209 quod
2866 2115 3113 2210 potuit
3153 2138 3288 2212 per
3344 2122 3648 2213 tempus

2100 2225 2445 2322 aliquod,
2484 2250 2729 2324 usque
2764 2228 2857 2302 ad
2906 2230 3263 2303 ultimum
3316 2229 3642 2324 instanS,

2100 2341 2300 2415 sicut
2331 2352 2446 2417 est
2477 2344 2569 2418 de
2610 2345 2953 2442 parvulis
2996 2346 3417 2444 baptizatis.
3461 2347 3648 2422 Ter-

2097 2457 2291 2533 tium
2350 2469 2577 2557 patet,
2636 2462 2841 2558 quod
2874 2463 3121 2560 potuit
3196 2486 3363 2539 esse
3431 2464 3638 2561 quod

2097 2598 2500 2673 nunquam
2542 2577 2897 2653 infuisset
2935 2580 3185 2678 culpa,
3235 2589 3318 2654 ut
3356 2581 3642 2679 proba-

2095 2701 2222 2767 tur
2248 2716 2386 2791 per
2424 2693 2763 2771 rationes
2793 2695 3009 2794 prius
3041 2697 3355 2795 positas.

2603 2966 3003 3045 QUAESTIO
3053 2967 3135 3032 11.

2443 3191 2536 3239 DE
2590 3188 2963 3239 CONCEPTU
3019 3185 3303 3236 CHRISTI

2108 3383 2357 3450 Utrum
2431 3382 2751 3451 Christus
2818 3382 2966 3469 suit
3038 3387 3404 3468 conceptus
3497 3377 3650 3444 sine

2666 3491 3012 3576 ονῖῃίηαῐῖ
3042 3492 3077 3555 Ρ

2099 3687 2298 3744 Aleos·
2333 3689 2386 3745 3.
2416 3698 2567 3760 part.
2618 3695 2811 3760 quaesl.
2849 3689 2906 3743 9.
2957 3687 3203 3744 membro
3245 3687 3300 3742 2.
3344 3694 3450 3742 art.
3504 3703 3544 3740 1.
3576 3690 3643 3742 D.

2172 3760 2427 3815 Thomas
2457 3761 2510 3815 3.
2543 3766 2687 3828 part.
2724 3778 2780 3830 q.
2812 3759 2900 3814 31.
2945 3769 3059 3815 are.
3105 3760 3161 3813 7.
3211 3762 3278 3813 D.
3324 3759 3636 3813 Bonavent.

2170 3832 2258 3886 liic
2285 3839 2428 3902 parc.
2453 3837 2501 3886 “ι.
2535 3838 2645 3887 art.
2679 3849 2719 3886 1.
2770 3838 2959 3902 quaest.
3015 3848 3054 3886 1.
3090 3829 3417 3886 Richardus
3446 3833 3557 3884 art.
3590 3845 3635 3885 1.

2171 3911 2360 3974 quaese.
2419 3904 2474 3959 2.
2524 3903 2784 3959 Dux-and.
2831 3906 3021 3974 quaest.
3077 3918 3115 3957 1.
3166 3901 3418 3958 Cordub.
3460 3901 3559 3956 lib.
3601 3917 3640 3954 ι.

2170 3984 2365 4046 quaest.
2397 3975 2486 4030 44.
2518 3974 2661 4046 Veg.
2691 3976 2745 4030 2.
2783 3973 2841 4029 in
2863 3973 3181 4031 Trident.6.
3216 3977 3388 4044 Vasq.
3423 3973 3474 4028 3.
3496 3975 3642 4043 part.

2169 4047 2314 4119 disp.
2354 4048 2475 4103 1¹7.
2507 4051 2717 4103 scotus
2746 4046 2809 4101 in
2840 4046 3015 4103 Oxon.
3047 4045 3154 4102 hic.

2198 4225 2554 4300 Secundo
2589 4221 2962 4324 quaeritur
2998 4248 3012 4299 ε
3052 4223 3325 4298 Utrum
3375 4221 3643 4297 Chris-

2095 4352 2221 4418 tus
2262 4342 2401 4416 fuit
2432 4353 2850 4441 conceptus
2873 4342 3040 4417 sine
3078 4348 3391 4440 peccato
3416 4339 3641 4435 origi-

2095 4460 2252 4536 nali
2278 4460 2318 4532 ?
2348 4459 2533 4534 Dico
2578 4459 2780 4558 quod
2822 4467 3220 4558 peccatum
3262 4455 3636 4553 originale

2096 4575 2506 4675 dupliciter
2544 4585 2803 4674 posset
2842 4573 3219 4659 contrahi,
3281 4571 3403 4647 vel
3457 4569 3641 4667 quia

2095 4718 2233 4793 per
2270 4693 2694 4768 morbidam
2751 4692 3194 4790 qualitatem
3267 4688 3344 4762 in
3416 4710 3643 4763 carne

2096 4809 2580 4899 seminatam,
2622 4810 2741 4883 vel
2774 4807 2977 4906 quia,
3029 4817 3189 4882 esto
3232 4805 3438 4903 quod
3485 4827 3637 4878 non

2094 4937 2298 5006 esset
2330 4925 3035 5026 concupiscibiliter
3075 4923 3480 5016 seminata,
3517 4919 3642 4995 ad-

2094 5048 2248 5121 huc
2290 5054 2488 5120 esset
2531 5043 2826 5118 debitor
2846 5041 3167 5140 justitiae
3208 5038 3634 5139 originaliS,

2093 5163 2277 5261 quia
2317 5172 2531 5260 pater
2569 5184 2736 5237 eam
2779 5158 3055 5258 accipit
3092 5182 3229 5255 pro
3271 5182 3352 5233 se
3381 5166 3454 5232 et
3501 5178 3639 5253 pro

2094 5278 2301 5354 filiis.
2353 5278 2614 5352 Primo
2650 5276 2876 5350 modo
2912 5299 3061 5349 non
3095 5274 3342 5372 potuit
3375 5272 3639 5347 Chris-

2093 5406 2218 5471 tus
2247 5394 2718 5470 contraxisse
2753 5402 3146 5492 peccatum
3194 5390 3566 5487 originale
3611 5416 3630 5482 ;

2091 5522 2257 5587 tum
2290 5511 2471 5610 quia
2524 5511 2840 5608 sanguis
2898 5508 3165 5584 Mariae
3233 5528 3631 5603 nunquam

2093 5631 2236 5706 fuit
2288 5631 2673 5707 animatus
2715 5630 2974 5705 anima
3014 5627 3339 5725 alicujus
3380 5624 3636 5700 homi-
