4295 6326
178 1472 398 1524 Rerellit

138 1539 297 1597 Opia.
343 1538 451 1586 Ma-

169 1601 328 1660 gistri
377 1603 430 1649 et

163 1662 425 1727 Hugonis.

150 4017 434 4068 Materiam

157 4095 278 4132 esse
314 4094 431 4143 par·

125 4150 236 4195 tem
273 4143 428 4207 quid-

187 4207 389 4257 ditatis.

1455 418 1684 488 DIST.
1736 414 1960 484 XXll.
2012 406 2430 492 QUAESTIO
2485 403 2782 473 UNICA.

1060 789 1420 849 SCHOMUM
1457 789 1520 842 ΙΙ.

552 949 758 1006 Probat
787 944 1078 1001 Christum
1115 959 1226 997 non
1264 934 1774 995 fuisse-bominem
1828 933 1886 989 in
1919 931 2025 987 tri-

482 1046 594 1100 duo
625 1058 692 1097 ex
725 1041 972 1111 August.
1005 1040 1062 1092 et
1104 1040 1367 1090 Damaso.
1419 1035 1477 1085 et
1529 1027 1726 1110 multis
1783 1024 2022 1081 rationi-

478 1138 591 1193 bus
622 1132 818 1207 probat
857 1127 1147 1185 materiam
1172 1139 1301 1181 esse
1329 1124 1399 1178 de
1430 1118 1754 1194 quidditate
1786 1130 2026 1187 compo-

481 1226 597 1284 siti.

586 1400 735 1474 Sed
804 1404 1073 1472 contra
1130 1392 1539 1487 Hugonem
1609 1395 1684 1461 et
1749 1383 2028 1479 Magis-

492 1530 690 1592 trum
733 1512 1085 1610 arguitur
1125 1509 1372 1608 primo
1425 1527 1561 1603 per
1612 1500 2028 1577 auctorita-

485 1646 636 1711 tem
678 1628 1090 1727 Augustini
1149 1627 1264 1698 13.
1330 1624 1422 1697 de
1465 1620 1783 1694 Civitate
1853 1616 2020 1704 Dei,

485 1778 650 1852 cap.
712 1750 830 1822 23.
899 1748 1150 1820 Homo
1209 1765 1365 1816 non
1433 1746 1543 1814 est
1589 1759 1863 1832 corpus
1906 1756 2030 1807 30-

488 1872 671 1951 lum,
724 1889 866 1941 nec
906 1864 1171 1938 anima
1237 1857 1428 1949 sola,
1489 1853 1625 1930 sed
1684 1850 1873 1950 quid
1932 1873 2030 1923 θα)

483 1988 747 2061 anima
772 1985 1083 2063 constat,
1127 1983 1197 2051 et
1235 1995 1550 2071 corpore
1595 1997 1613 2063 3
1650 1978 1725 2043 et
1751 1988 2024 2065 parum

482 2112 704 2202 post:
767 2099 961 2172 Cum
1029 2100 1139 2167 est
1191 2097 1598 2185 utmcmque
1656 2085 2028 2182 conju-nc-

481 2229 641 2296 tum
682 2215 908 2291 habet
941 2210 1275 2287 hominis
1314 2229 1620 2282 nomen.

578 2336 990 2423 Praeterea,
1098 2328 1626 2400 Damascenus
1717 2318 1847 2392 lib.
1948 2318 2019 2390 3.

481 2478 648 2552 cap.
714 2449 785 2523 3.
842 2456 912 2522 el
955 2446 1075 2518 24.
1147 2443 1456 2517 solvens
1515 2437 2022 2534 ohJectionem

479 2568 1050 2650 haereticorum,
1083 2556 1594 2659 quaerentium
1639 2551 2023 2651 quomodo

479 2710 747 2764 omnes
782 2682 1136 2758 homines
1176 2686 1355 2753 sunt
1405 2674 1637 2748 unius
1692 2679 2020 2761 naturae,

481 2804 662 2879 dicit
728 2801 934 2899 quod
1013 2799 1158 2870 hoc
1222 2794 1421 2879 idea,
1482 2789 1667 2887 quia
1752 2808 2025 2860 omnes

482 2922 769 2996 hahent
849 2915 1185 2990 animam
1272 2918 1345 2983 et
1434 2928 1741 3002 corpus,
1848 2925 2024 3001 quae

477 3038 863 3139 pertinent
945 3032 1039 3106 ad
1138 3036 1491 3102 naturam
1570 3024 2018 3096 humanam.

479 3157 686 3231 Idem
756 3153 1315 3238 DamascenuS,
1398 3165 1565 3239 cap.
1640 3139 1758 3214 58.
1845 3138 2028 3213 dicit

480 3273 684 3373 quod
719 3268 1070 3344 Christus
1100 3261 1368 3337 habuit
1398 3282 1665 3333 verum
1711 3281 2020 3354 corpuS,

476 3400 549 3465 et
621 3410 774 3460 non
835 3378 1438 3482 phantasticum,
1543 3373 1726 3472 quia
1803 3373 2027 3448 aliter

481 3530 634 3579 non
697 3508 898 3577 esset
963 3495 1305 3594 ejusdem
1388 3500 1688 3566 naturae
1766 3488 2026 3562 nobis-

480 3645 719 3712 cum3
785 3640 966 3711 ergo
1036 3610 1463 3686 secundum
1525 3606 1802 3704 ipsum,
1873 3627 2028 3678 cor-

479 3763 626 3838 pus
648 3735 978 3834 pertinet
1028 3731 1119 3805 ad
1163 3738 1517 3802 naturam
1568 3725 2019 3815 humanam,

482 3866 556 3932 et
588 3879 742 3929 non
789 3860 1080 3927 tantum
1124 3846 1406 3921 anima.

582 3973 993 4060 Praeterea,
1059 3973 1324 4038 contra
1391 3982 1524 4034 eos
1591 3956 2026 4055 specialiter

485 4086 862 4184 arguitur,
936 4078 1069 4178 qui
1128 4077 1394 4150 dicunt
1453 4073 1653 4172 quod
1708 4071 2025 4145 materia

484 4229 634 4280 nou
693 4212 803 4279 est
865 4222 1039 4297 pars
1092 4191 1563 4293 quiddi‘tatis,
1624 4189 1753 4263 sed
1821 4187 2025 4284 quod

484 4324 727 4396 forma
802 4318 898 4392 sit
965 4324 1122 4387 tota
1179 4308 1609 4408 quidditas3
1678 4304 2028 4400 arguitur

499 4440 607 4514 sic
709 4435 956 4534 primo
1036 4438 1302 4503 contra
1384 4449 1399 4499 ;
1493 4423 2022 4518 Quaecutnque

483 4552 818 4630 essentia
885 4557 999 4623 est
1075 4542 1469 4619 sufficiens
1539 4538 1728 4612 ratio
1793 4537 2021 4611 alicui

484 4669 816 4753 essendi,
890 4659 1466 4756 circumscripto
1532 4677 2022 4753 quocumque

482 4790 662 4880 alie,
734 4785 932 4858 sicut
1033 4774 1368 4853 essentia
1457 4771 1830 4847 albedinis
1912 4780 2026 4844 est

481 4903 876 4980 sufficiens
912 4896 1099 4969 ratio
1130 4890 1358 4966 alicui
1393 4887 1695 4963 essendi
1731 4888 2018 4975 album,

483 5015 1061 5112 circumscripto
1141 5027 1631 5108 quocumque
1701 5004 1849 5078 alio
1896 5032 1913 5097 3
1961 5003 2022 5078 si

484 5161 666 5236 ergo
715 5137 954 5208 forma
1014 5127 1214 5224 ignis
1275 5124 1367 5198 sit
1431 5132 1585 5196 tota
1638 5109 2025 5218 quidditas

482 5256 742 5353 ignis,·
820 5273 1001 5344 ergo
1076 5246 1317 5317 forma
1392 5240 1595 5336 ignis
1690 5239 2026 5312 circum-

478 5368 758 5469 scripto
785 5387 1034 5463 quccu
1050 5383 1274 5456 mque
1309 5357 1608 5450 alio,est
1634 5353 2024 5430 sufficiens

483 5492 674 5568 ratio
735 5481 1039 5562 essendi
1121 5481 1377 5569 ignem
1435 5504 1450 5568 3
1527 5500 1708 5570 ergo
1770 5485 2026 5572 posset

481 5632 649 5686 esse
684 5604 884 5703 ignis
920 5604 1271 5673 manente
1315 5595 1478 5667 sola
1522 5594 1761 5666 forma
1792 5592 2019 5689 igniS,

3540 393 3669 459 423

2130 592 2204 657 et
2272 602 2422 655 non
2475 576 2821 669 materia,
2894 573 3098 673 quod
3171 573 3437 645 salsum
3525 578 3663 641 est.

2129 698 2351 774 Unde
2411 695 2836 771 secundum
2902 691 3122 765 istam
3183 689 3416 780 viam,
3472 694 3672 759 esset

2130 814 2542 890 dicendum
2601 810 2804 908 quod
2868 806 3187 881 materia
3265 802 3456 877 nihil
3526 811 3666 893 est,

2130 932 2261 1007 sed
2333 930 2539 1029 quod
2605 929 2702 1003 sit
2764 926 3028 1002 eadem
3090 919 3426 998 essentia
3492 942 3663 993 cum

2132 1049 2399 1123 forma.

2231 1165 2644 1255 Praeterea,
2716 1158 2938 1255 cujus
3005 1154 3339 1231 essentia
3396 1161 3510 1226 est
3550 1149 3673 1222 in-

2131 1291 2415 1372 creata,
2480 1300 2635 1352 non
2715 1276 2941 1349 hahet
3013 1293 3323 1347 causam
3406 1297 3424 1362 ;
3489 1291 3670 1362 ergo

2131 1398 2355 1491 cujas
2386 1420 2544 1470 esse
2597 1403 2711 1468 est
2769 1393 3249 1466 incausatum
3303 1411 3347 1460 a
3409 1384 3676 1459 termi-

2135 1515 2255 1589 nis
2333 1511 2799 1601 intrinseciS,
2873 1530 3025 1580 non
3105 1505 3333 1578 habet
3399 1525 3672 1575 causas

2132 1631 2602 1706 extrinsecas
2647 1662 2664 1720 3
2711 1625 2843 1700 sed
2893 1624 3022 1696 illa
3080 1619 3437 1705 essentia,
3498 1640 3674 1714 quae

2134 1771 2289 1820 non
2359 1744 2683 1818 includit
2754 1738 3146 1814 materiam
3232 1746 3312 1809 ut
3378 1744 3669 1833 partem

2132 1866 2283 1959 sni,
2320 1874 2435 1940 est
2478 1868 2874 1937 incausata
2924 1881 2973 1955 a,
3020 1855 3338 1929 materia
3398 1852 3677 1925 intrin-

2133 2007 2360 2076 sece3
2407 2004 2588 2077 ergo
2641 1980 2770 2052 illa
2821 1973 3154 2051 essentia
3230 1996 3383 2044 non
3443 1969 3671 2043 habet

2133 2122 2446 2174 causam
2489 2094 2916 2171 naturalem
2959 2119 2976 2184 3
3023 2112 3205 2185 ergo
3240 2085 3675 2185 substantia

2131 2214 2551 2291 materialis
2628 2235 2780 2285 non
2854 2208 3083 2282 habet
3135 2203 3526 2278 materiam
3596 2211 3673 2274 ut

2130 2355 2472 2421 causam,
2518 2328 2702 2428 quia
2741 2335 2856 2401 est
2894 2324 3290 2398 incausata
3328 2343 3372 2394 a
3433 2327 3675 2392 mate-

2134 2448 2271 2522 ria.

2232 2569 2644 2658 Praeterea,
2677 2586 2815 2638 ens
2847 2560 3314 2656 completum
3368 2566 3442 2629 et
3500 2577 3676 2652 per-

2130 2682 2521 2759 fectumin
2559 2680 2818 2776 aliquo
2851 2697 3134 2772 genere
3195 2696 3349 2745 non
3412 2672 3676 2744 unitur

2132 2800 2362 2874 alicui
2423 2797 2571 2871 nisi
2641 2817 2776 2893 per
2842 2790 3227 2881 accidenS,
3274 2787 3457 2884 quia
3515 2810 3665 2859 non

2131 2921 2381 3012 potest
2427 2912 2669 2985 facere
2710 2929 2947 2980 unum
2992 2926 3128 3001 per
3154 2925 3233 2976 se
3268 2923 3443 2974 curn
3487 2899 3665 2992 alie,

2131 3028 2281 3102 nisi
2315 3025 2517 3125 quod
2552 3025 2671 3097 vel
2720 3032 2835 3097 est
2868 3017 3233 3118 potentia,
3272 3017 3390 3091 vel
3426 3023 3665 3088 actus.

2130 3146 2282 3221 Sed
2349 3144 2412 3218 si
2475 3166 2519 3217 a
2565 3137 2985 3239 quidditate
3064 3133 3171 3209 rei
3242 3132 3674 3208 excluditur

2134 3261 2479 3348 materia,
2544 3260 2645 3332 ita
2695 3255 2899 3354 quod
2960 3250 3345 3350 quidditas
3416 3249 3522 3324 rei
3578 3249 3675 3322 sit

2130 3389 2427 3455 tantum
2482 3379 2751 3458 forma,
2815 3383 2999 3447 tunc
3059 3393 3235 3444 cum
3295 3367 3532 3441 forma
3578 3367 3674 3441 sit

2130 3520 2270 3573 ens
2302 3495 2765 3592 completum
2811 3490 2885 3563 in
2917 3509 3229 3584 genere,
3304 3493 3383 3558 ut
3441 3494 3521 3558 tu
3555 3482 3674 3556 di-

2131 3615 2264 3700 cis,
2298 3613 2594 3688 sicutet
2627 3605 3012 3707 quidditas
3073 3603 3210 3697 rei,
3279 3624 3456 3699 quae
3519 3624 3668 3674 non

2130 3741 2247 3806 est
2333 3752 2470 3827 per
2559 3749 2638 3801 se
2756 3718 3389 3811 determinabiliS,
3490 3741 3671 3814 ergo

2131 3847 2374 3921 forma
2440 3842 2630 3917 nulli
2711 3847 2957 3937 potest
3029 3835 3254 3920 uniri,
3340 3834 3489 3907 nisi
3579 3834 3672 3907 ad

2129 3958 2754 4037 constitueudum
2794 3976 3031 4027 unum
3075 3974 3212 4049 per
3260 3948 3664 4038 accidens;

2128 4100 2312 4171 ergo
2356 4074 2479 4147 hic
2512 4070 2714 4166 ignis
2765 4054 3235 4163 compositus
3287 4087 3378 4137 ex
3429 4073 3672 4137 mate-

2131 4194 2270 4285 ria,
2316 4202 2388 4265 et
2449 4191 2692 4262 [orma
2751 4208 2899 4257 non
2967 4181 3110 4255 erit
3160 4204 3293 4278 per
3362 4202 3441 4253 se
3501 4203 3666 4265 enS,

2129 4308 2331 4406 quod
2380 4307 2652 4380 salsum
2696 4311 2832 4375 est.

2232 4428 2641 4513 Praeterea,
2686 4417 2875 4491 illud
2917 4415 3122 4512 quod
3159 4436 3312 4486 non
3347 4413 3672 4487 includit
3700 4469 3777 4516 ou

2129 4545 2466 4640 aliquam
2502 4534 2998 4635 quidditatem
3059 4530 3389 4625 alicujus
3447 4554 3671 4625 gene-

2129 4787 2280 4849 tate
2350 4771 2679 4865 alicujus
2739 4769 2810 4840 in
2860 4787 3170 4861 genere,
3238 4786 3388 4836 non
3437 4775 3551 4837 est
3592 4764 3664 4836 in

2130 4914 2411 4990 genere
2445 4910 2721 4986 perse,
2770 4905 2909 4956 nec
2943 4904 3078 4979 per
3112 4880 3665 4976 reductionem,

2131 5009 2313 5106 quia
2353 5005 2558 5104 quod
2591 5026 2725 5100 per
2755 5023 2835 5074 se
2877 5007 2990 5072 est
3041 4997 3115 5069 in
3181 5020 3493 5092 genere,
3551 4999 3673 5071 in-

2131 5124 2370 5199 cludit
2400 5119 2899 5218 quidditatem
2947 5113 3284 5210 aliquam
3333 5115 3666 5209 generiS,

2132 5251 2204 5317 et
2246 5238 2449 5338 quod
2492 5248 2604 5310 est
2645 5235 2720 5306 in
2756 5255 3035 5328 genere
3097 5255 3230 5328 per
3286 5231 3673 5304 reductio-

2132 5382 2338 5450 nem,
2388 5353 2802 5428 includitur
2835 5350 2909 5421 in
2959 5348 3379 5444 quidditate
3427 5348 3671 5421 alicu-

2122 5477 2253 5572 jus
2294 5495 2538 5570 perse
2586 5469 2659 5541 in
2722 5489 3030 5562 genere.
3124 5464 3273 5537 Sed
3354 5465 3669 5539 materia

2132 5588 2555 5666 secundum
2621 5585 2837 5657 istam
2884 5580 3356 5679 opinionem,
3398 5591 3666 5657 neutro

3835 1167 3894 1235 6.

3757 4545 3786 4579 a
3813 4467 3991 4580 pei-²3¹⁵

3811 4546 3918 4593 iqui

2130 4661 2262 4752 ris,
2300 4680 2442 4731 nec
2473 4679 2606 4752 per
2638 4676 2717 4726 se
2762 4647 3181 4723 includitur
3219 4647 3297 4718 in
3362 4645 3671 4743 quiddi-
3718 4598 4003 4708 esiasssseffe'
