4295 6326
1540 422 1761 489 DIST.
1816 421 1934 488 vl.
1989 422 2406 501 QUAESTIO
2455 423 2641 493 Vltl.

444 594 807 691 primum,
917 595 1207 670 scilicet
1282 596 1836 684 characterem,
1912 600 1990 665 ut

448 710 1026 808 dispositionem
1095 712 1488 810 praeviam,
1554 734 1704 784 non
1760 732 1989 806 opor-

451 834 553 901 tet
587 828 789 924 quod
836 828 1151 926 recipiat
1205 828 1557 925 gratiam,
1630 826 1719 900 ad
1756 849 1988 922 quam

450 944 783 1041 disponit
818 947 1238 1039 character,
1284 945 1710 1020 secundum
1765 942 1986 1016 istam

451 1060 923 1157 opinionem.

547 1177 657 1250 Ad
692 1179 1141 1272 secundam,
1178 1178 1486 1274 quando
1520 1175 1735 1268 dicis,
1781 1175 1989 1248 Deus

451 1304 604 1368 non
648 1295 775 1369 dat
815 1296 1100 1369 donum
1158 1319 1385 1369 suum
1447 1294 1524 1368 in
1594 1294 1724 1368 1110
1783 1302 1983 1385 actu,

99 1157 181 1208 Ad
214 1172 401 1207 secun-

195 1223 336 1270 dum.

449 1411 527 1483 in
561 1435 714 1508 quo
748 1412 922 1509 quis
958 1425 1244 1510 peccat.
1292 1411 1774 1510 Respondeo,
1821 1412 1987 1483 11100
2034 1457 2041 1463 -

449 1530 867 1627 propositio
929 1530 993 1603 si
1047 1530 1469 1628 accipiatur
1536 1527 1989 1603 universali-

446 1649 697 1733 ter‚sic
730 1658 844 1722 est
876 1648 1089 1741 falsa,
1119 1658 1427 1746 propter
1467 1648 1984 1720 characterem

447 1764 579 1862 qui
637 1765 885 1839 solum
955 1764 1385 1838 infunditur
1451 1763 1850 1837 actualiter
1908 1761 1983 1833 111

446 1894 617 1956 actu
657 1881 986 1975 mortali,
1037 1907 1177 1956 nec
1220 1884 1363 1955 1100
1397 1891 1509 1955 est
1558 1878 1988 1978 impossibi-

445 2003 539 2090 le,
588 2001 769 2098 quia
826 2001 1034 2074 Deus
1104 2025 1255 2074 non
1315 2001 1479 2072 vult
1547 2021 1988 2072 sacramen-

445 2126 605 2192 tum
658 2142 885 2192 suum
929 2117 1243 2190 omnino
1314 2115 1707 2207 frustrari3
1789 2124 1988 2188 esset

444 2244 699 2310 autem
749 2236 1047 2320 trustra,
1108 2233 1168 2308 si
1215 2258 1366 2307 non
1413 2232 1728 2306 haberet
1758 2229 1987 2305 effec—

444 2362 605 2425 tum
676 2374 902 2424 suum
946 2350 1408 2448 proximum,
1474 2347 1761 2421 scilicet
1801 2348 1986 2420 cha-

445 2477 848 2560 racterem,
901 2476 980 2541 ut
1039 2467 1113 2539 in
1149 2465 1348 2552 fictO,
1396 2465 1528 2562 qui
1561 2489 1714 2538 non
1760 2463 1987 2536 habet

443 2609 584 2660 nec
672 2583 941 2681 recipit
1034 2581 1385 2658 effectum
1459 2579 1981 2678 principalem,

442 2702 731 2777 scilicet
761 2700 1113 2798 gratiam,
1160 2710 1232 2776 et
1273 2701 1379 2775 sic
1412 2701 1816 2774 frustratur
1866 2723 1983 2772 sa-

442 2829 922 2895 cramentum
964 2817 1336 2916 Baptismi
1380 2817 1473 2890 al)
1516 2815 1786 2892 ess'cctu
1822 2816 1986 2911 ejus

443 2937 878 3036 principali,
924 2935 1389 3032 impediente
1434 2941 1742 3032 peccato
1782 2957 1985 3006 mor—

448 3054 602 3146 tali,
650 3075 877 3150 quem
927 3052 1098 3126 talis
1143 3075 1292 3124 non
1366 3050 1617 3134 hahet,
1689 3073 1843 3123 non
1888 3059 1989 3124 ta-

448 3194 616 3245 men
659 3172 1063 3243 frustratur
1094 3168 1189 3243 ab
1222 3168 1387 3265 ejus
1428 3166 1696 3241 effectu
1731 3167 1986 3242 minus

444 3287 848 3387 principali
879 3285 1350 3375 immediate,
1399 3284 1830 3381 cujusmodi
1873 3294 1986 3359 est

445 3407 864 3478 character.

201 3547 303 3613 ¹3.
545 3523 656 3595 Ad
689 3521 1014 3610 tertiam,
1050 3520 1357 3616 quando
1377 3520 1749 3617 arguitur,
1780 3523 1983 3618 quod

86 3639 737 3715 Adtertiam.donum
804 3647 1103 3734 gratum
1194 3638 1480 3712 faciens
1545 3662 1695 3713 non
1763 3639 1986 3712 datur

451 3754 615 3829 sine
648 3753 919 3849 gratia,
965 3753 1133 3827 dico
1167 3753 1370 3850 quod
1433 3755 1598 3827 haec
1632 3754 1985 3851 proposi-

446 3870 553 3943 tio
593 3878 706 3943 est
740 3870 951 3961 falsa,
1015 3868 1077 3940 si
1125 3856 1658 3942 universaliter
1700 3868 1984 3942 intelli-

443 3995 709 4082 gatur3
760 3983 947 4057 tides
975 3984 1179 4057 enim
1215 3993 1327 4057 est
1359 3984 1645 4057 donum
1679 3994 1980 4079 gratum

446 4103 757 4190 facienS,
790 4111 861 4176 et
892 4109 1140 4199 potest
1172 4100 1470 4174 infundi
1505 4101 1670 4175 sine
1704 4102 1974 4197 gratia,

112 4240 393 4313 Fides-po·
445 4231 846 4296 etmanere
889 4220 1132 4315 gratia
1178 4230 1561 4315 corrupta.
1614 4222 1701 4293 Et
1744 4208 1981 4317 quan-

84 4306 408 4441 ruifiii'fe‘isse
446 4338 539 4411 do
592 4337 781 4411 dicis
825 4337 1027 4435 quod
1073 4336 1279 4410 Deus
1337 4336 1722 4410 neminem
1767 4348 1981 4411 curat

145 4435 337 4493 ΨΜ·
443 4454 895 4552 semiplene,
942 4453 1075 4528 sed
1119 4453 1471 4551 perfecte,
1536 4453 1705 4528 dico
1776 4456 1978 4551 quod

443 4584 557 4648 est
598 4596 864 4647 verum
933 4580 1306 4669 quantum
1350 4579 1463 4645 est
1503 4594 1592 4644 ex
1626 4595 1733 4659 se,
1785 4582 1857 4647 et
1888 4573 1978 4645 de

446 4689 782 4788 potentia
825 4688 990 4785 ejus
1049 4688 1422 4776 ordinata,
1490 4689 1663 4762 licet
1703 4690 1793 4765 de
1842 4714 1981 4788 po·-

442 4807 682 4883 tentia
714 4806 1065 4882 absoluta
1097 4814 1351 4903 posset
1376 4829 1645 4880 curare
1682 4832 1815 4904 per
1842 4808 1981 4879 vir-

440 4933 679 4999 tutem
724 4946 985 5008 unam,
1050 4932 1124 4995 et
1184 4946 1336 4995 non
1410 4947 1544 5020 per
1585 4924 1840 5017 aliam,
1909 4934 1982 4999 et

441 5041 542 5115 ita
584 5040 948 5139 possetin
993 5038 1167 5112 ficto
1213 5040 1625 5137 recipiente
1679 5044 1819 5116 1100
1855 5068 1980 5117 sa—

443 5167 948 5248 cramentum,
977 5154 1975 5255 infunderedispositionem

445 5276 537 5349 ad
570 5298 863 5368 curam,
928 5273 1224 5348 etiamsi
1285 5298 1438 5349 0011
1485 5278 1808 5373 perfecte
1843 5303 1980 5353 cu-

445 5404 558 5468 ret
591 5420 609 5486 3
656 5390 1094 5487 hujusmodi
1131 5401 1245 5464 est
1285 5394 1704 5469 character.

114 5529 194 5579 Ad
232 5543 392 5600 quar·
540 5510 650 5583 Ad
686 5519 1063 5607 quartam,
1100 5508 1267 5583 dico
1311 5512 1514 5608 quod
1543 5514 1981 5612 Baptismus

79 5594 409 5709 3340?ssssss
447 5629 661 5701 nullo
699 5625 920 5699 modo
970 5626 1284 5701 haberet
1335 5626 1688 5704 effectum
1721 5656 1977 5735 31111111,

3516 421 3643 488 645

2097 593 2228 688 qui
2264 605 2377 668 est
2435 596 2664 692 plena
2719 595 3101 671 absolutio
3144 620 3186 670 a
3223 618 3453 692 poena
3484 602 3557 666 et
3597 613 3641 663 a
3671 623 3971 689 Baptismus

2096 713 2350 809 culpa,
2383 712 2662 786 virtute
2699 713 2928 808 hujus
2969 710 3455 802 sacramenti,
3488 705 3635 782 nisi
3673 700 3780 801 ¹¹52}
3812 693 3994 806 ,ffibg‘

2098 829 2829 904 characterinesset.
2906 830 3173 903 Posset
3225 837 3476 902 tamen
3523 827 3634 900 01·-
3680 816 3974 941 tffissgffaff‘

2096 946 2373 1019 fectum
2421 947 2919 1044 principalem
2970 970 3228 1022 creare
3272 947 3480 1019 Deus
3538 944 3631 1018 de
3662 941 3951 1057 ῑῦῑῐῖιξξῗῡ·

2096 1063 2439 1160 potentia
2478 1062 2828 1136 absoluta
2904 1063 3068 1137 sine
3131 1061 3402 1137 effectu
3434 1063 3634 1158 'pro-

2093 1178 2301 1252 ximo
2357 1188 2431 1254 et
2463 1180 2929 1270 immediato,
2977 1180 3109 1255 sed
3166 1203 3317 1253 non
3370 1179 3461 1253 de
3495 1202 3637 1276 po-

2094 1296 2333 1370 tentia
2388 1297 2761 1384 ordinata,
2828 1297 3009 1394 quia
3071 1321 3222 1370 non
3301 1294 3638 1394 disponit

2094 1412 2275 1487 dare
2319 1412 2666 1487 effectum
2707 1414 3209 1512 principalem
3252 1413 3485 1510 hujus
3526 1437 3638 1486 sa-

2094 1530 2492 1623 cramenti,
2568 1529 2713 1603 nisi
2770 1529 2984 1626 prius
3072 1528 3381 1604 habenti
3454 1530 3638 1602 clla-

2096 1656 2492 1740 racterem,
2557 1654 2637 1720 ut
2686 1646 3069 1744 quoddam
3149 1647 3455 1742 signum
3516 1669 3639 1721 sa-

2092 1764 2489 1838 cramenti.

2189 1883 2301 1955 Ad
2418 1882 2793 1979 quintam,
2877 1879 3186 1980 quando
3251 1881 3626 1979 arguitur,

2094 1999 2297 2095 quod
2377 1997 2542 2072 sine
2604 2001 3042 2073 charactere
3127 1999 3315 2073 adeo
3385 2006 3632 2096 potest

2092 2116 2373 2190 salvari
2408 2116 2795 2190 distinctio
2857 2114 3105 2190 fidelis
3161 2115 3255 2190 ab
3307 2114 3626 2208 infideli,

2092 2233 2291 2307 sicut
2323 2257 2493 2306 cum
2531 2257 2648 2327 00,
2695 2232 2864 2306 dico
2899 2232 3103 2330 quod
3156 2233 3330 2306 licet
3381 2233 3473 2306 de
3506 2257 3634 2331 po·

2090 2350 2328 2424 tentia
2387 2349 2739 2424 absoluta
2779 2359 3039 2447 posset
3114 2350 3321 2423 Deus
3383 2350 3630 2424 facere

2093 2468 2297 2565 quod
2340 2468 2824 2543 solummodo
2866 2467 3298 2565 suscipiens
3327 2467 3634 2566 Baptis-
3714 2507 3752 2528 .-

2096 2606 2334 2669 mum,
2411 2582 2518 2655 sic
2561 2581 3165 2678 distingueretur
3216 2605 3260 2655 a
3301 2606 3451 2655 non
3497 2605 3634 2655 su-

2092 2698 2490 2796 scipiente,
2576 2709 2649 2773 et
2717 2699 2825 2773 310
2893 2699 3455 2774 adscriberetur
3520 2699 3632 2772 fa-

2097 2816 2328 2890 milia}
2395 2816 2703 2910 Christi,
2787 2825 2859 2890 et
2952 2840 3114 2920 non·
3170 2815 3628 2913 suscipienS,

2090 2932 2337 3006 voluit
2397 2941 2649 3006 tamen
2719 2932 2927 3007 Deus
3005 2931 3081 3004 in
3155 2931 3632 3008 institutione

2096 3053 2326 3149 hujus
2369 3052 2827 3127 sacramenti
2889 3053 3244 3128 assistere
3302 3052 3480 3127 huic
3541 3052 3631 3127 ad

2092 3172 2432 3245 dandum
2494 3172 3044 3264 characterem,
3122 3181 3488 3268 tanquam
3540 3173 3637 3245 el·

2094 3288 2374 3362 fectum
2445 3287 2904 3385 proximum,
2995 3288 3126 3384 qui
3194 3286 3634 3361 immediate

2091 3406 2652 3479 concomitatur
2708 3405 2800 3479 ad
2880 3406 3447 3503 susceptionem
3508 3427 3637 3478 sa-

2091 3522 2488 3600 cramenti.
3847 3614 3850 3619 ⁵

2188 3644 2299 3717 Ad
2342 3652 2629 3718 sextam
2665 3642 2861 3736 dice,
2891 3644 3424 3741 quodpropter
3450 3645 3628 3716 nul-
3660 3674 3973 3732 adamam,

2092 3760 2251 3832 lum
2296 3758 2601 3832 illorum
2644 3758 2962 3857 praecise
2995 3767 3069 3833 et
3108 3759 3453 3834 absolute
3487 3784 3627 3833 vo-

2092 3876 2232 3965 luit
2273 3876 2479 3949 Deus
2517 3874 2667 3950 tale
2708 3875 3016 3972 signum
3059 3900 3224 3951 esse
3260 3900 3627 3953 rememo-

2094 3993 2697 4066 rativum'actus
2760 3992 3066 4090 recepti,
3127 3994 3259 4068 sed
3317 4005 3626 4094 propter
3657 4015 3944 4068 character

2092 4111 2261 4196 hoc,
2341 4120 2415 4183 ut
2494 4134 2670 4183 eum
2736 4110 3128 4209 sucipiens
3179 4114 3270 4188 de
3344 4112 3626 4187 familia
3675 4084 3949 4217 0233’5‘51‘3

2087 4226 2367 4301 Christi
2412 4251 2545 4323 per
2575 4228 3053 4326 Baptismum
3098 4229 3339 4319 fieret,
3379 4241 3452 4306 et
3500 4231 3625 4305 in-
3656 4210 3945 4333 Βξᾷῑῶᾪῗ

2091 4355 2319 4419 traret
2353 4367 2486 4441 per
2508 4354 2803 4443 portam
2839 4347 3324 4441 Sanctorum,
3360 4348 3437 4421 in
3471 4372 3625 4447 qua
3658 4332 3968 4446 meffigfu-

2088 4461 2420 4559 primum
2456 4460 2815 4536 introitur
2866 4462 2942 4535 in
2977 4463 3210 4537 vitam
3275 4465 3627 4561 spiritua·

2087 4581 2265 4664 lem,
2312 4589 2385 4652 et
2417 4578 2586 4652 ideo
2626 4580 2867 4654 voluit
2910 4591 2990 4654 ut
3021 4580 3445 4679 baptizatus
3487 4584 3630 4658 ha-

2087 4695 2300 4770 beret
2331 4719 2422 4769 ex
2443 4697 2941 4794 susceptione
2975 4700 3433 4775 sacramenti
3479 4702 3629 4776 hu-

2076 4813 2208 4910 jus
2241 4812 2550 4908 aliquod
2583 4813 2890 4909 signum
2950 4840 3103 4913 quo
3165 4817 3628 4895 adscribere-

2088 4940 2211 5004 tur
2258 4930 2564 5003 familia}
2614 4955 2821 5017 suae3
2887 4942 2961 5006 et
3028 4933 3202 5009 licet
3246 4932 3622 5034 ChristuS,

2087 5047 2207 5120 vel
2252 5046 2460 5123 Deus
2513 5058 2768 5144 posset
2833 5072 3299 5145 cognoscere
3370 5052 3621 5151 ipsum
3711 5110 3716 5114 -

2084 5187 2252 5237 esse
2297 5162 2388 5236 de
2433 5163 2718 5238 familia
2775 5189 2942 5259 sua,
3006 5191 3098 5240 ex
3139 5170 3626 5267 susceptione

2086 5280 2573 5371 sacramenti,
2612 5291 2683 5355 et
2725 5307 2879 5357 non
2916 5293 3205 5359 tantum
3271 5311 3404 5385 per
3434 5287 3625 5363 illud

2089 5398 2398 5495 signum
2471 5399 2960 5498 impressum,
3041 5404 3285 5477 voluit
3375 5413 3626 5482 tamen

2090 5520 2296 5617 quod
2357 5544 2507 5594 non
2572 5524 2821 5596 solum
2885 5534 3085 5599 esset
3131 5550 3174 5599 a
3222 5549 3303 5600 30
3353 5518 3630 5623 eogno-

2089 5636 2379 5712 scibilis
2424 5649 2787 5738 tanquam
2829 5641 2920 5717 de
2975 5642 3259 5718 familia
3290 5668 3424 5743 per
3453 5669 3631 5723 sus-

3696 1905 3772 1957 Ad
3804 1903 3956 1969 quin·

3753 1973 3880 2019 tam.
