<?xml version="1.0" encoding="UTF-8"?>
<!DOCTYPE html PUBLIC "-//W3C//DTD XHTML 1.0 Transitional//EN"
    "http://www.w3.org/TR/xhtml1/DTD/xhtml1-transitional.dtd">
<html xmlns="http://www.w3.org/1999/xhtml" xml:lang="en" lang="en">
 <head>
  <title>
</title>
<meta http-equiv="Content-Type" content="text/html;charset=utf-8" />
  <meta name='ocr-system' content='tesseract 3.04.00' />
  <meta name='ocr-capabilities' content='ocr_page ocr_carea ocr_par ocr_line ocrx_word'/>
</head>
<body>
  <div class='ocr_page' id='page_1' title='image "./joannisdunsscot00waddgoog_0105.png"; bbox 0 0 4295 6326; ppageno 0'>
   <div class='ocr_carea' id='block_1_1' title="bbox 92 2766 373 2890">
    <p class='ocr_par' dir='ltr' id='par_1_1' title="bbox 92 2766 373 2890">
     <span class='ocr_line' id='line_1_1' title="bbox 92 2766 373 2838; baseline -0.007 -22"><span class='ocrx_word' id='word_1_1' title='bbox 92 2766 373 2838; x_wconf 68' lang='lat' dir='ltr'>Argument.</span> 
     </span>
     <span class='ocr_line' id='line_1_2' title="bbox 120 2842 340 2890; baseline 0.005 -12"><span class='ocrx_word' id='word_1_2' title='bbox 120 2842 340 2890; x_wconf 68' lang='lat' dir='ltr'>primum.</span> 
     </span>
    </p>
   </div>
   <div class='ocr_carea' id='block_1_2' title="bbox 65 4716 386 4778">
    <p class='ocr_par' dir='ltr' id='par_1_2' title="bbox 65 4716 386 4778">
     <span class='ocr_line' id='line_1_3' title="bbox 65 4716 386 4778; baseline 0.006 -9"><span class='ocrx_word' id='word_1_3' title='bbox 65 4716 386 4778; x_wconf 67' lang='lat' dir='ltr'>Secundum.</span> 
     </span>
    </p>
   </div>
   <div class='ocr_carea' id='block_1_3' title="bbox 87 5669 339 5721">
    <p class='ocr_par' dir='ltr' id='par_1_3' title="bbox 87 5669 339 5721">
     <span class='ocr_line' id='line_1_4' title="bbox 87 5669 339 5721; baseline 0.008 -4"><span class='ocrx_word' id='word_1_4' title='bbox 87 5669 339 5721; x_wconf 74' lang='lat' dir='ltr'>Tertium.</span> 
     </span>
    </p>
   </div>
   <div class='ocr_carea' id='block_1_4' title="bbox 1393 458 1832 530">
    <p class='ocr_par' dir='ltr' id='par_1_4' title="bbox 1393 458 1832 530">
     <span class='ocr_line' id='line_1_5' title="bbox 1393 458 1832 530; baseline -0.002 -2"><span class='ocrx_word' id='word_1_5' title='bbox 1393 458 1619 530; x_wconf 89' lang='lat' dir='ltr'><strong>DIST.</strong></span> <span class='ocrx_word' id='word_1_6' title='bbox 1672 459 1832 528; x_wconf 71' lang='lat' dir='ltr'>xlx</span> 
     </span>
    </p>
   </div>
   <div class='ocr_carea' id='block_1_5' title="bbox 1915 456 2622 538">
    <p class='ocr_par' dir='ltr' id='par_1_5' title="bbox 1915 456 2622 538">
     <span class='ocr_line' id='line_1_6' title="bbox 1915 456 2622 538; baseline -0.003 -10"><span class='ocrx_word' id='word_1_7' title='bbox 1915 456 2334 538; x_wconf 89' lang='lat' dir='ltr'>QUAESTlO</span> <span class='ocrx_word' id='word_1_8' title='bbox 2387 456 2622 526; x_wconf 89' lang='lat' dir='ltr'><strong>UNIC.</strong></span> 
     </span>
    </p>
   </div>
   <div class='ocr_carea' id='block_1_6' title="bbox 3534 454 3613 518">
    <p class='ocr_par' dir='ltr' id='par_1_6' title="bbox 3534 454 3613 518">
     <span class='ocr_line' id='line_1_7' title="bbox 3534 454 3613 518; baseline 0 0"><span class='ocrx_word' id='word_1_9' title='bbox 3534 454 3613 518; x_wconf 74' lang='lat'>91</span> 
     </span>
    </p>
   </div>
   <div class='ocr_carea' id='block_1_7' title="bbox 1157 967 2848 1137">
    <p class='ocr_par' dir='ltr' id='par_1_7' title="bbox 1157 967 2848 1137">
     <span class='ocr_line' id='line_1_8' title="bbox 1157 967 2848 1137; baseline -0.001 -5"><span class='ocrx_word' id='word_1_10' title='bbox 1157 967 2307 1137; x_wconf 84' lang='lat' dir='ltr'><strong>DISTINCTIO</strong></span> <span class='ocrx_word' id='word_1_11' title='bbox 2423 970 2848 1135; x_wconf 91' lang='lat' dir='ltr'>XIX.</span> 
     </span>
    </p>
   </div>
   <div class='ocr_carea' id='block_1_8' title="bbox 818 1536 1555 1618">
    <p class='ocr_par' dir='ltr' id='par_1_8' title="bbox 818 1536 1555 1618">
     <span class='ocr_line' id='line_1_9' title="bbox 818 1536 1555 1618; baseline -0.005 -10"><span class='ocrx_word' id='word_1_12' title='bbox 818 1539 1218 1618; x_wconf 79' lang='lat' dir='ltr'>QUAESTIO</span> <span class='ocrx_word' id='word_1_13' title='bbox 1262 1536 1555 1606; x_wconf 84' lang='lat' dir='ltr'>UNlCA.</span> 
     </span>
    </p>
   </div>
   <div class='ocr_carea' id='block_1_9' title="bbox 414 1729 1962 1905">
    <p class='ocr_par' dir='ltr' id='par_1_9' title="bbox 414 1729 1962 1905">
     <span class='ocr_line' id='line_1_10' title="bbox 414 1729 1962 1814; baseline 0 -19"><span class='ocrx_word' id='word_1_14' title='bbox 414 1730 663 1797; x_wconf 80' lang='lat' dir='ltr'><em>Utrum</em></span> <span class='ocrx_word' id='word_1_15' title='bbox 693 1729 768 1796; x_wconf 83' lang='lat' dir='ltr'>in</span> <span class='ocrx_word' id='word_1_16' title='bbox 807 1737 996 1797; x_wconf 80' lang='lat' dir='ltr'>statu</span> <span class='ocrx_word' id='word_1_17' title='bbox 1032 1729 1447 1797; x_wconf 60' lang='lat' dir='ltr'>innocenti&amp;</span> <span class='ocrx_word' id='word_1_18' title='bbox 1474 1730 1678 1797; x_wconf 76' lang='lat' dir='ltr'>homo</span> <span class='ocrx_word' id='word_1_19' title='bbox 1707 1729 1962 1814; x_wconf 78' lang='lat' dir='ltr'>fuisset</span> 
     </span>
     <span class='ocr_line' id='line_1_11' title="bbox 947 1838 1425 1905; baseline 0 -2"><span class='ocrx_word' id='word_1_20' title='bbox 947 1838 1365 1905; x_wconf 77' lang='lat' dir='ltr'>immortalis</span> <span class='ocrx_word' id='word_1_21' title='bbox 1390 1839 1425 1903; x_wconf 83' lang='lat'><em>?</em></span> 
     </span>
    </p>
   </div>
   <div class='ocr_carea' id='block_1_10' title="bbox 403 2030 1954 2445">
    <p class='ocr_par' dir='ltr' id='par_1_10' title="bbox 403 2030 1954 2445">
     <span class='ocr_line' id='line_1_12' title="bbox 403 2030 1953 2103; baseline 0.001 -17"><span class='ocrx_word' id='word_1_22' title='bbox 403 2030 605 2087; x_wconf 76' lang='lat' dir='ltr'>Ateus.</span> <span class='ocrx_word' id='word_1_23' title='bbox 639 2035 692 2085; x_wconf 82' lang='lat'>2.</span> <span class='ocrx_word' id='word_1_24' title='bbox 768 2072 779 2086; x_wconf 93' lang='lat'>.</span> <span class='ocrx_word' id='word_1_25' title='bbox 820 2048 872 2103; x_wconf 84' lang='lat' dir='ltr'>q.</span> <span class='ocrx_word' id='word_1_26' title='bbox 903 2030 994 2087; x_wconf 84' lang='lat'>89.</span> <span class='ocrx_word' id='word_1_27' title='bbox 1022 2045 1180 2086; x_wconf 83' lang='lat' dir='ltr'>mem.</span> <span class='ocrx_word' id='word_1_28' title='bbox 1213 2032 1267 2087; x_wconf 88' lang='lat'>5.</span> <span class='ocrx_word' id='word_1_29' title='bbox 1300 2037 1352 2087; x_wconf 78' lang='lat' dir='ltr'>et</span> <span class='ocrx_word' id='word_1_30' title='bbox 1369 2032 1423 2087; x_wconf 84' lang='lat'>6.</span> <span class='ocrx_word' id='word_1_31' title='bbox 1457 2037 1511 2086; x_wconf 83' lang='lat' dir='ltr'>et</span> <span class='ocrx_word' id='word_1_32' title='bbox 1565 2048 1617 2103; x_wconf 84' lang='lat' dir='ltr'>q.</span> <span class='ocrx_word' id='word_1_33' title='bbox 1667 2030 1755 2086; x_wconf 83' lang='lat'>93.</span> <span class='ocrx_word' id='word_1_34' title='bbox 1789 2047 1953 2087; x_wconf 83' lang='lat' dir='ltr'>mem.</span> 
     </span>
     <span class='ocr_line' id='line_1_13' title="bbox 476 2102 1953 2174; baseline 0.001 -17"><span class='ocrx_word' id='word_1_35' title='bbox 476 2105 532 2158; x_wconf 86' lang='lat'>2.</span> <span class='ocrx_word' id='word_1_36' title='bbox 569 2103 637 2158; x_wconf 92' lang='lat' dir='ltr'>D.</span> <span class='ocrx_word' id='word_1_37' title='bbox 671 2104 716 2158; x_wconf 88' lang='lat' dir='ltr'>T</span> <span class='ocrx_word' id='word_1_38' title='bbox 762 2119 878 2159; x_wconf 90' lang='lat' dir='ltr'>om.</span> <span class='ocrx_word' id='word_1_39' title='bbox 914 2118 953 2156; x_wconf 85' lang='grc' dir='ltr'><strong>ι.</strong></span> <span class='ocrx_word' id='word_1_40' title='bbox 980 2119 1036 2172; x_wconf 89' lang='lat' dir='ltr'>p.</span> <span class='ocrx_word' id='word_1_41' title='bbox 1069 2119 1120 2174; x_wconf 88' lang='lat' dir='ltr'>q.</span> <span class='ocrx_word' id='word_1_42' title='bbox 1155 2103 1241 2158; x_wconf 85' lang='lat'>97.</span> <span class='ocrx_word' id='word_1_43' title='bbox 1272 2120 1327 2158; x_wconf 83' lang='lat' dir='ltr'>a.</span> <span class='ocrx_word' id='word_1_44' title='bbox 1363 2119 1400 2160; x_wconf 84' lang='grc' dir='ltr'><strong>ι.</strong></span> <span class='ocrx_word' id='word_1_45' title='bbox 1435 2111 1486 2158; x_wconf 77' lang='lat' dir='ltr'>et</span> <span class='ocrx_word' id='word_1_46' title='bbox 1523 2102 1612 2158; x_wconf 71' lang='lat' dir='ltr'>hic</span> <span class='ocrx_word' id='word_1_47' title='bbox 1640 2120 1689 2174; x_wconf 43' lang='lat' dir='ltr'>q.</span> <span class='ocrx_word' id='word_1_48' title='bbox 1733 2121 1771 2158; x_wconf 85' lang='lat'>1.</span> <span class='ocrx_word' id='word_1_49' title='bbox 1822 2120 1876 2158; x_wconf 87' lang='lat' dir='ltr'>a.</span> <span class='ocrx_word' id='word_1_50' title='bbox 1901 2106 1953 2159; x_wconf 74' lang='lat'>4.</span> 
     </span>
     <span class='ocr_line' id='line_1_14' title="bbox 481 2174 1953 2247; baseline 0.001 -17"><span class='ocrx_word' id='word_1_51' title='bbox 481 2177 545 2230; x_wconf 89' lang='grc' dir='ltr'><strong>Ι).</strong></span> <span class='ocrx_word' id='word_1_52' title='bbox 579 2180 789 2229; x_wconf 85' lang='lat' dir='ltr'>Bonav.</span> <span class='ocrx_word' id='word_1_53' title='bbox 822 2191 875 2228; x_wconf 84' lang='lat' dir='ltr'>a.</span> <span class='ocrx_word' id='word_1_54' title='bbox 907 2175 964 2228; x_wconf 85' lang='lat'>2.</span> <span class='ocrx_word' id='word_1_55' title='bbox 999 2191 1051 2246; x_wconf 85' lang='lat' dir='ltr'>q.</span> <span class='ocrx_word' id='word_1_56' title='bbox 1085 2191 1125 2229; x_wconf 87' lang='lat'>1.</span> <span class='ocrx_word' id='word_1_57' title='bbox 1158 2184 1210 2230; x_wconf 80' lang='lat' dir='ltr'>et</span> <span class='ocrx_word' id='word_1_58' title='bbox 1241 2192 1273 2229; x_wconf 82' lang='lat' dir='ltr'>a</span> <span class='ocrx_word' id='word_1_59' title='bbox 1300 2176 1349 2231; x_wconf 82' lang='lat'>3.</span> <span class='ocrx_word' id='word_1_60' title='bbox 1387 2179 1578 2247; x_wconf 77' lang='lat' dir='ltr'>quaest.</span> <span class='ocrx_word' id='word_1_61' title='bbox 1612 2190 1651 2229; x_wconf 84' lang='grc' dir='ltr'><strong>ι.</strong></span> <span class='ocrx_word' id='word_1_62' title='bbox 1683 2174 1953 2232; x_wconf 80' lang='lat' dir='ltr'>Richard.</span> 
     </span>
     <span class='ocr_line' id='line_1_15' title="bbox 476 2245 1953 2374; baseline 0 -73"><span class='ocrx_word' id='word_1_63' title='bbox 476 2247 683 2302; x_wconf 80' lang='lat' dir='ltr'><strong><em>ibidem</em></strong></span> <span class='ocrx_word' id='word_1_64' title='bbox 717 2246 886 2329; x_wconf 61' lang='lat' dir='ltr'>Gabi-3</span> <span class='ocrx_word' id='word_1_65' title='bbox 914 2263 965 2318; x_wconf 85' lang='lat' dir='ltr'>q.</span> <span class='ocrx_word' id='word_1_66' title='bbox 990 2247 1140 2302; x_wconf 81' lang='lat' dir='ltr'>unic.</span> <span class='ocrx_word' id='word_1_67' title='bbox 1190 2263 1244 2301; x_wconf 86' lang='grc' dir='ltr'><strong>α.</strong></span> <span class='ocrx_word' id='word_1_68' title='bbox 1292 2247 1348 2302; x_wconf 85' lang='grc'><strong>2.</strong></span> <span class='ocrx_word' id='word_1_69' title='bbox 1395 2254 1447 2302; x_wconf 81' lang='lat' dir='ltr'>ct</span> <span class='ocrx_word' id='word_1_70' title='bbox 1488 2246 1541 2301; x_wconf 87' lang='lat'>3.</span> <span class='ocrx_word' id='word_1_71' title='bbox 1593 2245 1780 2328; x_wconf 72' lang='lat' dir='ltr'>AEgid.</span> <span class='ocrx_word' id='word_1_72' title='bbox 1802 2262 1867 2374; x_wconf 68' lang='grc'><strong>3.</strong></span> <span class='ocrx_word' id='word_1_73' title='bbox 1897 2247 1953 2301; x_wconf 84' lang='grc'><strong>2.</strong></span> 
     </span>
     <span class='ocr_line' id='line_1_16' title="bbox 476 2320 1954 2445; baseline -0.001 -72"><span class='ocrx_word' id='word_1_74' title='bbox 476 2323 587 2445; x_wconf 55' lang='lat' dir='ltr'>gg.</span> <span class='ocrx_word' id='word_1_75' title='bbox 620 2320 674 2374; x_wconf 89' lang='grc'><strong>3.</strong></span> <span class='ocrx_word' id='word_1_76' title='bbox 713 2322 977 2389; x_wconf 70' lang='lat' dir='ltr'>pitigian.</span> <span class='ocrx_word' id='word_1_77' title='bbox 1003 2320 1060 2374; x_wconf 84' lang='lat' dir='ltr'>in</span> <span class='ocrx_word' id='word_1_78' title='bbox 1092 2333 1212 2389; x_wconf 84' lang='lat' dir='ltr'>cap.</span> <span class='ocrx_word' id='word_1_79' title='bbox 1248 2321 1301 2374; x_wconf 82' lang='lat'>2.</span> <span class='ocrx_word' id='word_1_80' title='bbox 1334 2322 1469 2375; x_wconf 84' lang='lat' dir='ltr'>Gen.</span> <span class='ocrx_word' id='word_1_81' title='bbox 1498 2322 1649 2375; x_wconf 88' lang='lat' dir='ltr'>Scot.</span> <span class='ocrx_word' id='word_1_82' title='bbox 1692 2334 1751 2372; x_wconf 83' lang='lat' dir='ltr'>m</span> <span class='ocrx_word' id='word_1_83' title='bbox 1843 2334 1954 2374; x_wconf 80' lang='lat' dir='ltr'>xon</span> 
     </span>
    </p>
   </div>
   <div class='ocr_carea' id='block_1_11' title="bbox 400 2601 1956 5729">
    <p class='ocr_par' dir='ltr' id='par_1_11' title="bbox 400 2601 1956 4689">
     <span class='ocr_line' id='line_1_17' title="bbox 508 2601 1955 2679; baseline -0.002 -1"><span class='ocrx_word' id='word_1_84' title='bbox 508 2605 730 2679; x_wconf 89' lang='lat' dir='ltr'>Circa</span> <span class='ocrx_word' id='word_1_85' title='bbox 801 2606 998 2679; x_wconf 89' lang='lat' dir='ltr'>hanc</span> <span class='ocrx_word' id='word_1_86' title='bbox 1094 2603 1663 2678; x_wconf 74' lang='lat' dir='ltr'>distinctionem</span> <span class='ocrx_word' id='word_1_87' title='bbox 1760 2601 1955 2676; x_wconf 90' lang='lat' dir='ltr'>deci-</span> 
     </span>
     <span class='ocr_line' id='line_1_18' title="bbox 411 2714 1952 2814; baseline -0.001 -24"><span class='ocrx_word' id='word_1_88' title='bbox 411 2741 612 2791; x_wconf 90' lang='lat' dir='ltr'>mam</span> <span class='ocrx_word' id='word_1_89' title='bbox 649 2740 932 2792; x_wconf 89' lang='lat' dir='ltr'>nonam</span> <span class='ocrx_word' id='word_1_90' title='bbox 965 2714 1341 2813; x_wconf 67' lang='lat' dir='ltr'>quaeritur</span> <span class='ocrx_word' id='word_1_91' title='bbox 1370 2714 1618 2814; x_wconf 91' lang='lat' dir='ltr'>primo</span> <span class='ocrx_word' id='word_1_92' title='bbox 1642 2714 1952 2791; x_wconf 82' lang='lat' dir='ltr'>:Utrum</span> 
     </span>
     <span class='ocr_line' id='line_1_19' title="bbox 408 2832 1954 2911; baseline -0.002 -1"><span class='ocrx_word' id='word_1_93' title='bbox 408 2838 490 2911; x_wconf 77' lang='lat' dir='ltr'>in</span> <span class='ocrx_word' id='word_1_94' title='bbox 532 2842 733 2910; x_wconf 75' lang='lat' dir='ltr'>statu</span> <span class='ocrx_word' id='word_1_95' title='bbox 791 2835 1254 2909; x_wconf 69' lang='lat' dir='ltr'>innocentiae</span> <span class='ocrx_word' id='word_1_96' title='bbox 1295 2832 1687 2908; x_wconf 79' lang='lat' dir='ltr'><em>habuisset</em></span> <span class='ocrx_word' id='word_1_97' title='bbox 1729 2832 1954 2907; x_wconf 79' lang='lat' dir='ltr'>homo</span> 
     </span>
     <span class='ocr_line' id='line_1_20' title="bbox 405 2949 1956 3051; baseline -0.003 -24"><span class='ocrx_word' id='word_1_98' title='bbox 405 2976 685 3051; x_wconf 79' lang='lat' dir='ltr'>corpus</span> <span class='ocrx_word' id='word_1_99' title='bbox 741 2950 1246 3026; x_wconf 77' lang='lat' dir='ltr'><em>immortale?</em></span> <span class='ocrx_word' id='word_1_100' title='bbox 1290 2949 1508 3037; x_wconf 88' lang='lat' dir='ltr'>Quod</span> <span class='ocrx_word' id='word_1_101' title='bbox 1560 2972 1745 3043; x_wconf 90' lang='lat' dir='ltr'>non,</span> <span class='ocrx_word' id='word_1_102' title='bbox 1790 2949 1956 3023; x_wconf 90' lang='lat' dir='ltr'>nul-</span> 
     </span>
     <span class='ocr_line' id='line_1_21' title="bbox 410 3065 1948 3163; baseline -0.005 -20"><span class='ocrx_word' id='word_1_103' title='bbox 410 3071 569 3143; x_wconf 89' lang='lat' dir='ltr'>lum</span> <span class='ocrx_word' id='word_1_104' title='bbox 626 3067 1061 3142; x_wconf 80' lang='lat' dir='ltr'>immortale</span> <span class='ocrx_word' id='word_1_105' title='bbox 1103 3065 1394 3163; x_wconf 80' lang='lat' dir='ltr'>indiget</span> <span class='ocrx_word' id='word_1_106' title='bbox 1433 3065 1948 3159; x_wconf 84' lang='lat' dir='ltr'>nutriment03</span> 
     </span>
     <span class='ocr_line' id='line_1_22' title="bbox 405 3181 1956 3261; baseline -0.005 0"><span class='ocrx_word' id='word_1_107' title='bbox 405 3186 538 3261; x_wconf 88' lang='lat' dir='ltr'>sed</span> <span class='ocrx_word' id='word_1_108' title='bbox 592 3186 825 3259; x_wconf 92' lang='lat' dir='ltr'>homo</span> <span class='ocrx_word' id='word_1_109' title='bbox 884 3184 961 3257; x_wconf 91' lang='lat' dir='ltr'>in</span> <span class='ocrx_word' id='word_1_110' title='bbox 1011 3192 1211 3258; x_wconf 86' lang='lat' dir='ltr'>statu</span> <span class='ocrx_word' id='word_1_111' title='bbox 1256 3182 1722 3257; x_wconf 85' lang='lat' dir='ltr'>innocentiae</span> <span class='ocrx_word' id='word_1_112' title='bbox 1768 3181 1956 3254; x_wconf 90' lang='lat' dir='ltr'>indi-</span> 
     </span>
     <span class='ocr_line' id='line_1_23' title="bbox 403 3299 1956 3403; baseline -0.005 -24"><span class='ocrx_word' id='word_1_113' title='bbox 403 3304 570 3403; x_wconf 83' lang='lat' dir='ltr'>guit</span> <span class='ocrx_word' id='word_1_114' title='bbox 635 3302 1140 3396; x_wconf 81' lang='lat' dir='ltr'>nutrimentO,</span> <span class='ocrx_word' id='word_1_115' title='bbox 1203 3300 1414 3397; x_wconf 89' lang='lat' dir='ltr'>quia,</span> <span class='ocrx_word' id='word_1_116' title='bbox 1477 3307 1561 3372; x_wconf 92' lang='lat' dir='ltr'>ut</span> <span class='ocrx_word' id='word_1_117' title='bbox 1629 3299 1956 3374; x_wconf 91' lang='lat' dir='ltr'>habetur</span> 
     </span>
     <span class='ocr_line' id='line_1_24' title="bbox 404 3416 1953 3496; baseline -0.003 0"><span class='ocrx_word' id='word_1_118' title='bbox 404 3422 676 3496; x_wconf 72' lang='lat' dir='ltr'>Genea.</span> <span class='ocrx_word' id='word_1_119' title='bbox 742 3421 812 3492; x_wconf 80' lang='lat'>2.</span> <span class='ocrx_word' id='word_1_120' title='bbox 914 3418 1479 3493; x_wconf 81' lang='lat' dir='ltr'>concedebatur</span> <span class='ocrx_word' id='word_1_121' title='bbox 1541 3416 1687 3491; x_wconf 92' lang='lat' dir='ltr'>sibi</span> <span class='ocrx_word' id='word_1_122' title='bbox 1774 3439 1953 3492; x_wconf 90' lang='lat' dir='ltr'>esus</span> 
     </span>
     <span class='ocr_line' id='line_1_25' title="bbox 400 3533 1949 3636; baseline -0.005 -22"><span class='ocrx_word' id='word_1_123' title='bbox 400 3539 816 3636; x_wconf 87' lang='lat' dir='ltr'>cujuslibet</span> <span class='ocrx_word' id='word_1_124' title='bbox 926 3536 1003 3609; x_wconf 90' lang='lat' dir='ltr'>in</span> <span class='ocrx_word' id='word_1_125' title='bbox 1108 3533 1524 3621; x_wconf 78' lang='lat' dir='ltr'>paradise,</span> <span class='ocrx_word' id='word_1_126' title='bbox 1630 3542 1949 3631; x_wconf 90' lang='lat' dir='ltr'>excepto</span> 
     </span>
     <span class='ocr_line' id='line_1_26' title="bbox 402 3652 1950 3753; baseline -0.003 -23"><span class='ocrx_word' id='word_1_127' title='bbox 402 3658 617 3753; x_wconf 80' lang='lat' dir='ltr'>ligno</span> <span class='ocrx_word' id='word_1_128' title='bbox 659 3655 1005 3730; x_wconf 80' lang='lat' dir='ltr'>scientiae</span> <span class='ocrx_word' id='word_1_129' title='bbox 1037 3654 1219 3728; x_wconf 90' lang='lat' dir='ltr'>boni</span> <span class='ocrx_word' id='word_1_130' title='bbox 1268 3662 1342 3727; x_wconf 92' lang='lat' dir='ltr'>et</span> <span class='ocrx_word' id='word_1_131' title='bbox 1373 3653 1585 3746; x_wconf 89' lang='lat' dir='ltr'>mali,</span> <span class='ocrx_word' id='word_1_132' title='bbox 1630 3662 1704 3726; x_wconf 92' lang='lat' dir='ltr'>et</span> <span class='ocrx_word' id='word_1_133' title='bbox 1752 3652 1950 3726; x_wconf 91' lang='lat' dir='ltr'>sicut</span> 
     </span>
     <span class='ocr_line' id='line_1_27' title="bbox 400 3771 1950 3867; baseline -0.003 -19"><span class='ocrx_word' id='word_1_134' title='bbox 400 3772 918 3865; x_wconf 77' lang='lat' dir='ltr'>nutriebatur,</span> <span class='ocrx_word' id='word_1_135' title='bbox 963 3771 1073 3846; x_wconf 89' lang='lat' dir='ltr'>sic</span> <span class='ocrx_word' id='word_1_136' title='bbox 1148 3772 1410 3867; x_wconf 89' lang='lat' dir='ltr'>aliqua</span> <span class='ocrx_word' id='word_1_137' title='bbox 1470 3793 1649 3867; x_wconf 89' lang='lat' dir='ltr'>pars</span> <span class='ocrx_word' id='word_1_138' title='bbox 1723 3778 1950 3844; x_wconf 89' lang='lat' dir='ltr'>mate-</span> 
     </span>
     <span class='ocr_line' id='line_1_28' title="bbox 402 3886 1945 3987; baseline -0.003 -25"><span class='ocrx_word' id='word_1_139' title='bbox 402 3890 616 3964; x_wconf 88' lang='lat' dir='ltr'>rialis</span> <span class='ocrx_word' id='word_1_140' title='bbox 706 3887 1344 3987; x_wconf 82' lang='lat' dir='ltr'>deperdebatur3</span> <span class='ocrx_word' id='word_1_141' title='bbox 1426 3886 1649 3960; x_wconf 89' lang='lat' dir='ltr'>aliter</span> <span class='ocrx_word' id='word_1_142' title='bbox 1739 3886 1945 3959; x_wconf 90' lang='lat' dir='ltr'>enim</span> 
     </span>
     <span class='ocr_line' id='line_1_29' title="bbox 401 4002 1947 4099; baseline -0.002 -20"><span class='ocrx_word' id='word_1_143' title='bbox 401 4007 672 4081; x_wconf 80' lang='lat' dir='ltr'>fuisset</span> <span class='ocrx_word' id='word_1_144' title='bbox 711 4005 950 4079; x_wconf 85' lang='lat' dir='ltr'>Adam</span> <span class='ocrx_word' id='word_1_145' title='bbox 986 4003 1512 4077; x_wconf 81' lang='lat' dir='ltr'>immoderatae</span> <span class='ocrx_word' id='word_1_146' title='bbox 1556 4002 1947 4099; x_wconf 87' lang='lat' dir='ltr'>quantita-</span> 
     </span>
     <span class='ocr_line' id='line_1_30' title="bbox 404 4117 1945 4216; baseline -0.001 -21"><span class='ocrx_word' id='word_1_147' title='bbox 404 4123 526 4216; x_wconf 86' lang='lat' dir='ltr'>tis,</span> <span class='ocrx_word' id='word_1_148' title='bbox 585 4145 760 4195; x_wconf 89' lang='lat' dir='ltr'>cum</span> <span class='ocrx_word' id='word_1_149' title='bbox 813 4119 1079 4194; x_wconf 80' lang='lat' dir='ltr'>suisset</span> <span class='ocrx_word' id='word_1_150' title='bbox 1151 4120 1518 4193; x_wconf 86' lang='lat' dir='ltr'>formatus</span> <span class='ocrx_word' id='word_1_151' title='bbox 1587 4117 1945 4215; x_wconf 79' lang='lat' dir='ltr'>perlectae</span> 
     </span>
     <span class='ocr_line' id='line_1_31' title="bbox 403 4233 1944 4337; baseline -0.004 -25"><span class='ocrx_word' id='word_1_152' title='bbox 403 4237 901 4337; x_wconf 85' lang='lat' dir='ltr'>quantitatis3</span> <span class='ocrx_word' id='word_1_153' title='bbox 975 4235 1207 4332; x_wconf 85' lang='lat' dir='ltr'>igitur</span> <span class='ocrx_word' id='word_1_154' title='bbox 1265 4235 1525 4333; x_wconf 88' lang='lat' dir='ltr'>aliqua</span> <span class='ocrx_word' id='word_1_155' title='bbox 1567 4256 1744 4331; x_wconf 88' lang='lat' dir='ltr'>pars</span> <span class='ocrx_word' id='word_1_156' title='bbox 1804 4233 1944 4307; x_wconf 87' lang='lat' dir='ltr'>fuit</span> 
     </span>
     <span class='ocr_line' id='line_1_32' title="bbox 405 4351 1944 4449; baseline -0.003 -20"><span class='ocrx_word' id='word_1_157' title='bbox 405 4354 800 4449; x_wconf 80' lang='lat' dir='ltr'>fluxibilis,</span> <span class='ocrx_word' id='word_1_158' title='bbox 837 4363 911 4427; x_wconf 87' lang='lat' dir='ltr'>et</span> <span class='ocrx_word' id='word_1_159' title='bbox 942 4353 1216 4427; x_wconf 76' lang='lat' dir='ltr'>similis</span> <span class='ocrx_word' id='word_1_160' title='bbox 1271 4352 1461 4427; x_wconf 89' lang='lat' dir='ltr'>ratio</span> <span class='ocrx_word' id='word_1_161' title='bbox 1520 4351 1757 4425; x_wconf 92' lang='lat' dir='ltr'>estde</span> <span class='ocrx_word' id='word_1_162' title='bbox 1792 4360 1944 4425; x_wconf 91' lang='lat' dir='ltr'>toto</span> 
     </span>
     <span class='ocr_line' id='line_1_33' title="bbox 409 4466 1946 4571; baseline -0.005 -24"><span class='ocrx_word' id='word_1_163' title='bbox 409 4483 478 4547; x_wconf 89' lang='lat' dir='ltr'>et</span> <span class='ocrx_word' id='word_1_164' title='bbox 537 4473 630 4547; x_wconf 93' lang='lat' dir='ltr'>de</span> <span class='ocrx_word' id='word_1_165' title='bbox 699 4481 954 4571; x_wconf 83' lang='lat' dir='ltr'>parte3</span> <span class='ocrx_word' id='word_1_166' title='bbox 1036 4469 1270 4567; x_wconf 86' lang='lat' dir='ltr'>igitur</span> <span class='ocrx_word' id='word_1_167' title='bbox 1342 4477 1582 4542; x_wconf 87' lang='lat' dir='ltr'>totum</span> <span class='ocrx_word' id='word_1_168' title='bbox 1681 4466 1946 4542; x_wconf 83' lang='lat' dir='ltr'>fuisset</span> 
     </span>
     <span class='ocr_line' id='line_1_34' title="bbox 411 4588 934 4689; baseline -0.008 -25"><span class='ocrx_word' id='word_1_169' title='bbox 411 4588 934 4689; x_wconf 85' lang='lat' dir='ltr'>corruptibile.</span> 
     </span>
    </p>

    <p class='ocr_par' dir='ltr' id='par_1_12' title="bbox 411 4698 1950 5615">
     <span class='ocr_line' id='line_1_35' title="bbox 508 4698 1948 4798; baseline -0.003 -21"><span class='ocrx_word' id='word_1_170' title='bbox 508 4704 720 4798; x_wconf 90' lang='lat' dir='ltr'>ltem,</span> <span class='ocrx_word' id='word_1_171' title='bbox 756 4723 984 4777; x_wconf 87' lang='lat' dir='ltr'>omne</span> <span class='ocrx_word' id='word_1_172' title='bbox 1016 4698 1454 4796; x_wconf 86' lang='lat' dir='ltr'>generabile</span> <span class='ocrx_word' id='word_1_173' title='bbox 1496 4709 1611 4775; x_wconf 88' lang='lat' dir='ltr'>est</span> <span class='ocrx_word' id='word_1_174' title='bbox 1640 4723 1948 4798; x_wconf 89' lang='lat' dir='ltr'>corrup-</span> 
     </span>
     <span class='ocr_line' id='line_1_36' title="bbox 413 4814 1950 4917; baseline -0.002 -24"><span class='ocrx_word' id='word_1_175' title='bbox 413 4820 646 4907; x_wconf 85' lang='lat' dir='ltr'>tibile,</span> <span class='ocrx_word' id='word_1_176' title='bbox 683 4842 820 4917; x_wconf 87' lang='lat' dir='ltr'>per</span> <span class='ocrx_word' id='word_1_177' title='bbox 860 4816 1420 4914; x_wconf 85' lang='lat' dir='ltr'>Philosophum</span> <span class='ocrx_word' id='word_1_178' title='bbox 1485 4815 1552 4888; x_wconf 87' lang='lat'>1.</span> <span class='ocrx_word' id='word_1_179' title='bbox 1623 4814 1826 4890; x_wconf 76' lang='lat' dir='ltr'><em>Coelz·</em></span> <span class='ocrx_word' id='word_1_180' title='bbox 1876 4821 1950 4890; x_wconf 84' lang='lat' dir='ltr'>et</span> 
     </span>
     <span class='ocr_line' id='line_1_37' title="bbox 411 4932 1940 5031; baseline -0.001 -22"><span class='ocrx_word' id='word_1_181' title='bbox 411 4937 713 5031; x_wconf 80' lang='lat' dir='ltr'>Mundi,</span> <span class='ocrx_word' id='word_1_182' title='bbox 769 4941 954 5010; x_wconf 71' lang='lat' dir='ltr'>text.</span> <span class='ocrx_word' id='word_1_183' title='bbox 1027 4957 1300 5008; x_wconf 88' lang='lat' dir='ltr'>comm.</span> <span class='ocrx_word' id='word_1_184' title='bbox 1376 4932 1543 5006; x_wconf 82' lang='lat'><strong>102.</strong></span> <span class='ocrx_word' id='word_1_185' title='bbox 1616 4943 1690 5008; x_wconf 91' lang='lat' dir='ltr'>et</span> <span class='ocrx_word' id='word_1_186' title='bbox 1748 4933 1940 5007; x_wconf 85' lang='lat' dir='ltr'>ratio</span> 
     </span>
     <span class='ocr_line' id='line_1_38' title="bbox 411 5049 1940 5152; baseline -0.003 -24"><span class='ocrx_word' id='word_1_187' title='bbox 411 5066 545 5147; x_wconf 88' lang='lat' dir='ltr'>est,</span> <span class='ocrx_word' id='word_1_188' title='bbox 608 5053 790 5152; x_wconf 87' lang='lat' dir='ltr'>quia</span> <span class='ocrx_word' id='word_1_189' title='bbox 853 5075 1006 5126; x_wconf 90' lang='lat' dir='ltr'>non</span> <span class='ocrx_word' id='word_1_190' title='bbox 1085 5061 1201 5125; x_wconf 90' lang='lat' dir='ltr'>est</span> <span class='ocrx_word' id='word_1_191' title='bbox 1269 5049 1578 5146; x_wconf 88' lang='lat' dir='ltr'>majoris</span> <span class='ocrx_word' id='word_1_192' title='bbox 1635 5049 1940 5124; x_wconf 88' lang='lat' dir='ltr'>virtutis</span> 
     </span>
     <span class='ocr_line' id='line_1_39' title="bbox 411 5166 1941 5265; baseline -0.003 -20"><span class='ocrx_word' id='word_1_193' title='bbox 411 5172 645 5245; x_wconf 85' lang='lat' dir='ltr'>active</span> <span class='ocrx_word' id='word_1_194' title='bbox 679 5193 835 5244; x_wconf 88' lang='lat' dir='ltr'>rem</span> <span class='ocrx_word' id='word_1_195' title='bbox 872 5190 1364 5265; x_wconf 88' lang='lat' dir='ltr'>corrumpere</span> <span class='ocrx_word' id='word_1_196' title='bbox 1412 5189 1644 5263; x_wconf 90' lang='lat' dir='ltr'>quam</span> <span class='ocrx_word' id='word_1_197' title='bbox 1697 5166 1941 5264; x_wconf 88' lang='lat' dir='ltr'>ipsam</span> 
     </span>
     <span class='ocr_line' id='line_1_40' title="bbox 411 5282 1939 5384; baseline -0.002 -24"><span class='ocrx_word' id='word_1_198' title='bbox 411 5286 872 5384; x_wconf 83' lang='lat' dir='ltr'>producere3</span> <span class='ocrx_word' id='word_1_199' title='bbox 909 5284 1039 5358; x_wconf 89' lang='lat' dir='ltr'>sed</span> <span class='ocrx_word' id='word_1_200' title='bbox 1111 5283 1186 5355; x_wconf 92' lang='lat' dir='ltr'>in</span> <span class='ocrx_word' id='word_1_201' title='bbox 1230 5292 1430 5357; x_wconf 86' lang='lat' dir='ltr'>statu</span> <span class='ocrx_word' id='word_1_202' title='bbox 1471 5282 1939 5357; x_wconf 64' lang='lat' dir='ltr'>innocentiae</span> 
     </span>
     <span class='ocr_line' id='line_1_41' title="bbox 412 5398 1940 5498; baseline -0.003 -22"><span class='ocrx_word' id='word_1_203' title='bbox 412 5403 667 5477; x_wconf 81' lang='lat' dir='ltr'>fuisset</span> <span class='ocrx_word' id='word_1_204' title='bbox 739 5399 1180 5498; x_wconf 64' lang='lat' dir='ltr'>generatim</span> <span class='ocrx_word' id='word_1_205' title='bbox 1253 5399 1488 5495; x_wconf 85' lang='lat' dir='ltr'>igitur</span> <span class='ocrx_word' id='word_1_206' title='bbox 1562 5398 1940 5495; x_wconf 91' lang='lat' dir='ltr'>potuisset</span> 
     </span>
     <span class='ocr_line' id='line_1_42' title="bbox 413 5515 1070 5615; baseline -0.005 -26"><span class='ocrx_word' id='word_1_207' title='bbox 413 5516 631 5592; x_wconf 77' lang='lat' dir='ltr'>tuisse</span> <span class='ocrx_word' id='word_1_208' title='bbox 655 5515 1070 5615; x_wconf 84' lang='lat' dir='ltr'>corruptio.</span> 
     </span>
    </p>

    <p class='ocr_par' dir='ltr' id='par_1_13' title="bbox 508 5630 1931 5729">
     <span class='ocr_line' id='line_1_43' title="bbox 508 5630 1931 5729; baseline -0.001 -22"><span class='ocrx_word' id='word_1_209' title='bbox 508 5635 712 5726; x_wconf 85' lang='lat' dir='ltr'>Item,</span> <span class='ocrx_word' id='word_1_210' title='bbox 782 5630 1087 5708; x_wconf 80' lang='lat' dir='ltr'>nullum</span> <span class='ocrx_word' id='word_1_211' title='bbox 1169 5631 1588 5707; x_wconf 83' lang='lat' dir='ltr'>violentum</span> <span class='ocrx_word' id='word_1_212' title='bbox 1644 5654 1931 5729; x_wconf 80' lang='lat' dir='ltr'>perpe-</span> 
     </span>
    </p>
   </div>
   <div class='ocr_carea' id='block_1_12' title="bbox 2070 1411 3611 1848">
    <p class='ocr_par' dir='ltr' id='par_1_14' title="bbox 2070 1411 3611 1848">
     <span class='ocr_line' id='line_1_44' title="bbox 2074 1411 3611 1516; baseline -0.007 -22"><span class='ocrx_word' id='word_1_213' title='bbox 2074 1425 2318 1513; x_wconf 83' lang='lat' dir='ltr'>tuum,</span> <span class='ocrx_word' id='word_1_214' title='bbox 2361 1419 2610 1516; x_wconf 87' lang='lat' dir='ltr'>primo</span> <span class='ocrx_word' id='word_1_215' title='bbox 2651 1420 2744 1494; x_wconf 93' lang='lat' dir='ltr'>de</span> <span class='ocrx_word' id='word_1_216' title='bbox 2785 1419 3021 1511; x_wconf 82' lang='lat' dir='ltr'>Coelo,</span> <span class='ocrx_word' id='word_1_217' title='bbox 3066 1425 3245 1490; x_wconf 89' lang='lat' dir='ltr'>text.</span> <span class='ocrx_word' id='word_1_218' title='bbox 3297 1414 3412 1486; x_wconf 87' lang='grc'><strong>18.</strong></span> <span class='ocrx_word' id='word_1_219' title='bbox 3479 1411 3611 1486; x_wconf 89' lang='lat' dir='ltr'>sed</span> 
     </span>
     <span class='ocr_line' id='line_1_45' title="bbox 2073 1532 3611 1613; baseline -0.005 -2"><span class='ocrx_word' id='word_1_220' title='bbox 2073 1538 2227 1613; x_wconf 93' lang='lat' dir='ltr'>duo</span> <span class='ocrx_word' id='word_1_221' title='bbox 2303 1539 2687 1613; x_wconf 84' lang='lat' dir='ltr'>contraria</span> <span class='ocrx_word' id='word_1_222' title='bbox 2768 1538 2996 1612; x_wconf 90' lang='lat' dir='ltr'>simul</span> <span class='ocrx_word' id='word_1_223' title='bbox 3070 1544 3251 1611; x_wconf 88' lang='lat' dir='ltr'>sunt</span> <span class='ocrx_word' id='word_1_224' title='bbox 3335 1535 3414 1607; x_wconf 92' lang='lat' dir='ltr'>in</span> <span class='ocrx_word' id='word_1_225' title='bbox 3480 1532 3611 1606; x_wconf 89' lang='lat' dir='ltr'>tali</span> 
     </span>
     <span class='ocr_line' id='line_1_46' title="bbox 2071 1650 3609 1753; baseline -0.005 -23"><span class='ocrx_word' id='word_1_226' title='bbox 2071 1678 2389 1753; x_wconf 90' lang='lat' dir='ltr'>corpore</span> <span class='ocrx_word' id='word_1_227' title='bbox 2474 1666 2741 1731; x_wconf 90' lang='lat' dir='ltr'>mutuo</span> <span class='ocrx_word' id='word_1_228' title='bbox 2824 1656 3121 1739; x_wconf 80' lang='lat' dir='ltr'>activa;</span> <span class='ocrx_word' id='word_1_229' title='bbox 3206 1653 3438 1748; x_wconf 82' lang='lat' dir='ltr'>igitur</span> <span class='ocrx_word' id='word_1_230' title='bbox 3506 1650 3609 1723; x_wconf 89' lang='lat' dir='ltr'>ibi</span> 
     </span>
     <span class='ocr_line' id='line_1_47' title="bbox 2070 1774 3063 1848; baseline -0.002 -2"><span class='ocrx_word' id='word_1_231' title='bbox 2070 1784 2628 1848; x_wconf 85' lang='lat' dir='ltr'>conservantur</span> <span class='ocrx_word' id='word_1_232' title='bbox 2657 1774 3063 1848; x_wconf 88' lang='lat' dir='ltr'>violenter.</span> 
     </span>
    </p>
   </div>
   <div class='ocr_carea' id='block_1_13' title="bbox 2168 1887 3897 1989">
    <p class='ocr_par' dir='ltr' id='par_1_15' title="bbox 2168 1887 3897 1989">
     <span class='ocr_line' id='line_1_48' title="bbox 2168 1887 3897 1989; baseline -0.001 -24"><span class='ocrx_word' id='word_1_233' title='bbox 2168 1890 2648 1989; x_wconf 87' lang='lat' dir='ltr'>Oppositum,</span> <span class='ocrx_word' id='word_1_234' title='bbox 2719 1891 2813 1964; x_wconf 88' lang='lat' dir='ltr'>ad</span> <span class='ocrx_word' id='word_1_235' title='bbox 2897 1890 3220 1963; x_wconf 89' lang='lat' dir='ltr'>Roman.</span> <span class='ocrx_word' id='word_1_236' title='bbox 3303 1887 3371 1959; x_wconf 80' lang='lat'>5.</span> <span class='ocrx_word' id='word_1_237' title='bbox 3456 1909 3603 1983; x_wconf 79' lang='lat' dir='ltr'>per</span> <span class='ocrx_word' id='word_1_238' title='bbox 3687 1937 3897 1988; x_wconf 76' lang='lat' dir='ltr'>contra.</span> 
     </span>
    </p>
   </div>
   <div class='ocr_carea' id='block_1_14' title="bbox 2055 2005 3603 2223">
    <p class='ocr_par' dir='ltr' id='par_1_16' title="bbox 2055 2005 3603 2223">
     <span class='ocr_line' id='line_1_49' title="bbox 2055 2005 3603 2106; baseline -0.005 -23"><span class='ocrx_word' id='word_1_239' title='bbox 2055 2014 2458 2106; x_wconf 79' lang='lat' dir='ltr'>peccatum</span> <span class='ocrx_word' id='word_1_240' title='bbox 2509 2008 2828 2083; x_wconf 76' lang='lat' dir='ltr'>intravit</span> <span class='ocrx_word' id='word_1_241' title='bbox 2865 2031 3097 2100; x_wconf 70' lang='lat' dir='ltr'>mora,</span> <span class='ocrx_word' id='word_1_242' title='bbox 3152 2015 3295 2080; x_wconf 84' lang='lat' dir='ltr'>eto.</span> <span class='ocrx_word' id='word_1_243' title='bbox 3369 2005 3603 2102; x_wconf 84' lang='lat' dir='ltr'>igitur</span> 
     </span>
     <span class='ocr_line' id='line_1_50' title="bbox 2067 2124 3305 2223; baseline -0.002 -25"><span class='ocrx_word' id='word_1_244' title='bbox 2067 2126 2283 2223; x_wconf 89' lang='lat' dir='ltr'>prius</span> <span class='ocrx_word' id='word_1_245' title='bbox 2310 2148 2461 2199; x_wconf 90' lang='lat' dir='ltr'>non</span> <span class='ocrx_word' id='word_1_246' title='bbox 2494 2124 2637 2199; x_wconf 80' lang='lat' dir='ltr'>fuit</span> <span class='ocrx_word' id='word_1_247' title='bbox 2670 2126 2899 2200; x_wconf 89' lang='lat' dir='ltr'>homo</span> <span class='ocrx_word' id='word_1_248' title='bbox 2935 2124 3305 2198; x_wconf 89' lang='lat' dir='ltr'>mortalis.</span> 
     </span>
    </p>
   </div>
   <div class='ocr_carea' id='block_1_15' title="bbox 2599 2378 3066 2436">
    <p class='ocr_par' dir='ltr' id='par_1_17' title="bbox 2599 2378 3066 2436">
     <span class='ocr_line' id='line_1_51' title="bbox 2599 2378 3066 2436; baseline -0.002 0"><span class='ocrx_word' id='word_1_249' title='bbox 2599 2378 2967 2436; x_wconf 83' lang='lat' dir='ltr'>SCHOLIUM</span> <span class='ocrx_word' id='word_1_250' title='bbox 3023 2379 3066 2435; x_wconf 90' lang='lat'>1.</span> 
     </span>
    </p>
   </div>
   <div class='ocr_carea' id='block_1_16' title="bbox 2063 2546 3606 2801">
    <p class='ocr_par' dir='ltr' id='par_1_18' title="bbox 2063 2546 3606 2801">
     <span class='ocr_line' id='line_1_52' title="bbox 2135 2546 3604 2623; baseline -0.005 -18"><span class='ocrx_word' id='word_1_251' title='bbox 2135 2550 2428 2607; x_wconf 80' lang='lat' dir='ltr'>Sententia</span> <span class='ocrx_word' id='word_1_252' title='bbox 2459 2549 2524 2606; x_wconf 92' lang='lat' dir='ltr'>D.</span> <span class='ocrx_word' id='word_1_253' title='bbox 2556 2550 2789 2606; x_wconf 80' lang='lat' dir='ltr'>Thomae</span> <span class='ocrx_word' id='word_1_254' title='bbox 2814 2550 2894 2623; x_wconf 86' lang='lat' dir='ltr'>(ct</span> <span class='ocrx_word' id='word_1_255' title='bbox 2914 2547 3138 2604; x_wconf 82' lang='lat' dir='ltr'>videtur</span> <span class='ocrx_word' id='word_1_256' title='bbox 3169 2546 3233 2603; x_wconf 93' lang='lat' dir='ltr'>D.</span> <span class='ocrx_word' id='word_1_257' title='bbox 3270 2546 3604 2616; x_wconf 83' lang='lat' dir='ltr'>Bonavent.)</span> 
     </span>
     <span class='ocr_line' id='line_1_53' title="bbox 2063 2636 3606 2708; baseline -0.003 -13"><span class='ocrx_word' id='word_1_258' title='bbox 2063 2639 2123 2695; x_wconf 91' lang='lat' dir='ltr'>in</span> <span class='ocrx_word' id='word_1_259' title='bbox 2176 2644 2331 2696; x_wconf 80' lang='lat' dir='ltr'>statu</span> <span class='ocrx_word' id='word_1_260' title='bbox 2391 2639 2733 2696; x_wconf 79' lang='lat' dir='ltr'>innocentiae</span> <span class='ocrx_word' id='word_1_261' title='bbox 2791 2639 3087 2695; x_wconf 71' lang='lat' dir='ltr'>hominem</span> <span class='ocrx_word' id='word_1_262' title='bbox 3161 2654 3273 2693; x_wconf 86' lang='lat' dir='ltr'>non</span> <span class='ocrx_word' id='word_1_263' title='bbox 3349 2636 3606 2708; x_wconf 72' lang='lat' dir='ltr'>potuisse</span> 
     </span>
     <span class='ocr_line' id='line_1_54' title="bbox 2065 2728 2822 2801; baseline -0.001 -15"><span class='ocrx_word' id='word_1_264' title='bbox 2065 2729 2237 2798; x_wconf 78' lang='lat' dir='ltr'>mori,</span> <span class='ocrx_word' id='word_1_265' title='bbox 2266 2738 2316 2786; x_wconf 84' lang='lat' dir='ltr'>et</span> <span class='ocrx_word' id='word_1_266' title='bbox 2341 2730 2598 2787; x_wconf 80' lang='lat' dir='ltr'>rationes</span> <span class='ocrx_word' id='word_1_267' title='bbox 2629 2728 2822 2801; x_wconf 79' lang='lat' dir='ltr'>hujus.</span> 
     </span>
    </p>
   </div>
   <div class='ocr_carea' id='block_1_17' title="bbox 2055 2948 3720 5731">
    <p class='ocr_par' dir='ltr' id='par_1_19' title="bbox 2055 2948 3720 5731">
     <span class='ocr_line' id='line_1_55' title="bbox 2162 2948 3602 3048; baseline -0.003 -23"><span class='ocrx_word' id='word_1_268' title='bbox 2162 2951 2458 3026; x_wconf 87' lang='lat' dir='ltr'>Dicitur</span> <span class='ocrx_word' id='word_1_269' title='bbox 2488 2950 2581 3025; x_wconf 91' lang='lat' dir='ltr'>ad</span> <span class='ocrx_word' id='word_1_270' title='bbox 2611 2950 3122 3048; x_wconf 75' lang='lat' dir='ltr'>quaestionem</span> <span class='ocrx_word' id='word_1_271' title='bbox 3158 2948 3362 3046; x_wconf 88' lang='lat' dir='ltr'>quod</span> <span class='ocrx_word' id='word_1_272' title='bbox 3399 2970 3602 3045; x_wconf 82' lang='lat' dir='ltr'>prae-</span> 
     </span>
     <span class='ocr_line' id='line_1_56' title="bbox 2064 3065 3720 3208; baseline -0.001 -63"><span class='ocrx_word' id='word_1_273' title='bbox 2064 3071 2339 3172; x_wconf 87' lang='lat' dir='ltr'>positio</span> <span class='ocrx_word' id='word_1_274' title='bbox 2392 3094 2565 3145; x_wconf 90' lang='lat' dir='ltr'>cum</span> <span class='ocrx_word' id='word_1_275' title='bbox 2609 3092 2750 3143; x_wconf 91' lang='lat' dir='ltr'>suo</span> <span class='ocrx_word' id='word_1_276' title='bbox 2814 3068 3103 3144; x_wconf 90' lang='lat' dir='ltr'>casuali</span> <span class='ocrx_word' id='word_1_277' title='bbox 3158 3065 3603 3165; x_wconf 82' lang='lat' dir='ltr'>aequipollet</span> <span class='ocrx_word' id='word_1_278' title='bbox 3632 3094 3720 3208; x_wconf 46' lang='grc' dir='ltr'>οἱ</span> 
     </span>
     <span class='ocr_line' id='line_1_57' title="bbox 2064 3184 3597 3281; baseline -0.006 -16"><span class='ocrx_word' id='word_1_279' title='bbox 2064 3189 2483 3265; x_wconf 91' lang='lat' dir='ltr'>adverbiali</span> <span class='ocrx_word' id='word_1_280' title='bbox 2554 3185 3195 3270; x_wconf 86' lang='lat' dir='ltr'>determinationi,</span> <span class='ocrx_word' id='word_1_281' title='bbox 3253 3185 3353 3259; x_wconf 83' lang='lat' dir='ltr'>ita</span> <span class='ocrx_word' id='word_1_282' title='bbox 3395 3184 3597 3281; x_wconf 87' lang='lat' dir='ltr'>quod</span> 
     </span>
     <span class='ocr_line' id='line_1_58' title="bbox 2063 3300 3598 3399; baseline -0.005 -19"><span class='ocrx_word' id='word_1_283' title='bbox 2063 3306 2146 3381; x_wconf 82' lang='lat' dir='ltr'>in</span> <span class='ocrx_word' id='word_1_284' title='bbox 2205 3311 2404 3380; x_wconf 76' lang='lat' dir='ltr'>statu</span> <span class='ocrx_word' id='word_1_285' title='bbox 2459 3303 2921 3378; x_wconf 67' lang='lat' dir='ltr'>innocentiae</span> <span class='ocrx_word' id='word_1_286' title='bbox 2986 3302 3431 3399; x_wconf 79' lang='lat' dir='ltr'>aequipollet</span> <span class='ocrx_word' id='word_1_287' title='bbox 3501 3300 3598 3388; x_wconf 89' lang='lat' dir='ltr'>ei,</span> 
     </span>
     <span class='ocr_line' id='line_1_59' title="bbox 2066 3419 3605 3520; baseline -0.003 -23"><span class='ocrx_word' id='word_1_288' title='bbox 2066 3423 2271 3520; x_wconf 88' lang='lat' dir='ltr'>quod</span> <span class='ocrx_word' id='word_1_289' title='bbox 2304 3432 2421 3497; x_wconf 92' lang='lat' dir='ltr'>est</span> <span class='ocrx_word' id='word_1_290' title='bbox 2458 3429 2662 3496; x_wconf 81' lang='lat' dir='ltr'>tunc.</span> <span class='ocrx_word' id='word_1_291' title='bbox 2700 3422 2792 3494; x_wconf 90' lang='lat' dir='ltr'>Et</span> <span class='ocrx_word' id='word_1_292' title='bbox 2832 3419 3115 3517; x_wconf 88' lang='lat' dir='ltr'>duplex</span> <span class='ocrx_word' id='word_1_293' title='bbox 3148 3428 3394 3518; x_wconf 85' lang='lat' dir='ltr'>potest</span> <span class='ocrx_word' id='word_1_294' title='bbox 3436 3441 3605 3492; x_wconf 89' lang='lat' dir='ltr'>esse</span> 
     </span>
     <span class='ocr_line' id='line_1_60' title="bbox 2064 3533 3603 3634; baseline -0.003 -22"><span class='ocrx_word' id='word_1_295' title='bbox 2064 3539 2530 3624; x_wconf 80' lang='lat' dir='ltr'>intellectuS,</span> <span class='ocrx_word' id='word_1_296' title='bbox 2613 3538 2732 3611; x_wconf 89' lang='lat' dir='ltr'>vel</span> <span class='ocrx_word' id='word_1_297' title='bbox 2830 3536 3036 3634; x_wconf 87' lang='lat' dir='ltr'>quod</span> <span class='ocrx_word' id='word_1_298' title='bbox 3131 3533 3603 3632; x_wconf 90' lang='lat' dir='ltr'>impossibile</span> 
     </span>
     <span class='ocr_line' id='line_1_61' title="bbox 2065 3651 3603 3744; baseline -0.004 -16"><span class='ocrx_word' id='word_1_299' title='bbox 2065 3655 2206 3729; x_wconf 79' lang='lat' dir='ltr'>ruit</span> <span class='ocrx_word' id='word_1_300' title='bbox 2245 3654 2636 3729; x_wconf 90' lang='lat' dir='ltr'>hominem</span> <span class='ocrx_word' id='word_1_301' title='bbox 2682 3653 2879 3727; x_wconf 88' lang='lat' dir='ltr'>mori</span> <span class='ocrx_word' id='word_1_302' title='bbox 2930 3662 3141 3744; x_wconf 89' lang='lat' dir='ltr'>tunc,</span> <span class='ocrx_word' id='word_1_303' title='bbox 3179 3651 3603 3726; x_wconf 88' lang='lat' dir='ltr'>secundum</span> 
     </span>
     <span class='ocr_line' id='line_1_62' title="bbox 2064 3769 3607 3870; baseline -0.004 -24"><span class='ocrx_word' id='word_1_304' title='bbox 2064 3772 2272 3870; x_wconf 88' lang='lat' dir='ltr'>quod</span> <span class='ocrx_word' id='word_1_305' title='bbox 2318 3775 2575 3864; x_wconf 88' lang='lat' dir='ltr'>hom0,</span> <span class='ocrx_word' id='word_1_306' title='bbox 2616 3782 2796 3846; x_wconf 89' lang='lat' dir='ltr'>tunc</span> <span class='ocrx_word' id='word_1_307' title='bbox 2837 3772 3161 3845; x_wconf 83' lang='lat' dir='ltr'>refertur</span> <span class='ocrx_word' id='word_1_308' title='bbox 3213 3769 3305 3843; x_wconf 92' lang='lat' dir='ltr'>ad</span> <span class='ocrx_word' id='word_1_309' title='bbox 3366 3769 3607 3866; x_wconf 89' lang='lat' dir='ltr'>possi-</span> 
     </span>
     <span class='ocr_line' id='line_1_63' title="bbox 2064 3885 3599 3983; baseline -0.004 -20"><span class='ocrx_word' id='word_1_310' title='bbox 2064 3889 2249 3980; x_wconf 90' lang='lat' dir='ltr'>bile,</span> <span class='ocrx_word' id='word_1_311' title='bbox 2312 3890 2431 3961; x_wconf 82' lang='lat' dir='ltr'>vel</span> <span class='ocrx_word' id='word_1_312' title='bbox 2523 3888 2614 3961; x_wconf 89' lang='lat' dir='ltr'>ad</span> <span class='ocrx_word' id='word_1_313' title='bbox 2713 3887 3122 3961; x_wconf 85' lang='lat' dir='ltr'>terminum</span> <span class='ocrx_word' id='word_1_314' title='bbox 3209 3885 3599 3983; x_wconf 66' lang='lat' dir='ltr'>potentiae.</span> 
     </span>
     <span class='ocr_line' id='line_1_64' title="bbox 2063 4003 3598 4096; baseline -0.002 -17"><span class='ocrx_word' id='word_1_315' title='bbox 2063 4005 2323 4079; x_wconf 91' lang='lat' dir='ltr'>Primo</span> <span class='ocrx_word' id='word_1_316' title='bbox 2404 4005 2626 4078; x_wconf 90' lang='lat' dir='ltr'>modo</span> <span class='ocrx_word' id='word_1_317' title='bbox 2706 4014 2818 4079; x_wconf 89' lang='lat' dir='ltr'>est</span> <span class='ocrx_word' id='word_1_318' title='bbox 2907 4004 3045 4077; x_wconf 88' lang='lat' dir='ltr'>iste</span> <span class='ocrx_word' id='word_1_319' title='bbox 3136 4003 3598 4096; x_wconf 84' lang='lat' dir='ltr'>intellectuS,</span> 
     </span>
     <span class='ocr_line' id='line_1_65' title="bbox 2065 4120 3598 4221; baseline -0.003 -25"><span class='ocrx_word' id='word_1_320' title='bbox 2065 4123 2270 4221; x_wconf 90' lang='lat' dir='ltr'>quod</span> <span class='ocrx_word' id='word_1_321' title='bbox 2308 4125 2539 4214; x_wconf 88' lang='lat' dir='ltr'>homo</span> <span class='ocrx_word' id='word_1_322' title='bbox 2572 4122 2647 4194; x_wconf 90' lang='lat' dir='ltr'>in</span> <span class='ocrx_word' id='word_1_323' title='bbox 2686 4131 2885 4196; x_wconf 90' lang='lat' dir='ltr'>statu</span> <span class='ocrx_word' id='word_1_324' title='bbox 2919 4120 3385 4195; x_wconf 60' lang='lat' dir='ltr'>innocentiae</span> <span class='ocrx_word' id='word_1_325' title='bbox 3446 4144 3598 4193; x_wconf 89' lang='lat' dir='ltr'>non</span> 
     </span>
     <span class='ocr_line' id='line_1_66' title="bbox 2066 4238 3601 4338; baseline -0.003 -24"><span class='ocrx_word' id='word_1_326' title='bbox 2066 4240 2334 4314; x_wconf 85' lang='lat' dir='ltr'>habuit</span> <span class='ocrx_word' id='word_1_327' title='bbox 2411 4240 2826 4338; x_wconf 88' lang='lat' dir='ltr'>potentiam</span> <span class='ocrx_word' id='word_1_328' title='bbox 2872 4238 2962 4313; x_wconf 85' lang='lat' dir='ltr'>ad</span> <span class='ocrx_word' id='word_1_329' title='bbox 3028 4238 3249 4330; x_wconf 89' lang='lat' dir='ltr'>mori,</span> <span class='ocrx_word' id='word_1_330' title='bbox 3317 4247 3391 4312; x_wconf 87' lang='lat' dir='ltr'>et</span> <span class='ocrx_word' id='word_1_331' title='bbox 3457 4239 3601 4310; x_wconf 90' lang='lat' dir='ltr'>hoc</span> 
     </span>
     <span class='ocr_line' id='line_1_67' title="bbox 2065 4353 3603 4454; baseline -0.003 -23"><span class='ocrx_word' id='word_1_332' title='bbox 2065 4364 2180 4431; x_wconf 90' lang='lat' dir='ltr'>est</span> <span class='ocrx_word' id='word_1_333' title='bbox 2255 4356 2756 4454; x_wconf 86' lang='lat' dir='ltr'>impossibile,</span> <span class='ocrx_word' id='word_1_334' title='bbox 2829 4353 3011 4451; x_wconf 87' lang='lat' dir='ltr'>quia</span> <span class='ocrx_word' id='word_1_335' title='bbox 3076 4378 3250 4428; x_wconf 86' lang='lat' dir='ltr'>cum</span> <span class='ocrx_word' id='word_1_336' title='bbox 3339 4361 3603 4451; x_wconf 87' lang='lat' dir='ltr'>postea</span> 
     </span>
     <span class='ocr_line' id='line_1_68' title="bbox 2066 4468 3601 4567; baseline -0.002 -23"><span class='ocrx_word' id='word_1_337' title='bbox 2066 4472 2569 4566; x_wconf 86' lang='lat' dir='ltr'>moriebatur,</span> <span class='ocrx_word' id='word_1_338' title='bbox 2614 4481 2904 4546; x_wconf 90' lang='lat' dir='ltr'>certum</span> <span class='ocrx_word' id='word_1_339' title='bbox 2967 4478 3081 4545; x_wconf 90' lang='lat' dir='ltr'>est</span> <span class='ocrx_word' id='word_1_340' title='bbox 3129 4470 3332 4566; x_wconf 89' lang='lat' dir='ltr'>quod</span> <span class='ocrx_word' id='word_1_341' title='bbox 3389 4468 3601 4567; x_wconf 91' lang='lat' dir='ltr'>prius</span> 
     </span>
     <span class='ocr_line' id='line_1_69' title="bbox 2064 4587 3598 4687; baseline -0.003 -27"><span class='ocrx_word' id='word_1_342' title='bbox 2064 4588 2336 4663; x_wconf 90' lang='lat' dir='ltr'>habuit</span> <span class='ocrx_word' id='word_1_343' title='bbox 2366 4588 2814 4687; x_wconf 88' lang='lat' dir='ltr'>potentiam,</span> <span class='ocrx_word' id='word_1_344' title='bbox 2844 4587 3024 4685; x_wconf 88' lang='lat' dir='ltr'>quia</span> <span class='ocrx_word' id='word_1_345' title='bbox 3042 4610 3178 4685; x_wconf 88' lang='lat' dir='ltr'>per</span> <span class='ocrx_word' id='word_1_346' title='bbox 3201 4594 3598 4684; x_wconf 88' lang='lat' dir='ltr'>peccatum</span> 
     </span>
     <span class='ocr_line' id='line_1_70' title="bbox 2064 4701 3594 4802; baseline -0.002 -24"><span class='ocrx_word' id='word_1_347' title='bbox 2064 4705 2280 4778; x_wconf 89' lang='lat' dir='ltr'>nulla</span> <span class='ocrx_word' id='word_1_348' title='bbox 2310 4704 2650 4802; x_wconf 89' lang='lat' dir='ltr'>potentia</span> <span class='ocrx_word' id='word_1_349' title='bbox 2679 4704 2819 4777; x_wconf 87' lang='lat' dir='ltr'>fuit</span> <span class='ocrx_word' id='word_1_350' title='bbox 2850 4704 2993 4777; x_wconf 90' lang='lat' dir='ltr'>sibi</span> <span class='ocrx_word' id='word_1_351' title='bbox 3026 4703 3201 4777; x_wconf 88' lang='lat' dir='ltr'>data</span> <span class='ocrx_word' id='word_1_352' title='bbox 3242 4701 3594 4799; x_wconf 88' lang='lat' dir='ltr'>positiva,</span> 
     </span>
     <span class='ocr_line' id='line_1_71' title="bbox 2065 4819 3600 4919; baseline -0.003 -24"><span class='ocrx_word' id='word_1_353' title='bbox 2065 4843 2295 4917; x_wconf 88' lang='lat' dir='ltr'>quam</span> <span class='ocrx_word' id='word_1_354' title='bbox 2371 4820 2584 4919; x_wconf 89' lang='lat' dir='ltr'>prius</span> <span class='ocrx_word' id='word_1_355' title='bbox 2634 4844 2786 4893; x_wconf 90' lang='lat' dir='ltr'>non</span> <span class='ocrx_word' id='word_1_356' title='bbox 2854 4819 3146 4894; x_wconf 86' lang='lat' dir='ltr'>habuit.</span> <span class='ocrx_word' id='word_1_357' title='bbox 3195 4819 3600 4894; x_wconf 87' lang='lat' dir='ltr'>Secundus</span> 
     </span>
     <span class='ocr_line' id='line_1_72' title="bbox 2064 4935 3603 5034; baseline -0.001 -26"><span class='ocrx_word' id='word_1_358' title='bbox 2064 4936 2527 5030; x_wconf 85' lang='lat' dir='ltr'>intellectus,</span> <span class='ocrx_word' id='word_1_359' title='bbox 2594 4945 2674 5008; x_wconf 89' lang='lat' dir='ltr'>ut</span> <span class='ocrx_word' id='word_1_360' title='bbox 2725 4937 2797 5034; x_wconf 92' lang='lat' dir='ltr'>ly</span> <span class='ocrx_word' id='word_1_361' title='bbox 2850 4942 3050 5020; x_wconf 80' lang='lat' dir='ltr'>tunc,</span> <span class='ocrx_word' id='word_1_362' title='bbox 3113 4935 3603 5032; x_wconf 89' lang='lat' dir='ltr'>componitur</span> 
     </span>
     <span class='ocr_line' id='line_1_73' title="bbox 2063 5051 3597 5148; baseline -0.001 -23"><span class='ocrx_word' id='word_1_363' title='bbox 2063 5074 2239 5125; x_wconf 89' lang='lat' dir='ltr'>cum</span> <span class='ocrx_word' id='word_1_364' title='bbox 2322 5051 2650 5126; x_wconf 90' lang='lat' dir='ltr'>termino</span> <span class='ocrx_word' id='word_1_365' title='bbox 2738 5051 3137 5148; x_wconf 71' lang='lat' dir='ltr'>potentiae,</span> <span class='ocrx_word' id='word_1_366' title='bbox 3215 5051 3320 5125; x_wconf 89' lang='lat' dir='ltr'>ita</span> <span class='ocrx_word' id='word_1_367' title='bbox 3394 5052 3597 5147; x_wconf 91' lang='lat' dir='ltr'>quod</span> 
     </span>
     <span class='ocr_line' id='line_1_74' title="bbox 2063 5166 3598 5266; baseline 0 -26"><span class='ocrx_word' id='word_1_368' title='bbox 2063 5168 2332 5243; x_wconf 81' lang='lat' dir='ltr'>fuisset</span> <span class='ocrx_word' id='word_1_369' title='bbox 2404 5167 2745 5266; x_wconf 88' lang='lat' dir='ltr'>potentia</span> <span class='ocrx_word' id='word_1_370' title='bbox 2813 5167 2906 5241; x_wconf 87' lang='lat' dir='ltr'>ad</span> <span class='ocrx_word' id='word_1_371' title='bbox 2976 5166 3205 5240; x_wconf 86' lang='lat' dir='ltr'>simul</span> <span class='ocrx_word' id='word_1_372' title='bbox 3286 5190 3454 5242; x_wconf 91' lang='lat' dir='ltr'>esse</span> <span class='ocrx_word' id='word_1_373' title='bbox 3521 5168 3598 5240; x_wconf 88' lang='lat' dir='ltr'>in</span> 
     </span>
     <span class='ocr_line' id='line_1_75' title="bbox 2062 5282 3598 5376; baseline 0.001 -21"><span class='ocrx_word' id='word_1_374' title='bbox 2062 5293 2337 5358; x_wconf 88' lang='lat' dir='ltr'>natura</span> <span class='ocrx_word' id='word_1_375' title='bbox 2371 5307 2574 5358; x_wconf 90' lang='lat' dir='ltr'>mors</span> <span class='ocrx_word' id='word_1_376' title='bbox 2602 5294 2675 5357; x_wconf 90' lang='lat' dir='ltr'>et</span> <span class='ocrx_word' id='word_1_377' title='bbox 2706 5282 3177 5376; x_wconf 88' lang='lat' dir='ltr'>innocentia,</span> <span class='ocrx_word' id='word_1_378' title='bbox 3214 5294 3288 5357; x_wconf 90' lang='lat' dir='ltr'>et</span> <span class='ocrx_word' id='word_1_379' title='bbox 3319 5284 3462 5358; x_wconf 89' lang='lat' dir='ltr'>hoc</span> <span class='ocrx_word' id='word_1_380' title='bbox 3486 5295 3598 5359; x_wconf 87' lang='lat' dir='ltr'>est</span> 
     </span>
     <span class='ocr_line' id='line_1_76' title="bbox 2058 5398 3598 5497; baseline 0.001 -25"><span class='ocrx_word' id='word_1_381' title='bbox 2058 5399 2565 5497; x_wconf 90' lang='lat' dir='ltr'>impossibile,</span> <span class='ocrx_word' id='word_1_382' title='bbox 2630 5398 2815 5497; x_wconf 88' lang='lat' dir='ltr'>quia</span> <span class='ocrx_word' id='word_1_383' title='bbox 2895 5398 3039 5472; x_wconf 87' lang='lat' dir='ltr'>ista</span> <span class='ocrx_word' id='word_1_384' title='bbox 3115 5409 3297 5472; x_wconf 87' lang='lat' dir='ltr'>sunt</span> <span class='ocrx_word' id='word_1_385' title='bbox 3379 5423 3598 5497; x_wconf 91' lang='lat' dir='ltr'>repu-</span> 
     </span>
     <span class='ocr_line' id='line_1_77' title="bbox 2055 5517 3590 5613; baseline -0.001 -23"><span class='ocrx_word' id='word_1_386' title='bbox 2055 5517 2396 5613; x_wconf 82' lang='lat' dir='ltr'>gnantia,</span> <span class='ocrx_word' id='word_1_387' title='bbox 2453 5526 2528 5590; x_wconf 88' lang='lat' dir='ltr'>et</span> <span class='ocrx_word' id='word_1_388' title='bbox 2592 5524 2874 5612; x_wconf 83' lang='lat' dir='ltr'>praeter</span> <span class='ocrx_word' id='word_1_389' title='bbox 2942 5517 3086 5588; x_wconf 91' lang='lat' dir='ltr'>hoc</span> <span class='ocrx_word' id='word_1_390' title='bbox 3152 5539 3383 5613; x_wconf 83' lang='lat' dir='ltr'>poena</span> <span class='ocrx_word' id='word_1_391' title='bbox 3440 5540 3590 5589; x_wconf 90' lang='lat' dir='ltr'>non</span> 
     </span>
     <span class='ocr_line' id='line_1_78' title="bbox 2056 5632 3598 5731; baseline 0 -24"><span class='ocrx_word' id='word_1_392' title='bbox 2056 5632 2198 5708; x_wconf 86' lang='lat' dir='ltr'>fuit</span> <span class='ocrx_word' id='word_1_393' title='bbox 2233 5643 2407 5708; x_wconf 88' lang='lat' dir='ltr'>ante</span> <span class='ocrx_word' id='word_1_394' title='bbox 2450 5634 2786 5730; x_wconf 87' lang='lat' dir='ltr'>culpam,</span> <span class='ocrx_word' id='word_1_395' title='bbox 2826 5655 3030 5705; x_wconf 89' lang='lat' dir='ltr'>mors</span> <span class='ocrx_word' id='word_1_396' title='bbox 3071 5639 3323 5706; x_wconf 87' lang='lat' dir='ltr'>autem</span> <span class='ocrx_word' id='word_1_397' title='bbox 3369 5655 3598 5731; x_wconf 85' lang='lat' dir='ltr'>poena</span> 
     </span>
    </p>
   </div>
   <div class='ocr_carea' id='block_1_18' title="bbox 3715 3095 3920 3209">
    <p class='ocr_par' dir='ltr' id='par_1_20' title="bbox 3715 3095 3920 3209">
     <span class='ocr_line' id='line_1_79' title="bbox 3715 3095 3920 3144; baseline -0.01 0"><span class='ocrx_word' id='word_1_398' title='bbox 3715 3095 3823 3144; x_wconf 80' lang='lat' dir='ltr'>into</span> <span class='ocrx_word' id='word_1_399' title='bbox 3862 3096 3920 3144; x_wconf 92' lang='lat' dir='ltr'>D.</span> 
     </span>
     <span class='ocr_line' id='line_1_80' title="bbox 3724 3172 3880 3209; baseline -0.006 -1"><span class='ocrx_word' id='word_1_400' title='bbox 3724 3172 3880 3209; x_wconf 81' lang='lat' dir='ltr'>onav.</span> 
     </span>
    </p>
   </div>
  </div>
 </body>
</html>
