4295 6326
597 437 680 503 68
2019 433 2254 501 mam
2300 431 2387 505 11.

264 645 541 707 Quomodo
599 611 840 685 lectus
943 616 1016 682 et
1107 607 1492 700 voluntaS,
1563 616 1744 680 sunt
1839 605 2141 681 realiter
2247 606 2621 681 variabile
2686 607 2885 683 inest
2965 606 3307 703 subJecto
3407 603 3787 680 mediante
3854 631 4096 698 AEgfflu.

247 712 567 824 3²52?ssssss
599 726 1005 817 distinctae,
1051 733 1125 827 et
1165 725 1310 797 hoc
1354 722 1664 820 ponitur
1703 722 2133 820 dupliciter.
2250 722 2641 798 accidente
2731 723 3165 799 invariabili
3273 722 3709 798 immediate
3768 699 4003 806 3q⁰⁰d¹·
4024 702 4069 750 ³·
4093 696 4140 745 ⁹·

265 836 539 888 differant.

598 843 857 917 Prima
896 842 1023 915 via
1081 840 1297 938 ponit
1346 840 1552 937 quod
1621 840 1926 914 realiter
1981 839 2142 913 dis-

595 960 1057 1056 tinguuntur
1097 957 1296 1031 inter
1362 979 1470 1049 se,
1517 966 1590 1029 et
1647 956 1741 1030 ab
1809 955 2143 1031 essentia

597 1079 904 1171 animae,
976 1076 1173 1150 sicut
1230 1073 1681 1167 accidentia,
1720 1096 1895 1172 quae
1962 1083 2143 1147 sunt

2251 841 2485 939 igitur
2524 843 3009 940 operationes
3042 843 3276 918 variae
3319 844 3584 918 insunt
3624 840 3795 916 ani-

2256 982 2399 1033 mae
2436 960 2814 1035 mediante
2859 962 3199 1058 potentia
3237 970 3603 1059 tanquam
3670 981 3800 1033 ac-

2252 1075 2554 1151 cidente
2614 1077 3082 1153 invariabili.
3147 1078 3628 1154 Antecedens
3680 1099 3801 1174 pa-

268 1195 544 1310 ssf’sslilguss·
596 1196 929 1293 propria}
961 1193 1387 1293 passiones.
1426 1191 1594 1265 Alia
1633 1190 1895 1289 opinio
1928 1191 2144 1288 ponit
2252 1202 2383 1287 tet,
2430 1193 2614 1291 quia
2646 1194 2888 1292 major
2963 1194 3393 1272 differentia
3459 1193 3801 1294 procedit

250 1294 547 1436 Doiggffags
596 1312 804 1409 quod
843 1310 1428 1406 distinguuntur
1460 1306 1987 1383 realiterinter
2028 1330 2137 1401 se,
2253 1308 2330 1383 in
2387 1308 2658 1386 effectu
2702 1336 2747 1386 a
2787 1336 3020 1389 causa
3078 1312 3459 1389 mediante
3521 1310 3801 1385 minori

250 1422 378 1498 10'2.
412 1424 565 1497 aei.
598 1430 731 1504 sed
791 1453 945 1503 non
1022 1428 1116 1502 ab
1207 1425 1542 1501 essentia
1610 1425 1916 1500 animae.
1991 1424 2140 1499 Pro
2254 1422 2715 1501 differentia.

325 1515 423 1560 art.
455 1514 502 1561 2.
696 1548 709 1562 .
934 1549 946 1561 .
1232 1546 1246 1561 .
2526 1541 2539 1555 ·
2723 1543 2738 1555 ·

270 1577 458 1637 quaest.
493 1577 537 1624 1.
596 1573 845 1648 prima
876 1572 1001 1622 via
1032 1555 1380 1644 argmtur
1426 1570 1441 1620 :
1485 1549 1721 1621 Actus
1753 1555 1826 1620 et
1871 1554 2142 1643 poten-
2347 1542 2577 1617 Addit
2641 1544 2840 1618 alius
2917 1545 3200 1618 Doctor
3242 1567 3257 1617 ;
3341 1546 3596 1640 Agens
3664 1565 3800 1640 per

595 1665 701 1740 tia
731 1674 910 1739 sunt
950 1664 1294 1763 ejusdem
1336 1661 1644 1760 generis
1678 1690 1697 1755 3
1735 1661 1867 1736 sed
1901 1669 2139 1745 actus,
2251 1659 2664 1734 essentiam
2765 1685 3069 1761 semper
3136 1659 3345 1757 agit3
3419 1660 3652 1758 igitur
3734 1659 3798 1735 si

596 1790 677 1854 ut
708 1780 1136 1875 intelligere
1196 1787 1272 1853 et
1349 1779 1544 1852 velle
1613 1785 1794 1852 sunt
1848 1776 1940 1851 de
2004 1798 2141 1872 ge-
2253 1774 2514 1850 anima
2578 1786 2838 1872 ageret
2904 1802 3039 1876 per
3106 1779 3549 1873 essentiam,
3593 1801 3801 1853 sem-

594 1921 778 1973 nere
842 1895 1314 1989 Qualitatis3
1388 1895 1622 1992 igitur
1698 1904 1772 1969 et
1864 1903 2141 1993 poten—
2250 1918 2389 1991 per
2461 1903 2775 1991 ageret3
2846 1894 3081 1992 igitur
3148 1896 3338 1971 illud
3388 1919 3542 1994 quo
3611 1896 3794 1993 agit,

594 2013 744 2088 tiae.
2251 2019 2326 2085 et
2360 2034 2516 2084 non
2546 2035 2876 2109 semper,
2905 2037 3058 2086 non
3115 2023 3229 2088 est
3285 2014 3644 2089 essentia.

690 2130 1079 2224 Secund0,
1126 2129 1383 2204 anima
1414 2128 1841 2202 secundum
1888 2150 2142 2204 essen·
2350 2126 2567 2218 ltem,
2641 2127 2840 2203 sicut
2916 2129 3254 2204 essentia
3311 2130 3403 2205 ad
3463 2153 3648 2224 esse,
3694 2130 3798 2205 ita

591 2246 775 2321 tiam
818 2256 933 2321 est
972 2255 1215 2336 actus,
1253 2245 1316 2317 si
1378 2243 1719 2343 potentia
1767 2243 2136 2342 operandi
2250 2243 2594 2341 potentia
2619 2244 2714 2318 ad
2748 2246 3061 2342 operari
3078 2274 3104 2330 ,·
3133 2245 3370 2342 igitur
3405 2256 3799 2345 permuta-

589 2387 747 2440 non
817 2364 914 2439 sit
991 2363 1200 2439 aliud
1255 2363 1350 2437 ab
1426 2362 1761 2437 essentia
1823 2390 1842 2457 3
1905 2361 2140 2459 igitur
2252 2358 2416 2453 tim,
2452 2359 2650 2434 sicut
2690 2385 2848 2435 esse
2881 2362 2975 2437 ad
3007 2387 3254 2461 affere,
3288 2363 3393 2438 ita
3457 2364 3798 2463 potentia

592 2480 964 2579 quamdiu
998 2489 1138 2574 est,
1175 2502 1481 2577 semper
1519 2488 1906 2576 operatur,
1956 2478 2140 2576 quia
2248 2475 2342 2550 ad
2419 2477 2879 2566 essentiam3
2927 2480 3059 2555 sed
3138 2480 3212 2554 in
3299 2482 3511 2557 nullo
3609 2482 3798 2557 citra

589 2595 788 2670 sicut
844 2594 1180 2670 essentia
1212 2603 1328 2670 est
1364 2592 1830 2692 principium
1863 2593 2139 2668 viven-
2249 2592 2497 2668 Deum
2529 2605 2643 2669 est
2682 2618 2849 2671 esse
2882 2619 3110 2694 agere
3142 2626 3162 2692 3
3209 2598 3443 2695 igitur
3470 2622 3613 2676 nec
3654 2624 3794 2698 po—

594 2712 699 2806 di,
772 2712 881 2786 sic
975 2720 1089 2787 est
1203 2709 1666 2809 principium
1766 2710 2134 2808 operandi
2246 2710 2487 2785 tentia
2541 2712 2902 2787 essentia.

598 2828 1024 2903 secundum
1094 2826 1533 2902 essentiam.
1598 2825 1812 2900 Sicut
1904 2825 2138 2923 igitur
2344 2828 2562 2922 Item,
2624 2852 2761 2926 per
2836 2829 3353 2920 auctoritates.
3438 2833 3796 2929 Augusti-

592 2943 961 3041 quamdiu
1077 2942 1337 3017 anima
1414 2950 1526 3017 est
1609 2942 1687 3015 in
1781 2965 2130 3041 corpore,
2247 2967 2395 3017 nus
2434 2944 2527 3018 de
2563 2946 2843 3043 spiritu
2875 2952 2947 3022 et
2997 2947 3314 3042 Anima,
3349 2929 3794 3024 Aristoteles

590 3058 1100 3157 compositum
1171 3069 1284 3133 est
1337 3082 1609 3150 unum,
1664 3057 1768 3132 ita
1830 3082 2137 3156 semper
2246 3060 2327 3133 in
2428 3059 3101 3158 Praedz'camenliS,
3190 3073 3264 3140 et
3352 3065 3794 3166 Simplicius

588 3188 703 3256 est
734 3203 1090 3278 operans.
1141 3180 1231 3252 Et
1270 3178 1479 3252 addit
1544 3178 1747 3275 quod
1798 3177 2137 3275 inquan-
2242 3201 2475 3275 super
2552 3181 2977 3278 capitulam
3060 3183 3153 3257 de
3241 3183 3650 3275 Οααῖίίαίε,
3722 3195 3797 3260 et

592 3306 747 3370 tum
783 3305 897 3369 est
948 3294 1309 3381 essentia,
1356 3303 1471 3367 est
1544 3303 1786 3386 actuS,
1818 3294 1948 3368 sed
2011 3294 2135 3367 in-
2245 3294 2774 3372 Damascenus
2815 3299 2897 3372 in
2935 3300 3222 3398 Loqt‘ca
3269 3326 3436 3395 sua,
3497 3313 3796 3400 ponunt

590 3420 961 3510 quantum
1025 3420 1241 3484 actus
1273 3433 1427 3482 non
1476 3420 1590 3484 est
1653 3409 1728 3481 in
1767 3409 2129 3507 potentia,
2247 3413 2676 3486 naturalem
2748 3417 3166 3512 potentiam
3257 3428 3332 3491 et
3417 3419 3796 3517 impoten-

590 3531 653 3604 si
689 3554 841 3604 non
887 3539 1275 3626 operatur,
1313 3536 1515 3602 esset
1552 3527 1627 3599 in
1662 3526 1999 3623 potentia
2040 3527 2133 3600 ad
2244 3530 2424 3604 tiam
2469 3531 2544 3604 in
2579 3534 2924 3609 secunda
2955 3536 3208 3633 specie
3258 3537 3687 3624 Qualitatis.

591 3646 919 3744 operari.
2345 3647 2555 3734 Item,
2597 3649 3167 3725 Commentator
3224 3679 3275 3726 1.
3324 3654 3416 3728 de
3483 3655 3785 3752 Anima,

282 3793 532 3846 uervaeus
689 3762 906 3835 Alius
946 3761 1227 3834 Doctor
1302 3759 1553 3858 arguit
1601 3781 1737 3856 pro
1808 3758 1950 3831 hac
2010 3757 2134 3831 via
2243 3784 2439 3835 com.
2478 3762 2595 3835 92.
2647 3763 2871 3838 Sicut
2896 3789 3215 3863 pomum
3275 3768 3650 3844 dividitur
3707 3772 3788 3846 in

274 3860 535 3985 ᾎἿᾟΙᾈᾶζ
594 3878 743 3952 sic:
786 3878 992 3952 Idem
1036 3876 1357 3974 simplex
1416 3882 1755 3948 creatum
1799 3897 1949 3947 non
1991 3899 2132 3972 po-
2243 3878 2559 3974 coloreS,
2601 3880 2710 3955 sic
2742 3883 3006 3957 anima
3037 3883 3119 3958 in
3165 3886 3552 3982 potentias
3577 3917 3595 3982 3
3655 3913 3790 3963 co-

595 4005 735 4072 test
793 4019 960 4071 esse
1018 3993 1478 4093 principium
1549 3994 1697 4066 tale
1743 3991 2131 4066 immedia-

586 4124 748 4190 tum
810 4113 1319 4199 diversorum,
1367 4119 1441 4184 et
1497 4111 1642 4184 hoc
1702 4111 2126 4185 secundum

584 4256 728 4324 se3
802 4230 929 4304 sed
991 4228 1316 4303 diversae
1389 4236 1569 4302 sunt
1631 4227 2117 4324 operationes

2242 3996 2358 4069 lor
2397 4007 2511 4071 est
2552 3998 2908 4072 accidens
2940 4001 3173 4098 pomi.

2341 4114 2550 4201 Item,
2610 4117 3090 4212 Augustinus
3160 4119 3274 4191 15.
3332 4120 3425 4195 de
3504 4122 3780 4199 Trinit.

2236 4229 2354 4302 23.
2393 4230 2485 4305 de
2517 4233 2844 4329 maqm‘s,
2889 4234 3192 4310 videtur
3249 4261 3533 4334 ponere
3576 4241 3782 4337 quod

581 4350 861 4424 animae
900 4375 917 4440 3
965 4347 1221 4442 igitur,
1290 4355 1430 4420 etc.
1475 4345 1722 4441 Major
1769 4354 1974 4441 patet
2031 4344 2122 4419 de
2240 4346 2607 4420 memoria
2647 4357 2720 4422 et
2787 4348 3290 4446 intelligentia
3349 4355 3783 4452 suscipiunt

584 4467 925 4559 materia,
971 4465 1046 4536 in
1079 4487 1231 4561 qua
1265 4463 1520 4535 minus
1563 4461 1860 4534 videtur
1916 4461 2121 4558 quod
2236 4463 2481 4558 magis
2540 4474 2614 4538 et
2674 4465 2928 4541 minus
2982 4495 3000 4560 3
3075 4468 3307 4565 igitur
3375 4496 3530 4545 non
3600 4485 3781 4548 sunt

582 4583 919 4680 potentia
1014 4580 1396 4676 receptiva
1454 4588 1565 4653 est
1624 4577 1772 4651 alia
1831 4588 1903 4652 ct
1971 4580 2121 4652 alia
2234 4577 2712 4654 substantiae.
3079 4647 3104 4656 ,
3711 4672 3720 4681 .

578 4679 1056 4773 diversorum
1128 4695 1565 4770 effectuum.
1635 4694 1842 4766 Licet
1910 4695 2114 4767 enim
2330 4704 2516 4780 Item
2572 4708 2983 4782 Anselmus
3060 4710 3148 4784 d..
3245 4713 3445 4789 Casu
3535 4717 3767 4793 Diab.

577 4815 895 4890 materia
930 4822 1217 4887 remota
1285 4812 1379 4884 sit
1455 4805 1750 4903 eadem,
1790 4811 2115 4906 requiri·
2228 4845 2394 4916 cap.
2434 4823 2504 4894 8.
2552 4823 2970 4921 dicitquod
3031 4830 3372 4924 potentia
3408 4835 3773 4911 volunta—

573 4945 695 5008 tur
807 4930 1013 5005 aliud
1128 4928 1633 5027 approprians
1714 4929 2107 5002 materiam
2227 4938 2322 5010 tis
2357 4962 2510 5012 non
2573 4948 2686 5013 est
2761 4943 3122 5036 essentia,
3160 4946 3343 5041 quia
3411 4950 3769 5028 voluntas

569 5052 750 5126 huic
829 5052 1091 5124 forma}
1159 5056 1232 5120 et
1298 5045 1406 5119 illi
1468 5075 1486 5140 3
1563 5045 1792 5140 igitur
1869 5048 2108 5122 multo
2226 5078 2376 5128 non
2424 5067 2537 5130 est
2567 5057 3017 5134 substantia.
3083 5061 3284 5136 Dicit
3341 5064 3602 5141 enim:
3669 5068 3771 5144 Si

567 5171 835 5244 fortius
932 5166 1128 5239 idem
1226 5163 1701 5261 operativum
1784 5164 2108 5262 simplex
2210 5170 2581 5265 potentiae
2651 5194 2805 5245 non
2873 5180 3054 5247 sunt
3122 5174 3592 5267 substantiae,
3661 5190 3765 5258 ta-

564 5287 988 5363 secundum
1078 5306 1186 5376 se,
1288 5305 1439 5355 non
1566 5290 1811 5379 potest
1936 5305 2104 5357 esse
2221 5309 2396 5360 men
2463 5310 2616 5361 non
2680 5295 2860 5362 sunt
2945 5289 3168 5364 nihil.
3240 5293 3426 5368 Dico
3504 5306 3760 5376 tamen

560 5404 1025 5506 principium
1144 5399 1670 5474 immediatum
1761 5399 2104 5474 diverso·
2220 5402 2424 5499 quod
2466 5403 2619 5479 illae
2660 5403 2996 5481 rationes
3050 5430 3203 5481 non
3254 5413 3752 5492 concludunt.

561 5551 759 5602 rum,
2313 5517 2462 5593 Sed
2518 5519 2612 5595 ad
2679 5544 2860 5596 suas
2925 5521 3262 5600 rationes
3321 5527 3540 5608 facile
3607 5557 4138 5624 res-aemonae-

345 5680 408 5748 3·
656 5643 873 5720 Alius
940 5640 1221 5713 Doctor
1278 5635 1371 5710 ad
1431 5635 1662 5734 idem,
1743 5635 2100 5710 accidens
2213 5636 2618 5732 pondetur.
3793 5623 4167 5741 ‘'r'itfflgss‘f⁸
