4295 6326
1402 439 1623 512 DIST.
1674 448 1867 522 xlx.
1922 453 2343 534 QUAESTIO
2395 467 2630 542 UNIC.

3505 506 3628 575 401

1197 856 2347 1041 DISTINCTIO
2455 895 2876 1056 XIX.

1657 1177 1753 1227 Dm
1800 1181 2068 1234 MERITO
2129 1188 2422 1244 CHRISTI.

95 1612 326 1678 Reliqua

95 1688 220 1737 qum
252 1693 331 1728 se·

87 1745 332 1799 quuutur

81 1802 337 1866 decerpta

84 1870 212 1913 sunt
243 1881 306 1916 ex
403 1846 649 1918 Utrum
683 1855 1003 1926 Christus
1042 1865 1302 1932 meruit
1364 1871 1688 1943 omnibus
1736 1881 1934 1948 nobis

41 1926 362 2060 ἓξζξῗζ,ᾟ’
744 1965 1045 2049 qratiam
1084 1980 1151 2039 et
1210 1974 1512 2063 qlorz‘am
1543 1986 1581 2050 ?

117 2062 268 2114 tatic.

389 2147 581 2205 Alnus.
611 2152 667 2208 3.
699 2162 845 2222 part.
888 2168 1080 2230 quoest.
1139 2165 1218 2221 16.
1263 2169 1461 2226 memb.
1508 2173 1561 2228 4.
1604 2180 1710 2231 art.
1756 2179 1809 2232 2.
1862 2185 1928 2235 D.

457 2221 667 2280 Thom.
699 2226 750 2281 3.
773 2237 920 2298 part.
947 2239 1140 2302 quaest.
1175 2238 1263 2293 ⁴9.
1305 2249 1412 2297 arc.
1443 2243 1497 2298 3.
1530 2256 1585 2300 ee
1618 2247 1702 2302 hic
1729 2259 1929 2319 quam.

455 2308 491 2347 1.
526 2299 635 2350 art.
662 2296 716 2351 5.
749 2304 813 2355 D.
850 2301 1162 2364 Bonavent.
1196 2313 1302 2364 art.
1335 2328 1376 2367 1.
1419 2322 1619 2385 quaest.
1672 2336 1714 2373 1.
1763 2322 1856 2378 23.
1879 2329 1933 2382 et

453 2364 576 2419 dist.
611 2367 695 2421 18.
732 2379 839 2426 art.
862 2375 916 2427 2.
949 2385 1140 2447 quaest.
1175 2383 1226 2435 3.
1263 2382 1538 2441 Richard.
1586 2388 1667 2444 ibi
1709 2399 1820 2448 art.
1874 2398 1927 2453 2.

450 2442 645 2506 quaest.
699 2441 750 2498 4.
801 2452 853 2499 οι
901 2446 990 2503 hic
1033 2458 1139 2506 are.
1192 2469 1232 2509 1.
1287 2453 1567 2515 Henricus
1616 2465 1800 2532 quedl.
1839 2468 1925 2523 10.

451 2516 635 2579 quaest.
672 2529 710 2568 1.
744 2513 956 2573 Suarez
978 2520 1030 2574 3.
1063 2528 1206 2591 part.
1242 2528 1370 2582 tom.
1409 2546 1443 2583 ι.
1477 2530 1512 2585 d
1575 2533 1662 2590 41.
1704 2542 1829 2592 sect.
1885 2557 1922 2595 1.

449 2583 500 2634 et
527 2582 580 2635 3.
608 2585 873 2657 vasquez
901 2589 952 2644 d.
985 2593 1078 2647 77.
1115 2593 1327 2651 Driedo
1354 2597 1420 2655 de
1451 2600 1714 2672 Captivit.
1749 2614 1920 2667 {rac-e.

446 2652 500 2705 2.
526 2668 648 2725 cap.
689 2656 743 2710 2.
776 2665 918 2728 part.
960 2663 1014 2718 3.
1054 2666 1180 2722 tlaec
1211 2674 1454 2740 quaestio
1490 2678 1690 2745 paucis
1725 2689 1924 2737 muta-

449 2722 544 2792 tis,
570 2724 676 2781 huc
707 2731 995 2789 translata
1026 2740 1212 2810 estjex
1243 2743 1577 2802 oxoniensi.

771 1656 1183 1739 'QUAESTIO
1235 1672 1535 1744 UNICA.

144 2906 203 2969 l·
471 2915 686 2994 Circa
746 2922 1314 3010 distinctionem
1347 2936 1724 3019 decimam
1772 2973 1918 3025 no-

19 2991 317 3116 Aiffgzuifkis
371 3055 550 3107 nam
594 3042 969 3134 quaeritur
1000 3046 1092 3122 de
1123 3050 1464 3131 efficacia
1529 3064 1912 3157 passionis

89 3133 253 3170 ”³⁰¹²
370 3148 650 3228 Christi
693 3157 786 3231 ad
830 3184 1023 3238 nos:
1082 3166 1354 3246 Utrum
1408 3182 1693 3255 meruit
1749 3207 1912 3260 om-

367 3268 595 3345 nibus
660 3275 881 3352 nobis
957 3287 1289 3378 qratiam
1370 3300 1446 3368 et
1501 3296 1832 3393 qloriam
1871 3306 1912 3378 ⁴?

366 3383 584 3472 Quod
626 3414 781 3465 non
845 3396 1175 3496 videtur,
1248 3409 1430 3503 quia
1500 3420 1905 3511 praemium

364 3505 661 3580 excedit
694 3511 1082 3610 meritum,
1137 3544 1312 3596 cum
1373 3531 1728 3608 meritum
1793 3562 1908 3612 or-

361 3615 671 3694 dinetur
696 3625 787 3699 ad
819 3632 1223 3725 praemium
1258 3639 1456 3717 sicut
1486 3647 1579 3720 ad
1609 3648 1839 3728 finem
1880 3683 1898 3750 3

360 3734 492 3807 sed
524 3742 933 3833 praemium
969 3749 1295 3828 aliorum
1354 3763 1702 3841 omnium
1745 3795 1898 3847 non

355 3853 650 3928 excedit
708 3861 1064 3938 meritum
1120 3869 1427 3969 Christi,
1475 3903 1615 3956 nec
1665 3890 1901 3963 meri-

353 3977 512 4042 tum
555 3973 831 4050 Christi
876 3982 1275 4061 ordinatur
1313 3994 1407 4066 ad
1450 3995 1519 4070 id
1565 4000 1763 4077 sicut
1803 4009 1894 4082 ad

351 4082 611 4180 finem,
685 4116 858 4168 cum
935 4099 1031 4173 sit
1104 4106 1443 4186 nobilius
1519 4137 1751 4213 quam
1821 4125 1896 4200 id

2 4787 312 4846 Secundum·
445 4790 858 4892 Praeterea,
931 4804 1286 4882 meritum
1375 4815 1653 4894 Christi
1751 4826 1889 4902 ruit

344 4906 634 4983 bonum
683 4916 1068 5010 quoddam
1118 4921 1658 5026 sinitum,’cum
1718 4943 1889 5018 fue-

2060 1439 2193 1535 qui
2249 1441 2704 1546 offenditur,
2777 1457 2908 1552 qui
2978 1472 3092 1536 est
3166 1448 3525 1546 infinitus
3594 1502 3614 1570 3

2055 1577 2239 1651 ergo
2272 1581 2449 1634 cum
2520 1562 2834 1642 finitum
2905 1598 3057 1649 non
3130 1578 3226 1654 sit
3303 1608 3618 1685 propor-

2050 1670 2428 1749 tionatum
2550 1681 2886 1783 infinito,
3006 1692 3313 1771 videtur
3403 1706 3611 1801 quod

2050 1788 2352 1864 nullum
2399 1796 2760 1872 meritum
2802 1803 3087 1880 Christi
3133 1814 3381 1907 potuit
3444 1842 3610 1895 me-

2052 1904 2199 1976 reri
2244 1906 2702 1988 deletionem
2737 1917 3078 1999 offensae.

2151 2021 2556 2120 Praeterea,
2608 2054 2747 2129 per
2812 2034 3014 2112 idem
3095 2055 3303 2141 patet
3390 2056 3592 2148 quod
3761 2084 3824 2149 2,

2048 2160 2203 2211 non
2264 2144 2545 2219 meruit
2603 2148 3061 2230 deletionem
3139 2186 3393 2258 poenae
3454 2194 3592 2268 pro
3654 2167 3914 2224 Tertium.

2046 2265 2257 2329 reatu
2331 2258 2634 2337 infinito
2703 2268 3055 2369 aliorum,
3115 2279 3300 2375 quia
3365 2309 3591 2381 poena

2043 2392 2220 2466 quae
2243 2373 2565 2451 debetur
2594 2382 2723 2455 tali
2749 2399 3090 2485 peccato,
3117 2406 3232 2470 est
3255 2397 3583 2498 infinita,

2040 2507 2218 2559 cum
2250 2489 2345 2563 sit
2385 2501 2703 2587 aeterna,
2745 2510 2819 2574 et
2879 2508 3234 2586 meritum
3305 2515 3585 2594 Christi

2037 2611 2153 2675 est
2185 2602 2530 2704 finitum;
2577 2636 2788 2711 ergO,
2835 2629 2977 2695 etc.

2134 2720 2541 2813 Praeterea,
2619 2731 2710 2807 de
2799 2739 3144 2833 possibili
3261 2764 3586 2845 possunt
3629 2795 3905 2855 Quartum.

2032 2859 2201 2912 esse
2235 2841 2591 2921 homines
2633 2847 2942 2943 infiniti,
2996 2858 3061 2932 si
3117 2867 3456 2943 mundus
3507 2883 3581 2946 et

2028 2956 2425 3048 generatio
2459 2983 2766 3061 semper
2831 2970 3170 3072 duraret,
3217 2989 3291 3053 et
3344 2985 3581 3081 quili-

2026 3068 2155 3146 bet
2198 3083 2429 3151 natus
2479 3090 2593 3154 est
2671 3092 3127 3170 contrahere
3200 3099 3577 3198 originale

2024 3202 2476 3290 peccatum3
2537 3221 2720 3297 ergo
2772 3214 2956 3282 tunc
3016 3211 3208 3289 foret
3271 3216 3576 3299 infinita

2022 3307 2251 3405 culpa
2305 3336 2324 3403 ;
2383 3334 2558 3387 cum
2614 3340 2797 3416 ergo
2877 3327 3232 3405 meritum
3291 3335 3572 3413 Christi

2021 3421 2118 3494 sit
2184 3423 2520 3524 finitum,
2602 3438 2954 3533 sequitur
3036 3449 3242 3543 quod
3323 3454 3566 3550 prius,

2019 3535 2225 3629 quod
2260 3562 2415 3613 non
2450 3544 2731 3622 sufficit
2760 3576 2898 3648 pro
2926 3559 3379 3641 remissione
3408 3571 3565 3643 cul-

2016 3673 2165 3746 pae,
2228 3664 2303 3728 et
2360 3661 2768 3741 collatione
2813 3673 3082 3765 gratiae
3168 3689 3242 3753 et
3296 3683 3563 3778 gloriae

2013 3768 2391 3846 omnium.

2112 3884 2523 3987 Praeterea,
2561 3895 2624 3969 si
2665 3899 3093 3981 suffecisset
3124 3910 3215 3983 ad
3262 3937 3556 3992 meren·
3609 3958 3885 4019 Quintum.

2012 3999 2191 4074 dum
2227 4006 2551 4099 gratiam
2595 4023 2667 4088 et
2733 4018 3054 4112 gloriam
3113 4050 3249 4123 pro
3297 4034 3554 4107 omni-

2008 4114 2181 4211 bus,
2237 4124 2597 4201 omnibus
2656 4132 3132 4215 conferretur
3182 4149 3428 4240 gratia
3477 4162 3552 4226 et

2006 4233 2279 4330 gloria,
2318 4242 2520 4336 quod
2566 4228 2839 4323 salsum
2875 4264 3030 4347 est;
3078 4260 3308 4337 multi
3341 4269 3548 4344 enim

2003 4358 2185 4425 sunt
2241 4360 2520 4453 vocati,
2577 4368 2821 4466 pauci
2880 4394 3058 4447 vero
3149 4377 3395 4478 electi,
3476 4397 3551 4462 et
3575 4424 3874 4484 mmmm,

2004 4490 2301 4564 paucus
2328 4484 2442 4549 est
2471 4502 2845 4561 numerus
2877 4487 3220 4569 fidelium
3256 4522 3550 4601 respec-

2002 4590 2079 4656 tu
2126 4582 2584 4686 infidelium,
2634 4621 2773 4674 nec
2840 4628 3110 4684 omnes
3186 4613 3545 4714 baptizati

2000 4703 2425 4781 salvantur.

2095 4820 2404 4919 Contra,
2441 4827 2595 4904 Leo
2631 4833 2845 4934 Papa
2877 4840 2955 4915 in
2979 4867 3337 4929 sermone
3360 4876 3547 4953 quo-

1997 4936 2172 5011 dam
2217 4941 2309 5017 de
2367 4945 2780 5030 Nativitate
2838 4957 3147 5039 Domini
3214 4994 3229 5043 ε
3316 4972 3546 5052 Sicut

339 5023 435 5098 rit
477 5026 647 5123 ejus
715 5036 1143 5114 secundum
1193 5055 1548 5126 naturam
1609 5057 1884 5137 huma-
1993 5054 2300 5133 nullam
2350 5085 2396 5135 a
2436 5072 2650 5142 reatu
2695 5069 3023 5154 liberum
3084 5091 3394 5186 reperit,
3432 5095 3540 5169 ita

334 5164 513 5216 nam
548 5169 567 5232 ;
613 5168 796 5244 ergo
824 5174 981 5227 non
1040 5161 1290 5253 potuit
1320 5171 1599 5245 mereri
1632 5181 1883 5254 omni-
1980 5191 2129 5265 pro
2166 5170 2586 5256 liberandis
2627 5189 2978 5268 omnibus
3015 5203 3241 5276 venit.

333 5257 479 5334 bus
518 5266 954 5362 praemium,
1002 5277 1206 5373 quod
1233 5291 1348 5358 est
1413 5286 1703 5368 bonum
1759 5297 1880 5373 in-

334 5375 667 5453 finitum.
701 5382 1072 5465 Similiter
1100 5411 1501 5492 peccatum
1544 5410 1871 5494 aliorum

330 5493 467 5568 ruit
498 5496 885 5579 infinitum
922 5512 1237 5611 malum,
1266 5521 1448 5617 quia
1491 5537 1702 5608 tanta
1759 5550 1873 5614 est

324 5607 620 5690 offensa
645 5629 719 5694 et
749 5637 1180 5722 peccatum,
1217 5653 1552 5734 quantus
1593 5662 1708 5728 est
1738 5653 1867 5733 ille
1977 5694 2036 5751 1„
2132 5698 2143 5710 ·

537 5763 675 5820 Tou.
708 5766 882 5826 xxm

2535 5460 2898 5525 SCHOLIUM
2930 5470 2981 5526 1.
