4295 6326
1491 419 1716 488 DIST.
1769 419 2061 489 XXXII.
2111 419 2530 500 QUAESTIO
2584 422 2816 493 UNIC.

499 611 728 686 quam
790 591 1173 668 tristitiam
1244 603 1568 692 possunt
1608 595 1895 669 habere
1961 595 2042 666 in

499 702 1045 803 concipiendo
1114 720 1467 784 naturam
1602 733 1821 784 suam
1945 708 2042 784 ad

501 833 874 918 quantum
934 824 1226 899 bonum
1286 826 1713 901 secundum
1782 849 1862 901 se
1907 825 2045 899 suit

501 938 982 1035 ordinabilis,
1089 944 1271 1040 quia
1367 942 1819 1040 Philosophi
1910 964 2047 1040 per

503 1054 881 1130 rationem
913 1060 1338 1133 naturalem
1397 1060 1823 1156 potuerunt
1862 1082 2046 1152 cog-

504 1194 825 1247 noscere
860 1173 1109 1250 Deum
1151 1176 1412 1273 aliquo
1449 1176 1701 1264 modo,
1741 1185 1814 1249 et
1863 1175 2047 1249 bea-

509 1288 913 1365 titudinem
956 1294 1422 1385 naturalem3
1472 1302 1544 1368 et
1574 1293 1679 1366 ita
1718 1294 2046 1390 perfecte

508 1420 834 1505 possunt
899 1412 1201 1508 parvuli
1263 1436 1729 1509 cognoscere
1798 1413 2045 1487 Deum

507 1526 969 1623 inquantum
1040 1529 1509 1628 principium
1555 1529 1930 1622 omnium,
1976 1538 2049 1603 et

512 1641 944 1718 felicitatem
1013 1648 1444 1721 naturalem
1515 1646 1851 1743 aliquam
1914 1669 2050 1744 per

510 1758 771 1856 aliqua
809 1761 1206 1836 sensibilia
1236 1762 1721 1837 occurrentia
1759 1762 1895 1837 eis.

245 1914 355 1979 22·
607 1875 794 1951 Dico
828 1878 1037 1975 quod
1096 1880 1429 1976 perfecte
1500 1888 1826 1977 possunt
1879 1901 2051 1973 cog-

153 2030 228 2079 ne
268 2029 450 2091 cogni-
508 2014 828 2067 noscere
861 1990 1214 2070 naturam
1247 2019 1496 2089 suam,
1534 2005 1607 2069 et
1639 1994 2047 2092 perfectius

151 2092 474 2203 ἕξῆἳυῖξῖξ,
510 2131 740 2206 quam
811 2111 1092 2209 aliquis
1155 2112 1699 2210 PhilosophuS,
1746 2119 1820 2186 et
1860 2135 2047 2186 con-

152 2218 478 2328 pflgssgffle‘
509 2222 840 2300 ditiones
899 2229 1293 2302 naturales
1370 2227 1677 2301 scibiles
1740 2250 1830 2301 ex
1896 2226 2046 2299 illis

237 2342 395 2392 ²¹⁰m·
508 2343 1034 2439 sensibilibuS,
1117 2368 1293 2442 quae
1359 2353 1832 2419 concurrunt
1902 2345 2038 2434 eiS,

505 2482 641 2557 per
681 2483 857 2557 quae
898 2472 1221 2559 possunt
1271 2485 1735 2558 cognoscere
1794 2457 2046 2536 termi-

500 2599 672 2670 nos,
718 2587 792 2651 et
833 2602 969 2675 per
1000 2600 1489 2676 consequens
1526 2578 1931 2676 principia,
1969 2587 2042 2664 et

501 2689 609 2764 sic
652 2704 976 2790 possunt
1030 2696 1356 2792 perfecte
1417 2693 1814 2790 acquirere
1873 2717 2044 2789 cog-

500 2807 875 2884 nitionem
918 2810 1477 2907 cujuscumque
1521 2810 2041 2884 conclusionis

499 2924 793 2998 scibilis
867 2927 1349 3019 naturaliter,
1422 2936 1497 3000 et
1572 2949 2039 3022 cognoscere

500 3040 647 3116 alia
698 3065 836 3139 per
895 3043 1293 3118 sensibilia
1359 3043 1470 3118 eis
1524 3043 2034 3136 occurrentia,

498 3157 680 3255 quia
711 3159 973 3234 nescio
1006 3160 1071 3235 si
1107 3160 1292 3235 forte
1334 3171 1560 3235 erunt
1618 3158 1905 3256 alligati
1941 3158 2038 3234 ad

495 3287 788 3351 certum
862 3281 1142 3373 locum,
1200 3280 1327 3354 ubi
1397 3302 1552 3353 non
1621 3289 2039 3354 occurrunt

497 3414 1010 3491 quaecumque
1060 3395 1483 3489 sensibilia,
1542 3395 1727 3492 quia
1764 3395 1828 3469 si
1869 3420 2038 3469 om-

500 3509 628 3583 nia
729 3522 1257 3606 occurrerent,
1370 3512 1629 3586 omnia
1723 3523 2039 3610 possent

501 3626 953 3701 naturaliter
991 3651 1483 3724 cognoscere.

146 3763 359 3815 Parvuli
392 3766 446 3815 in
595 3742 849 3832 Dices,
888 3743 1034 3842 ipsi
1066 3754 1247 3818 sunt
1278 3743 1355 3816 in
1389 3743 1717 3819 termino
1746 3742 2035 3848 ;igitur

140 3825 463 3964 ¹7¹{ffl02‘in
499 3857 988 3934 immobiliter
1026 3869 1505 3957 permanent.
1581 3858 1766 3933 Dico
1826 3858 2032 3955 quod

140 3963 464 4065 32222525‘30
494 3985 872 4072 quantum
916 3977 1006 4050 ad
1079 3979 1227 4050 hoc
1271 3986 1728 4075 permanent
1768 3976 2032 4051 immo·

493 4092 771 4186 biliter,
844 4093 1049 4189 quod
1118 4117 1271 4166 non
1316 4101 1640 4191 possunt
1679 4116 2024 4190 peccare,

491 4231 742 4306 neque
789 4209 1091 4303 mereri,
1137 4218 1388 4284 tamen
1442 4209 1638 4283 bene
1707 4217 2029 4306 possunt

487 4325 883 4423 acquirere
952 4325 1308 4400 notitiam
1365 4325 1457 4400 de
1513 4349 1743 4420 novo,
1803 4333 1876 4400 et
1927 4325 2029 4400 ita

389 4530 396 4536 .
489 4448 737 4537 potest
776 4440 1100 4537 quilibet
1137 4450 1493 4535 sanctus;
1540 4464 1681 4515 nec
1709 4441 1855 4515 hoc
1894 4440 2026 4516 de-

488 4568 703 4655 rogat
752 4558 1235 4651 beatitudini,
1287 4559 1471 4657 quia
1530 4583 1671 4634 nec
1720 4568 2029 4656 propter

486 4698 766 4749 novam
800 4675 1145 4749 notitiam
1177 4674 1260 4749 fit
1285 4676 1606 4769 beatior,
1634 4699 1776 4750 nec
1807 4699 2027 4773 prop·

484 4803 599 4868 ter
630 4793 1145 4890 ignorantiam
1186 4794 1442 4867 minus
1463 4795 1762 4869 beatus.
1792 4793 2025 4867 Simi-

484 4911 655 4985 liter
694 4918 1018 5008 possunt
1056 4911 1400 5008 accipere
1442 4911 1534 4994 de
1581 4935 1782 4985 novo
1825 4909 2022 4983 noti-

477 5024 665 5105 tiam
708 5030 801 5103 de
844 5029 1499 5126 contingentibus,
1545 5041 1621 5106 et
1667 5030 1758 5104 de
1802 5053 2022 5104 reve-

485 5150 900 5226 lationibus
970 5149 1183 5224 factis
1244 5172 1379 5246 per
1419 5148 1638 5240 alios,
1710 5146 2019 5243 quando

482 5266 703 5339 istam
738 5290 899 5342 rem
929 5290 1089 5340 non
1123 5265 1415 5359 vident,
1450 5288 1588 5339 nec
1621 5263 1837 5363 prius
1884 5263 2024 5335 fuit

483 5381 593 5456 eis
659 5384 1118 5476 revelatum,
1209 5405 1352 5457 nec
1413 5381 1690 5479 aliquis
1748 5380 2018 5455 beatus

482 5500 721 5575 credit
758 5501 853 5575 de
901 5500 1053 5575 alio
1107 5500 1313 5597 quod
1357 5501 1645 5574 revelet
1690 5497 1835 5573 sibi
1881 5498 2020 5570 fal-

483 5640 681 5692 sum.
756 5618 846 5690 Et
923 5615 1299 5714 quidquid
1376 5615 1473 5689 sit
1539 5617 1631 5689 de
1698 5611 2012 5706 sanctis,

3564 421 3688 489 165

2117 595 2380 670 'credo
2451 600 2656 694 quod
2715 598 3017 697 parvuli
3077 597 3471 673 habebunt
3546 617 3681 691 pro
3713 614 3877 673 Quam
3916 618 4010 669 ha-

2152 734 2459 807 magno,
2496 737 2961 810 cognoscere
2995 716 3233 789 multa
3263 735 3439 809 quae
3472 711 3685 809 prius
3716 678 4019 794 miiaiissffi

2123 851 2305 902 -non
2351 840 2761 924 noverunt,
2797 855 2889 906 ex
2934 853 3087 928 quo
3138 854 3294 904 non
3361 835 3689 926 possunt
3720 806 4039 929 ξὲᾚῖἓῃῗῗ

2151 943 2227 1017 in
2263 944 2413 1020 alio
2445 947 2833 1040 delectari,
2879 970 3108 1044 quam
3141 947 3219 1019 in
3243 943 3689 1040 ‘cognitione
3721 931 4034 980 ¹¹¹⁰¹¹¹⁰r²¹¹⁵·

2153 1062 2483 1159 propriae
2525 1064 2911 1157 essentiae,
2958 1073 3033 1138 et
3097 1084 3351 1136 rerum
3388 1068 3693 1133 creatu-

2154 1201 2314 1252 ram
2398 1178 2905 1275 cognitarum.
2990 1180 3275 1254 Tamen
3369 1184 3696 1275 possunt

2153 1295 2526 1392 attingere
2582 1296 2677 1371 ad
2757 1296 3312 1371 beatitudinem
3389 1302 3695 1367 natura-

2155 1412 2333 1506 lem,
2398 1423 2472 1487 et
2540 1422 2865 1511 possunt
2911 1413 3375 1488 concludere
3443 1411 3692 1485 Deum

2155 1551 2321 1602 esse
2362 1530 2697 1627 primum
2766 1554 2932 1625 ens,
2977 1529 3173 1603 sicut
3242 1527 3693 1626 Philosophi

2154 1645 2743 1739 concludebant,
2825 1655 2901 1721 et
2997 1645 3074 1718 in
3172 1647 3316 1743 hoc
3410 1643 3691 1718 habere

2153 1760 2550 1855 gaudium,
2614 1772 2874 1836 tamen
2936 1764 3081 1836 hoc
3122 1771 3237 1836 est
3304 1759 3695 1834 modicum

2156 1888 2502 1975 respectu
2548 1879 3046 1953 beatitudinis
3095 1879 3536 1952 Beatorum.

2249 1994 2504 2083 DiceS‚
2577 1995 2971 2070 beatitudo
3040 1995 3217 2087 alia,
3298 2017 3531 2091 quam
3596 1993 3693 2095 sit

2153 2112 2833 2211 Philosophorum,
2887 2137 3040 2187 non
3129 2120 3372 2210 potest
3432 2110 3691 2207 aliquo

2153 2215 2378 2305 modo
2414 2231 2772 2305 concludi
2848 2254 2983 2328 per
3041 2229 3410 2304 rationem
3459 2237 3691 2300 natu-

2150 2350 2415 2437 ralem,
2491 2358 2573 2422 ut
2630 2348 2913 2422 dictum
3011 2357 3125 2421 est
3190 2347 3272 2419 in
3345 2332 4006 2461 quarl0'‚’qss}2⁸}2,⁴{³j

2151 2463 2333 2560 quia
2373 2463 2696 2561 quilibet
2763 2471 3011 2562 potest
3084 2461 3415 2559 experiri
3476 2459 3684 2557 quod

2146 2580 2341 2655 nihil
2386 2580 2463 2654 in
2529 2582 2673 2654 hac
2721 2579 2880 2654 vita
2932 2579 3224 2676 quietat
3263 2576 3683 2675 appetitum

2147 2697 2456 2772 animae.

2244 2813 2432 2887 Dico
2503 2812 2597 2887 ad
2666 2811 2886 2906 illud,
2958 2810 3411 2887 sustinendo
3480 2808 3686 2906 quod
3716 2817 4021 2931 Affidssfflffg,

2144 2928 2538 3003 beatitudo
2581 2927 3031 3025 simpliciter
3061 2951 3214 3000 non
3238 2925 3479 3024 possit
3502 2948 3684 2998 con·
3714 2944 3850 3017 regna
3884 2897 4010 2994 οἵω

2145 3043 2352 3118 cludi
2386 3067 2478 3117 ex
2519 3042 3033 3136 naturalibus,
3077 3052 3262 3116 tunc
3292 3040 3683 3116 beatitudo
3714 3011 3815 3057 ent
3839 3021 4038 3118 ffirm-

2144 3157 2285 3232 sim
2294 3156 2594 3256 pliciter
2626 3183 2779 3233 non
2816 3156 3280 3233 revelabitur
3309 3155 3680 3255 parvuliS,

2143 3297 2242 3348 ne
2300 3298 2392 3349 ex
2443 3274 2858 3349 amissione
2911 3273 3426 3366 tristarentur,
3472 3280 3544 3347 et
3586 3280 3686 3345 ta-

2143 3415 2317 3466 men
2355 3392 2823 3467 revelabitur
2864 3393 3205 3487 Pagano,
3251 3392 3370 3465 vel
3425 3388 3683 3464 adulto

2142 3507 2530 3601 damnatO,
2567 3507 2644 3580 in
2698 3531 3004 3605 poenam
3050 3506 3217 3600 sui3
3255 3529 3409 3580 non
3453 3504 3685 3600 igitur
3713 3489 4024 3602 maiiviii-

2141 3621 2652 3696 tristabuntur
2749 3621 2839 3696 de
2928 3619 3345 3694 amissione
3450 3617 3682 3715 hujus
3745 3613 4006 3727 ‘essgirgfss

2139 3739 2638 3814 beatitudinis
2677 3738 3009 3836 parvuli,
3080 3736 3262 3834 quia
3334 3759 3487 3809 non
3560 3736 3682 3810 de-

2142 3864 2594 3929 meruerunt
2658 3853 2861 3950 quod
2922 3853 3034 3927 eis
3091 3852 3560 3926 revelaretur
3599 3851 3676 3923 in

2139 3994 2474 4068 poenam.
2555 3969 2692 4044 Vel
2765 3978 2926 4044 esto
3004 3967 3209 4064 quod
3287 3966 3675 4041 beatitudo

2138 4087 2592 4186 simpliciter
2637 4094 2896 4185 posset
2935 4108 3071 4182 per
3120 4082 3489 4158 rationem
3534 4107 3677 4156 na-

2138 4207 2463 4283 turalem
2500 4203 2892 4301 cognosci,
2924 4212 2998 4276 et
3036 4202 3145 4277 sic
3178 4199 3479 4300 parvuli
3505 4223 3676 4274 eam

2134 4332 2638 4421 cognoscunt,
2721 4319 2974 4394 adhuc
3040 4341 3195 4393 non
3284 4316 3677 4391 contrista-

2131 4443 2452 4533 buntur,
2491 4438 2675 4537 quia
2707 4446 2939 4512 erunt
2969 4434 3307 4511 contenti
3339 4435 3432 4509 de
3471 4444 3673 4509 statu

2134 4583 2304 4652 su0,
2337 4557 2521 4654 quia
2559 4554 2873 4629 tristitia
2900 4576 3055 4627 non
3087 4558 3198 4627 est
3226 4552 3385 4626 nisi
3409 4550 3502 4625 de
3533 4552 3667 4639 eia,

2132 4700 2304 4775 quae
2371 4673 2634 4749 invitis
2699 4669 2919 4746 nobis
2981 4668 3365 4762 accidant,
3403 4691 3675 4743 secun-

2131 4794 2318 4867 dum
2363 4788 2884 4886 Augustinum
2932 4785 3047 4858 14.
3087 4784 3179 4859 de
3223 4784 3449 4858 Ciuit.
3484 4783 3667 4879 Dei,

2132 4911 2356 4985 19.et
2395 4908 2459 4982 si
2520 4907 2596 4979 in
2641 4905 2753 4980 eis
2814 4911 3015 4978 esset
3077 4900 3670 4976 remurmuratio

2131 5036 2443 5125 propter
2475 5020 2769 5118 aliquid
2811 5043 2964 5116 quo
3006 5027 3295 5110 carent,
3332 5017 3476 5114 ipsi
3506 5039 3675 5114 pec-

2128 5149 2419 5232 carent,
2464 5147 2539 5213 et
2597 5136 2888 5210 dictum
2932 5144 3046 5208 est
3107 5132 3451 5230 quodibi
3511 5156 3669 5207 non

2128 5266 2491 5360 poterunt
2559 5274 2933 5351 peccare;
3014 5250 3249 5347 igitur
3321 5274 3464 5324 nec
3532 5249 3673 5323 ali-

2131 5399 2363 5475 quam
2410 5369 2785 5446 tristitiam
2821 5376 3146 5464 possunt
3187 5366 3494 5441 habere.

2225 5494 2441 5583 Item,
2487 5487 2912 5563 secundum
2962 5484 3477 5582 Augustinum
3536 5482 3670 5556 ibi-

2124 5611 2327 5703 dem,
2378 5606 2617 5704 major
2657 5627 2886 5702 poena
2926 5612 3039 5678 est
3088 5600 3390 5676 tristitia
3431 5623 3663 5698 quam

3836 2006 3943 2072 23.
