4295 6326
1379 411 1605 481 DIST.
1656 410 1981 478 XXXIII.
2026 408 2445 488 QUAESTIO
2497 410 2733 478 UNlC.

128 601 226 674 Obj
241 603 384 654 ectio

146 678 342 729 prima.

550 584 700 657 Sed
735 595 1000 659 contra
1048 588 1192 659 hoc
1227 586 1577 682 arguitur
1612 609 1626 658 :
1664 582 1889 681 Namf
1929 584 1992 656 si

445 702 714 775 electio
791 705 1234 796 voluntatis,
1306 704 1433 777 ubi
1494 702 1994 799 consequitur
2099 725 2306 790 nem,
2344 702 2406 774 si
2441 726 2590 775 non
2627 703 3085 799 placeathoc
3115 712 3398 795 tenere,
3433 703 3639 799 quod

3515 415 3643 481 517

2201 584 2468 658 Posset
2528 584 2673 657 dici
2723 584 2942 657 alitor
2996 585 3084 658 ad
3134 585 3351 659 istam
3413 585 3642 659 ratio-

443 816 822 892 diclamen
885 820 1203 894 rationis
1263 830 1518 912 rectae,
1566 819 1805 916 possit
1856 841 1990 915 per
2097 819 2279 915 quia
2320 820 2563 891 virtus
2597 828 2706 891 est
2749 818 2948 892 circa
2990 818 3276 892 bonurn
3321 828 3394 893 et
3433 818 3638 892 dilli-

440 938 585 1011 hoc
678 962 1151 1034 aggenerare
1259 939 1600 1014 habitum
1681 937 1985 1011 virtutis
2094 935 2266 1027 cile,
2350 934 2759 1010 difficultas
2847 947 3101 1010 autem
3203 948 3401 1011 recte
3507 938 3635 1011 eli-

439 1054 752 1128 moralis
785 1056 877 1129 ad
908 1056 1458 1131 delectabiliter
1497 1056 1780 1153 eligere
1816 1078 1983 1129 rec-
2091 1052 2341 1126 ciendi
2374 1055 2800 1127 secundum
2863 1054 3233 1128 rationem
3280 1056 3632 1170 proven-it

68 1202 161 1252 An
204 1203 397 1254 sintin
441 1180 597 1245 tum
646 1172 851 1246 circa
885 1173 1284 1270 passiones
1325 1172 1797 1267 hujusmodi,
1857 1196 1982 1245 er-
2087 1193 2178 1243 ex
2225 1179 2438 1267 parte.
2509 1170 2891 1267 appetitus
2960 1171 3332 1260 sensitivi,
3404 1173 3626 1267 cujus

89 1267 313 1330 Ansse¹¹⁸
344 1271 369 1317 ⁹
432 1312 528 1383 go
570 1296 828 1385 posset
866 1291 1210 1385 Angelus
1252 1289 1329 1362 in
1364 1313 1443 1363 se
1506 1312 1976 1383 aggenerare

428 1406 751 1480 virtutes
885 1408 1243 1499 moraleS,
1343 1416 1415 1481 et

428 1521 623 1595 bene
703 1523 988 1619 eligere
1062 1523 1266 1597 circa
1331 1523 1757 1620 passiones,
1796 1548 1967 1598 cnm

427 1640 785 1713 voluntas
825 1640 993 1736 ejus
1025 1649 1272 1737 potest
1314 1640 1806 1715 conformiter
1845 1642 1971 1715 eli·

423 1778 602 1849 gere
640 1754 913 1829 rationi
950 1765 1202 1843 rectae,
1234 1755 1816 1854 circumscripto
1845 1782 1972 1855 ap-

424 1872 661 1970 petitu
708 1872 1333 1959 sensitivo.Quia
1379 1873 1441 1947 si
1514 1875 1657 1948 hoc
1722 1885 1967 1972 potest

423 1991 782 2064 voluntas
826 1990 898 2062 in
939 1991 1186 2080 nobiS‚
1237 2000 1316 2066 ut
1364 2002 1643 2090 praeest
1683 1995 1968 2092 appeti-

419 2105 528 2179 tui
563 2104 960 2199 sensitiVO,
1000 2115 1072 2180 et
1131 2109 1272 2181 hoc
1327 2118 1480 2181 tam
1534 2109 1736 2183 circa
1785 2134 1965 2208 pas-

416 2222 712 2308 5101165,
784 2233 933 2296 tam
1016 2246 1195 2297 suas
1276 2247 1505 2322 quam
1589 2227 1903 2302 alterius
1939 2284 1957 2320 ,

413 2339 648 2435 igitur
705 2339 980 2413 accidit
1050 2341 1427 2416 voluntati
1498 2344 1700 2440 quod
1773 2369 1962 2420 con-

402 2456 762 2552 jungitur
802 2457 1177 2554 appetitui
1233 2459 1602 2534 sensitivo
1656 2471 1730 2534 et
1799 2485 1961 2559 pas-

412 2576 787 2668 sionibuS,
834 2576 1296 2674 inquantum
1355 2589 1468 2653 est
1524 2580 1956 2677 subjectum

407 2691 712 2766 virtutis
763 2693 1097 2767 moralis.

510 2810 725 2904 Item,
763 2820 947 2885 tunc
1007 2811 1139 2908 qui
1191 2836 1345 2887 non
1402 2814 1718 2890 haberet
1775 2842 1956 2915 pas-

411 2927 695 3020 sioneS,
742 2939 999 3025 posset
1031 2928 1109 3003 in
1162 2954 1242 3004 56
1283 2954 1654 3027 generare
1708 2935 1955 3010 virtu-

408 3051 522 3117 tes
568 3045 922 3138 moraleS,
971 3057 1041 3120 et
1083 3071 1224 3143 ego
1279 3072 1579 3144 possem
1626 3076 1951 3148 genera-

408 3185 488 3236 re
532 3160 889 3238 virtutem
972 3165 1049 3237 in
1115 3189 1232 3240 me
1308 3190 1402 3241 ex
1457 3169 1950 3266 passionibus

406 3278 583 3353 tuis.
1391 3343 1396 3349 .

168 3455 250 3520 16
501 3397 612 3470 Ad
654 3396 988 3495 primum
1035 3399 1339 3496 dicitur,
1373 3404 1580 3501 quod
1625 3409 1946 3483 conclu-

42 3505 368 3636 Responsio.
403 3513 515 3587 sio
549 3525 661 3587 est
693 3539 899 3589 vera.
950 3518 1032 3589 Et
1086 3517 1438 3594 similiter
1505 3524 1598 3596 ad
1659 3548 1943 3599 secun-

401 3630 613 3723 dum,
651 3632 855 3729 quod
891 3634 1145 3729 passio
1178 3637 1496 3713 alterius
1554 3640 1943 3739 imprime-

396 3769 476 3820 re
512 3755 758 3842 potest
816 3746 1426 3839 delectationem,
1473 3766 1545 3829 et
1604 3756 1939 3835 intellec-

396 3872 519 3937 tus
550 3874 796 3960 potest
829 3867 1231 3944 ostendere
1273 3872 1676 3965 voluntati,
1723 3886 1796 3951 et
1835 3878 1939 3955 ita

393 3989 641 4078 potest
711 3982 992 4058 habere
1076 3992 1358 4061 actum
1427 3989 1630 4066 circa
1721 3995 1932 4070 illam

394 4095 1005 4194 delectationem,
1043 4100 1240 4177 sicut
1288 4102 1367 4177 in
1418 4105 1695 4204 seipsa,
1752 4112 1934 4207 quia

391 4219 638 4305 potest
678 4211 960 4308 eligere
1002 4217 1439 4313 oppositum
1486 4219 1804 4317 bonum,
1859 4235 1932 4299 et

391 4327 499 4401 sic
538 4329 954 4427 reprimere
1019 4334 1457 4430 passionem
1518 4340 1626 4414 sic
1677 4351 1929 4417 osten-

393 4468 599 4539 sam3
637 4449 837 4523 unde
863 4450 1261 4546 passiones
1293 4465 1473 4528 sunt
1533 4457 1605 4529 in
1663 4462 1931 4535 volun-

70 2846 345 2900 Secunda.

389 4572 568 4657 tate,
606 4565 804 4640 sicut
843 4567 1140 4664 objecta
1183 4579 1491 4647 ostensa
1551 4576 1647 4650 ab
1714 4578 1927 4655 intel·
1972 4616 1977 4620 ·

389 4680 619 4756 lectu.

486 4801 793 4893 Contra,
841 4801 916 4875 in
960 4804 1120 4879 Deo
1163 4830 1318 4882 non
1374 4822 1554 4885 sunt
1608 4813 1927 4892 virtutes

392 4916 745 5007 moraleS,
791 4916 974 5012 quia
1031 4942 1181 4992 non
1246 4923 1475 4998 habet
1528 4928 1925 5023 passiones

388 5029 835 5106 domandas.

486 5147 671 5222 Dico
707 5152 909 5248 quod
973 5176 1062 5227 eo
1108 5157 1334 5230 modo
1395 5183 1547 5257 quo
1606 5162 1925 5241 virtutes

387 5274 566 5337 sunt
627 5268 1082 5344 necessariae
1144 5284 1456 5371 propter
1527 5280 1924 5374 passiones

384 5382 887 5478 edomandas,
943 5410 1093 5461 non
1154 5393 1451 5466 suntin
1532 5395 1721 5490 De0,
1782 5423 1922 5475 nec

385 5499 460 5572 in
497 5503 839 5599 AngeliS,
885 5516 1063 5580 sunt
1102 5516 1347 5584 tamen
1394 5511 1470 5585 in
1519 5514 1629 5589 eis
1690 5517 1924 5594 virtu-

381 5626 501 5691 tes
530 5621 861 5697 morales
903 5624 1128 5699 modo
1170 5628 1634 5726 supradicto.

37 4831 93 4881 In
119 4834 226 4883 Deo
248 4846 355 4884 non

35 4902 161 4946 sunt
197 4899 357 4948 virtu-

38 4961 118 5007 tes
146 4973 325 5011 mora-

156 5022 251 5074 le&

1539 1408 1978 1504 frequenter

2084 1286 2577 1383 passionibus
2618 1287 2878 1384 aliquo
2952 1286 3628 1386 iliodojjcondelec-

2084 1412 2289 1476 tatur
2352 1405 2711 1476 voluntas
2761 1403 3238 1497 naturaliter,
3294 1414 3366 1478 et
3454 1404 3621 1479 ideo

2082 1529 2196 1594 est
2235 1518 2645 1594 difficultas
2713 1519 2788 1592 in
2871 1519 3277 1617 eliciendos
3318 1532 3650 1595 contra--

2082 1638 2277 1712 rium
2345 1639 2766 1714 secundum
2856 1648 3135 1714 rectam
3216 1639 3612 1714 rationem.

2077 1755 2202 1829 Sic
2250 1766 2503 1831 autem
2573 1780 2722 1830 non
2773 1765 2886 1830 est
2938 1756 3014 1828 in
3103 1759 3426 1853 Angelo,
3486 1757 3615 1854 qui

2075 1895 2229 1945 non
2267 1884 2380 1946 est
2422 1872 2936 1969 passionatus,
2965 1881 3038 1946 et
3089 1872 3260 1945 ideo
3300 1872 3619 1948 virtutes

2072 1989 2266 2063 tales
2299 2013 2449 2061 non
2489 1999 2884 2086 ponuntur
2911 1989 3057 2063 nisi
3121 1989 3199 2063 in
3253 1991 3616 2064 volunta-

2069 2115 2167 2191 te,
2205 2114 2281 2179 ut
2317 2107 2544 2180 habet
2585 2106 3203 2201 conjunctionem
3238 2107 3328 2179 ad
3376 2133 3615 2206 appe-

2073 2221 2290 2296 titum
2317 2222 2803 2310 sensitivum,
2842 2225 3107 2299 saltem
3144 2227 3453 2323 quando
3486 2251 3610 2323 ge-

2066 2347 2407 2413 neratur.
3377 2371 3381 2376 ·

2164 2470 2433 2544 Posset
2463 2469 2971 2544 autem'aliter
3003 2469 3179 2563 dici,
3218 2473 3422 2568 quod
3467 2498 3608 2571 po-

2063 2594 2209 2659 test
2232 2583 2600 2681 distingui
2641 2584 2905 2658 volz‘tio
2962 2584 3273 2682 duplet-1³,
3318 2586 3607 2663 scilicet

2063 2701 2321 2776 volitio
2367 2700 2663 2791 61110οΧ,
2703 2724 2852 2799 qua
2914 2702 3087 2799 quis
3137 2705 3302 2777 vult
3355 2703 3606 2779 finali-

2065 2828 2176 2895 ter
2207 2820 2484 2918 exequi
2516 2818 2981 2897 iness'ectum
3017 2819 3092 2893 id
3153 2822 3356 2918 quod
3406 2825 3594 2898 vult.

2058 2936 2227 3010 Alio
2263 2936 2485 3009 modo
2533 2935 2867 3010 sumitur
2923 2936 3190 3011 volitio
3247 2940 3595 3035 remissa,

2055 3054 2178 3128 vel
2303 3051 2781 3150 simpliciter,
2861 3054 3247 3150 quomodo
3353 3068 3600 3155 potest

2055 3172 2284 3248 etiam
2318 3171 2599 3268 aliquis
2650 3172 2844 3246 velle
2915 3172 3130 3266 illud,
3187 3175 3391 3272 quod
3451 3178 3595 3251 sibi

2055 3301 2168 3367 651
2245 3289 2747 3390 impossibile,
2807 3290 2990 3388 quia
3073 3291 3405 3368 allicitur
3498 3298 3590 3371 ad

2050 3410 2225 3503 hoc,
2272 3409 2446 3483 licet
2498 3411 2640 3482 hoc
2700 3408 2955 3483 videat
3008 3433 3175 3485 esse
3230 3411 3591 3510 impossi-

2048 3525 2201 3601 bile
2230 3525 2401 3600 sibi.
2451 3525 2612 3599 Hoc
2644 3525 2845 3599 enim
2885 3526 3109 3600 modo
3152 3527 3431 3625 aliquis
3463 3557 3591 3628 po-

2044 3654 2193 3718 test
2232 3644 2426 3718 velle
2463 3643 2781 3740 aliquid,
2825 3646 3026 3743 quod
3075 3655 3189 3719 est
3238 3647 3587 3745 impossi—

2044 3760 2196 3836 bile
2231 3761 2303 3833 in
2340 3784 2447 3850 se,
2498 3771 2578 3834 ut
2636 3771 3182 3858 consequatur,
3220 3764 3395 3839 licet
3439 3770 3581 3843 hoc

2042 3879 2299 3953 videat
2381 3902 2547 3953 esse
2615 3878 3088 3976 impossibile
3171 3881 3342 3956 sibi.
3428 3886 3577 3960 lsto

2041 3997 2269 4069 modo
2312 3996 2497 4069 forte
2546 3996 2861 4094 appetiit
2902 3999 3244 4094 Angelus
3285 3999 3580 4074 inordi-

2040 4124 2216 4188 nate
2275 4112 2855 4201 beatitudinem,
2905 4138 3056 4187 non
3130 4116 3314 4213 quia
3364 4117 3579 4215 prins

2038 4230 2384 4306 crederet
2441 4254 2521 4304 se
2576 4254 2800 4328 posse
2850 4231 3015 4306 sine
3065 4234 3313 4327 gratia
3391 4235 3578 4308 illud

2039 4348 2437 4445 consequi,
2478 4347 2661 4445 quia
2700 4347 2809 4422 sic
2869 4359 3069 4423 esset
3122 4372 3336 4424 error
3403 4361 3577 4427 ante

2035 4475 2465 4564 peccatum.

2134 4583 2280 4656 Sed
2329 4583 2512 4656 sorte
2556 4583 2903 4657 absolute
2937 4585 3265 4659 volendo
3298 4586 3578 4660 immo-

2035 4699 2293 4774 derate
2337 4699 2679 4797 appetiit,
2728 4699 2925 4773 sicut
2991 4701 3274 4774 dictum
3335 4713 3447 4776 est
3495 4705 3576 4778 in

2031 4816 2362 4890 secundo
2409 4816 2601 4890 libro
2636 4818 2680 4889 ⁶.
2721 4819 2811 4890 Et
2850 4818 3181 4915 primum
3258 4820 3574 4894 istorum
3609 4857 3628 4878 ·
3659 4857 3788 4909 nist,
3819 4861 3924 4925 64

2036 4932 2364 5007 dicitura
2408 4934 2878 5032 Philosopho
2913 4959 3079 5010 esse
3124 4935 3430 5032 elissere,
3469 4963 3578 5013 se·
3610 4920 3927 5047 ὲὲῖἳιιξξξξὸ

2033 5051 2373 5125 cundum
2407 5051 2628 5140 velle,
2669 5062 2893 5149 prout
2949 5052 3129 5127 dicit
3180 5055 3383 5151 quod
3439 5081 3576 5129 vo-
3639 5046 3895 5159 {fflfflffl

2035 5168 2290 5242 luntas
2381 5179 2492 5243 est
2604 5169 3223 5266 impossibilium,
3305 5174 3573 5248 electio
3686 5185 3817 5221 ¹¹⁰⁰·

2032 5297 2288 5361 autem
2326 5310 2505 5360 non.

2132 5403 2282 5476 Isto
2331 5404 2551 5477 modo
2585 5402 2831 5502 primo
2883 5405 3403 5503 Philosophus
3452 5406 3572 5478 di-

2032 5518 2132 5593 cit
2164 5520 2367 5616 quod
2418 5520 2664 5594 virtus
2719 5520 3027 5594 moralis
3083 5530 3194 5595 est
3265 5520 3569 5596 habitus

2031 5636 2402 5712 electivus
2435 5638 2860 5713 secundum
2903 5640 3374 5714 voluntatem
3419 5640 3571 5714 elfi-

3746 2490 3851 2556 17.
