4295 6326
710 402 842 471 596

712 574 1037 649 solvitur
1066 572 1480 652 aedificium
1518 602 1537 668 3
1584 573 2084 648 circumcisio
2119 569 2257 646 fuit

712 693 789 765 in
833 694 1151 792 antiqua
1193 696 1357 789 lege
1391 693 1612 791 quasi
1672 695 2253 768 fundamentum

714 809 1060 884 omnium
1100 809 1776 885 Sacramentorum
1835 809 2195 906 legalium
2235 835 2253 900 3

716 949 899 1022 ergo
940 927 1105 1024 ipsa
1146 938 1494 1003 cessante
1537 927 1971 1002 debuerunt
2006 950 2264 1000 mora-

722 1041 822 1115 lia
880 1042 1141 1117 omnia
1205 1044 1421 1141 quasi
1478 1043 1590 1117 illi
1648 1041 2265 1141 superaedificata

723 1180 1052 1232 cessare.

374 1270 676 1385 ,323¹5ffi,
825 1275 1306 1372 Respondeo,
1339 1277 1923 1351 fundamentum
1962 1275 2266 1375 proprie

375 1395 699 1511 ιξξῇθὲἐὲ-
728 1390 1006 1465 dicitur
1044 1391 1261 1483 illud,
1299 1392 1422 1467 cui
1464 1394 1752 1491 aliquid
1793 1393 2146 1468 innititur
2192 1401 2269 1465 ut

374 1521 695 1635 augear&-
730 1507 1152 1606 principale
1209 1509 1403 1605 ejuS,
1477 1521 1550 1584 et
1616 1510 1725 1585 sic
1793 1510 2128 1585 charitas
2198 1518 2271 1584 et

438 1647 637 1721 vete-ria
729 1623 921 1700 fides
987 1634 1168 1700 sunt
1217 1627 1716 1702 fundamenta
1787 1628 2014 1701 totius
2088 1627 2268 1700 vitae

466 1711 614 1774 ¹⁶⁸⁸*
726 1740 1199 1839 spiritualis3
1271 1753 1345 1818 et
1411 1745 1787 1819 sumendo
1849 1745 1991 1819 isto
2047 1746 2269 1818 modo

721 1857 1346 1955 fundamentum,
1407 1884 1808 1958 nunquam
1892 1861 2033 1934 fuit
2072 1861 2268 1934 solu·

723 1983 886 2046 tum
919 1974 1503 2050 fundamentum
1549 1977 1765 2073 legiS,
1812 2001 1953 2052 nec
2014 1991 2266 2070 novae,

725 2113 865 2165 nec
961 2091 1331 2190 antiquae.
1416 2094 1696 2170 Eadem
1767 2096 1972 2170 enim
2048 2094 2267 2188 fides»,

723 2229 958 2305 quam
1019 2233 1161 2284 nos
1196 2211 1575 2286 habemus
1635 2213 1725 2287 de
1770 2213 2072 2288 Christo
2107 2214 2265 2310 jam

730 2335 1059 2421 mortuO,
1110 2329 1545 2406 habuerunt
1575 2330 1722 2428 ipsi
1747 2331 1838 2406 de
1881 2332 2010 2406 illo
2044 2331 2272 2405 mori-

725 2454 900 2519 turo
936 2473 954 2538 ;
992 2447 1326 2523 charitas
1358 2450 1586 2523 etiam
1622 2473 2021 2549 nunquam
2065 2452 2275 2525 exci-

730 2558 866 2652 dit,
902 2570 975 2634 et
1034 2561 1206 2636 ideo
1276 2563 1626 2658 virtutes,
1671 2565 1954 2662 quibus
2014 2565 2273 2639 anima

729 2673 812 2749 fit
867 2687 1084 2774 grata
1149 2680 1338 2774 De0,
1374 2690 1449 2756 et
1487 2681 1634 2755 sibi
1700 2683 2268 2770 reconciliatur,

731 2816 1132 2891 nunquam
1176 2807 1700 2872 cessaverunt.

377 2927 704 3041 ffsswuffii‘er
829 2912 1000 2985 Alio
1044 2912 1269 2987 modo
1307 2914 1903 3012 fundamentum
1945 2917 2278 2991 sumitur

383 3053 477 3102 run
521 3066 704 3102 amen·
738 3028 1044 3126 proprie
1086 3052 1224 3126 pro
1260 3030 1505 3126 primo
1548 3030 1746 3106 inter
1788 3031 1967 3133 alia,
2018 3043 2092 3107 et
2130 3035 2277 3108 hoc

384 3115 1121 3254 ξὲἒῗῧᾯρνίωἰῐᾶῐθ
1206 3144 1555 3242 originis,
1642 3157 1716 3222 et
1775 3156 2068 3222 tantum
2134 3148 2277 3224 isto

410 3242 689 3368 ”ffssfffl‘
743 3263 966 3337 modo
1047 3262 1342 3338 dicetur
1425 3266 1921 3340 Circumcisio
2015 3267 2281 3341 funda-

741 3387 1082 3451 mentum
1122 3379 1794 3455 Sacramentorum
1828 3382 2132 3476 veteris,
2171 3382 2279 3458 si-

737 3504 866 3568 cut
902 3496 1124 3570 modo
1152 3497 1434 3572 dicitur
1488 3498 1931 3596 Baptismus
1998 3500 2277 3575 funda-

2126 368 2369 467 nam
2416 393 2511 464 1v

2371 576 2711 642 mentum
2795 564 3469 638 Sacramentorum
3524 577 3747 632 novae
3806 551 3915 628 le-

2373 687 2515 781 gis·

2472 804 2581 877 Ad
2631 802 2890 889 aliam,
2935 801 3106 874 dico
3148 798 3353 898 quod
3411 791 3912 871 Circumcisio

2375 921 2552 994 data
2619 919 2757 993 fuit
2824 919 2901 991 in
2934 917 3182 991 foedus
3240 913 3790 1010 sempiternum
3836 909 3913 980 in

2376 1062 2486 1132 se,
2558 1039 2681 1111 vel
2779 1037 2855 1109 in
2921 1033 3257 1110 remedio
3327 1030 3470 1105 sihi
3539 1028 3918 1127 aequipol-

4063 781 4173 847 16.

3963 897 4050 948 Ad
4065 910 4239 948 secun-

4017 959 4054 1010 d
4065 975 4097 1010 u
4109 974 4179 1010 m.

3977 1024 4240 1084 Quomodo
4275 1035 4276 1044 ¹

3964 1087 4237 1136 Circumci-

2377 1154 2603 1242 lente,
2642 1152 2838 1225 sicut
2866 1150 3436 1224 Testamentum
3469 1165 3760 1220 novum
3805 1140 3920 1214 di-
4020 1150 4109 1198 oio
4141 1148 4224 1198 tuit

2380 1272 2577 1346 citur
2615 1271 3167 1368 sempiternum
3210 1267 3285 1340 in
3348 1290 3457 1360 se,
3502 1264 3620 1339 vel
3656 1263 3732 1335 in
3776 1284 3917 1336 suo

2381 1389 2921 1488 fflquivaleitte,
2968 1386 3149 1487 quia
3190 1385 3488 1459 nullum
3532 1380 3739 1455 aliud
3774 1378 3920 1454 sibi

2382 1507 2748 1600 succedit,
2795 1506 2943 1579 nisi
2985 1506 3059 1579 in
3087 1503 3359 1603 patria,
3399 1501 3529 1575 ubi
3562 1496 3919 1591 cessabit,

2382 1635 2456 1698 et
2512 1623 2720 1698 aliud
2756 1622 3091 1698 nobilius
3131 1620 3437 1695 dabitur
3493 1614 3921 1692 secundum

2384 1743 2686 1839 plenam
2722 1737 3404 1837 aequipollentiam.

2480 1877 2592 1951 Ad
2638 1876 2962 1969 tertiam,
3006 1875 3175 1969 dico
3209 1873 3416 1972 quod
3451 1872 3691 1946 multa
3729 1870 3928 1944 facta
3990 1881 4041 1930 A

2386 2005 2567 2069 sunt
2591 2019 2726 2093 per
2763 1993 3148 2068 Christum
3183 2003 3257 2068 et
3290 1990 3695 2089 Apostolos
3726 1987 3923 2084 ejuS,

2383 2135 2558 2212 quae
2593 2135 2744 2184 non
2780 2119 2961 2186 sunt
3005 2108 3312 2207 scripta,
3359 2115 3433 2183 et
3477 2115 3770 2182 certum
3812 2113 3929 2178 est

2384 2227 3065 2304 Circumcisionem
3154 2226 3248 2301 ab
3313 2222 3657 2299 Ecclesia
3758 2243 3929 2296 esse

2385 2347 2610 2445 plene
2675 2354 3140 2436 revocatam,
3195 2351 3269 2416 et
3324 2339 3633 2439 penitus
3701 2335 3931 2413 cuili-

2384 2466 2510 2539 bet
2586 2462 2924 2537 illicitam
2993 2490 3012 2555 ;
3083 2484 3266 2557 ergo
3347 2457 3743 2557 probabile
3816 2465 3932 2531 est

2385 2581 2629 2679 ipsam
2700 2604 2836 2678 per
2902 2579 3236 2677 aliquem
3280 2575 3760 2674 Apostolum,
3803 2573 3931 2646 vel

2385 2696 2723 2794 aliquem
2789 2718 3097 2770 servum
3179 2691 3459 2767 Christi
3537 2688 3934 2765 authenti-

2387 2836 2561 2886 cum
2623 2833 2789 2886 esse
2850 2818 3312 2902 revocatam,
3396 2808 3570 2881 licet
3625 2815 3936 2903 tempus

2386 2927 2900 3004 revocationis
2955 2950 3108 3000 non
3170 2924 3669 3022 exprimatur.
3708 2922 3932 3009 Quod

2388 3050 2644 3116 autem
2703 3040 3008 3115 duravit
3067 3049 3360 3114 tantum
3428 3033 3934 3111 Circumcisio

2388 3169 2560 3257 post
2619 3158 3220 3256 divulgationem
3303 3154 3702 3254 Baptismi,
3785 3155 3931 3227 hoc

2389 3277 2529 3351 fuit
2565 3287 2643 3350 ut
2683 3300 2857 3352 cum
2911 3276 3202 3349 honore
3236 3274 3643 3371 Synagoga
3704 3294 3937 3369 sepe-

2390 3393 2683 3486 liretur,
2765 3392 2969 3495 quod
3039 3414 3190 3465 non
3269 3390 3536 3464 fuisset
3613 3388 3930 3482 factum,

2387 3509 2447 3582 si
2492 3508 2743 3583 statim
2779 3509 3044 3583 fuisset
3069 3518 3447 3583 revocata.

4014 1212 4147 1262 data
4172 1213 4217 1260 in

3955 1274 4142 1347 sendus
4154 1289 4258 1324 sem·

3952 1346 4233 1401 pit-eruum.

4043 1878 4080 1929 d
4115 1833 4276 1929 arud

4072 1955 4183 1993 um.
4275 1933 4276 1984 l
