4295 6326
254 2127 320 2192 9.

1607 408 1835 484 DIST.
1887 407 1944 479 1.
1994 404 2413 486 QUAESTIO
2460 404 2514 472 l.
3552 401 3679 473 537

472 608 749 683 ne,per
788 609 1016 683 quam
1052 611 1265 662 serra
1295 588 1417 660 vel
1446 585 1739 661 securis
1775 606 2023 658 move-

476 712 602 776 tur
632 724 677 776 a
707 726 968 792 manu,
1007 704 1172 803 ipsa
1205 704 1489 802 pariter
1538 702 1892 776 dividunt
1949 708 2022 773 et

477 831 865 918 separant,
913 830 987 895 et
1039 822 1465 895 secundum
1535 821 1737 919 quod
1804 819 2019 892 velo-

478 938 645 1012 cius
689 948 1097 1013 moventur
1146 963 1190 1013 a
1241 963 1501 1027 manu,
1558 939 1678 1012 vel
1750 934 2017 1031 majori

481 1064 720 1146 motu,
759 1054 1186 1128 secundum
1221 1057 1365 1130 hoc
1406 1054 1629 1128 citius
1672 1051 2021 1126 dividun-

470 1181 594 1246 tur
626 1181 878 1270 partes
898 1201 916 1267 ;
946 1174 1152 1249 unde
1180 1174 1363 1272 quia
1402 1197 1640 1271 agens
1673 1172 1919 1270 primo
1948 1181 2021 1246 et

473 1288 1046 1366 immediatione
1081 1289 1422 1382 effectus,
1469 1291 1645 1364 facit
1675 1288 2018 1364 effective

474 1430 748 1504 corpus
780 1405 860 1479 in
906 1406 1037 1481 tali
1088 1409 1284 1497 1000,
1335 1407 1608 1482 deinde
1670 1405 2033 1481 effective*

476 1531 917 1598 removetur
1006 1522 1214 1599 aliud
1308 1546 1588 1622 corpus
1686 1523 1780 1597 ab
1886 1522 2018 1597 illo

476 1638 670 1727 loc0,
717 1636 1053 1712 creditur
1087 1662 1325 1712 unum
1362 1661 1644 1735 corpus
1675 1660 1903 1733 agere
1938 1635 2016 1709 in

474 1755 712 1847 aliud,
787 1756 990 1853 quod
1052 1780 1205 1831 non
1256 1765 1370 1830 est
1421 1779 1721 1830 verum.
1779 1755 1905 1829 Sic
1937 1755 2014 1829 in

473 1872 868 1967 proposito
901 1879 1016 1945 est
1045 1872 1137 1946 de
1180 1872 1433 1946 securi
1464 1881 1697 1965 mota,
1734 1881 1808 1947 et
1847 1871 2016 1964 ejus

474 1984 883 2060 divisione.

571 2101 786 2188 Item,
817 2102 1008 2176 ratio
1030 2103 1120 2177 de
1143 2103 1711 2178 instrumentali
1739 2111 2014 2199 agente

143 2241 410 2308 Rejicitur
474 2241 630 2290 non
667 2218 1081 2306 concludit,
1119 2218 1304 2316 quia
1348 2218 1590 2315 major
1628 2230 1742 2293 est
1777 2219 2009 2310 falsa3

116 2305 222 2355 alia
258 2308 442 2370 proba·

184 2369 260 2419 tio
292 2369 378 2420 de·

116 2438 333 2493 sumpta
376 2448 440 2484 ex

117 2509 281 2546 causa
311 2496 419 2546 in·-

116 2562 417 2673 trumlenta·

275 2638 309 2674 ι.

472 2357 645 2408 cum
682 2334 884 2407 enim
938 2334 1120 2408 dicit
1170 2335 1373 2431 quod
1425 2357 1665 2430 agens
1724 2334 2015 2408 instru-

470 2454 803 2527 mentale
870 2453 1026 2550 agit
1093 2453 1539 2551 dispositive
1603 2477 1742 2552 per
1802 2454 2011 2528 aliud

469 2568 611 2643 sibi
665 2569 1057 2668 proprium
1112 2570 1207 2644 ad
1253 2569 1665 2644 terminum
1726 2570 2011 2668 princi-

465 2685 661 2784 palis
694 2684 1019 2783 agentis,
1091 2696 1225 2762 aut
1255 2686 1612 2784 intelligit
1656 2687 1860 2785 quod
1902 2686 2011 2761 sic

464 2810 640 2898 agat
670 2826 805 2899 per
836 2801 1045 2876 aliud
1088 2801 1235 2876 sibi
1274 2803 1702 2901 proprium,
1740 2812 1813 2879 et
1851 2827 2007 2877 non

461 2920 540 2995 in
581 2920 861 2995 virtute
931 2919 1381 3019 principalis
1443 2921 1804 3018 agentis3
1877 2932 2009 2996 aut

460 3036 817 3133 intelligit
870 3036 1076 3133 quod
1128 3035 1319 3110 illud
1380 3037 1804 3136 proprium,
1872 3062 2009 3135 per

465 3153 669 3250 quod
741 3152 850 3228 sic
902 3153 1086 3249 agit,
1150 3152 1247 3228 sit
1322 3154 1564 3228 forma
1640 3153 1834 3250 ejuS,
1871 3179 2008 3253 per

459 3292 689 3367 quam
735 3279 988 3344 tamen
1033 3292 1186 3343 non
1235 3268 1416 3366 agit,
1490 3294 1631 3344 nec
1698 3270 1776 3344 in
1846 3271 2005 3344 vir-

455 3394 616 3460 tute
691 3385 1035 3459 alterius.
1101 3383 1180 3458 Si
1238 3385 1487 3483 primo
1522 3386 1773 3486 modo,
1818 3411 1999 3484 ergo

452 3525 608 3575 non
651 3500 809 3598 agit
851 3510 931 3575 ut
1008 3500 1604 3575 instrumentum
1652 3530 1670 3594 3
1734 3501 1796 3577 si
1875 3526 2000 3578 se-

454 3619 708 3692 cundo
788 3618 1013 3692 modo
1091 3627 1268 3714 agat
1343 3642 1482 3717 per
1548 3619 1752 3693 aliud
1856 3619 2000 3694 sibi

449 3735 879 3833 proprium,
916 3734 991 3807 in
1035 3734 1316 3808 virtute
1359 3743 1615 3808 tamen
1659 3736 1997 3823 alteriuS,

453 3860 531 3925 ut
611 3851 1064 3950 principalis
1146 3851 1473 3947 agentiS,
1554 3853 1806 3925 adhuc
1886 3863 2001 3926 est

447 3968 869 4068 propositio
904 3967 1120 4062 salsa,
1157 3967 1339 4065 quia
1372 3968 1799 4042 secundum
1834 3993 1991 4062 eos,

448 4109 686 4183 agens
718 4084 1303 4159 instrumentale
1358 4085 1822 4183 quandoque
1856 4112 1996 4184 po-

446 4211 589 4277 test
621 4201 992 4297 attingere
1019 4200 1113 4274 ad
1156 4198 1510 4275 effectum
1544 4200 1995 4299 principalis

447 4319 775 4416 agentia,
848 4318 1159 4415 quando
1222 4324 1394 4392 ‘non
1465 4319 1622 4414 agit
1662 4318 1995 4417 disposi-

449 4439 628 4530 tive,
683 4446 761 4510 ut
820 4436 1150 4533 qualitas
1195 4435 1475 4509 virtute
1544 4435 1994 4510 substantiae

448 4554 525 4629 in
562 4553 873 4626 instanti
926 4550 1446 4646 generationis
1497 4551 1790 4625 inducit
1851 4552 1994 4625 for-

455 4694 653 4744 mam
688 4669 1302 4760 substantialem,
1339 4691 1481 4742 nec
1511 4677 1765 4742 tamen
1811 4679 1993 4744 tunc

450 4789 605 4884 agit
690 4786 1163 4884 dispositive.
1248 4785 1540 4859 Accidit
1598 4788 1799 4860 enim
1890 4788 1988 4880 ei,

451 4904 909 5001 inquantum
954 4902 1259 4998 attingit
1306 4900 1659 4975 effectum
1717 4912 1791 4976 et
1836 4913 1992 4977 ter-

454 5020 747 5092 minum
824 5016 1273 5117 principalis
1358 5017 1682 5113 agentis,
1786 5020 1989 5116 quod

447 5136 661 5236 prius
738 5146 912 5233 agat
978 5134 1487 5232 dispositive3
1548 5134 1623 5208 in
1674 5135 1988 5210 instanti

446 5253 653 5327 enirn
686 5250 1153 5326 inductionis
1196 5252 1459 5326 forma}
1518 5252 1991 5328 substantia-

449 5370 540 5445 lis
599 5369 755 5467 agit
805 5368 1228 5443 secundum
1274 5391 1406 5442 eos
1466 5393 1479 5458 ;
1563 5392 1744 5468 ergo
1833 5395 1982 5445 non

445 5497 559 5563 est
590 5509 904 5563 necesse
939 5485 1144 5583 quod
1190 5484 1284 5560 sit
1342 5486 1790 5585 dispositiva
1847 5497 1990 5565 ter-

445 5604 636 5678 mini
665 5602 1113 5703 principalis
1167 5602 1491 5700 agentis.

2231 581 2440 655 Istud
2472 582 2697 656 etiam
2768 592 3084 681 apparet
3129 583 3206 655 in
3266 576 4023 716 fflfiflssifl'i‘iussss’ffiz-

2127 696 2300 788 buS,
2375 720 2550 770 nam
2639 698 2904 773 artifex
3002 709 3227 773 utens
3316 695 3813 794 pluribustum
3850 731 3960 778 dis.

2130 812 2660 887 instrumentis
2727 815 2820 887 ad
2889 813 3238 889 effectum
3333 813 3666 909 aliquem
3734 792 3987 911 ffig‘gt‘u'u‘}

2127 928 2602 1003 artificialem
2697 933 3307 1029 producendum,
3397 930 3460 1004 si
3536 952 3670 1026 per
3723 921 3985 1049 ἢζῖέῗῑξξ·

2129 1070 2369 1119 unum
2443 1046 3039 1123 instrumentum
3102 1057 3278 1144 agat
3351 1044 3671 1145 disposi-
3759 1047 3981 1163 qss32d⁰

2125 1161 2280 1236 tive
2309 1162 2402 1236 ad
2457 1164 2865 1237 terminum
2922 1163 3368 1262 principalis
3428 1185 3668 1258 agen·
3904 1151 3917 1165 ’

2124 1279 2250 1372 tis,
2365 1289 2436 1353 et
2542 1304 2678 1378 per
2766 1281 2972 1356 aliud
3069 1282 3664 1356 instrumentum

2126 1396 2440 1472 inducat
2483 1399 2796 1473 formam
2857 1398 3165 1475 termini
3220 1399 3668 1498 principalis

2126 1512 2395 1587 intenti
2459 1515 2553 1590 ab
2613 1528 2887 1614 agente
2939 1516 3369 1615 principali,
3419 1516 3520 1589 ibi
3564 1515 3671 1588 in-

2125 1639 2640 1706 strumentum
2702 1634 3112 1730 attingeret
3166 1632 3518 1709 effectum
3598 1641 3672 1705 et

2125 1748 2539 1823 terminum
2576 1750 3022 1849 principalis
3055 1752 3377 1848 agentis,
3415 1751 3675 1826 etiam-

2124 1864 2187 1937 si
2223 1887 2624 1962 nunquam
2657 1876 2916 1962 ageret
2957 1867 3432 1965 dispositive.
3482 1866 3669 1940 Etsi

2122 1992 2363 2056 totum
2415 1992 2673 2080 posset
2736 1988 2987 2058 facere
3053 2009 3190 2083 per
3243 2008 3484 2058 unum
3549 1985 3669 2057 in·-

2123 2104 2670 2190 strumentum,
2765 2101 3040 2174 accidit
3132 2102 3339 2197 quod
3453 2101 3668 2198 prius

2122 2224 2384 2310 ageret
2442 2214 2886 2311 dispositive
2932 2244 2950 2309 ;
3015 2240 3414 2315 nunquam
3459 2217 3661 2291 enim

2121 2328 2425 2425 attingit
2464 2330 2881 2404 terminum
2925 2339 2999 2405 et
3057 2331 3409 2405 effectum
3453 2333 3666 2430 prin-

2120 2447 2391 2545 cipalis
2432 2449 2753 2545 agentis.
2795 2449 3009 2524 Itain
3076 2451 3484 2546 agentibus
3529 2476 3666 2551 per
3759 2528 3774 2546 ,

2120 2573 2503 2660 naturam,
2567 2566 2628 2639 si
2680 2589 2919 2664 agens
2988 2570 3337 2644 naturale
3405 2580 3665 2668 posset

2115 2705 2254 2780 per
2295 2682 2957 2759 instrumentalem
2994 2686 3373 2761 actionem
3406 2688 3660 2762 statim

2115 2798 2482 2874 inducere
2539 2801 2857 2876 formam
2921 2827 3137 2877 suam
3191 2803 3662 2880 substantia-

2112 2915 2294 3009 lem,
2332 2939 2564 3014 quam
2608 2917 2934 2993 intendit
2975 2919 3367 3012 inducere,
3404 2922 3656 2997 statim

2113 3031 2543 3129 induceret,
2580 3036 2756 3111 licet
2815 3037 2911 3111 sit
2968 3037 3660 3117 instrumentaliter

2111 3172 2378 3246 agens,
2427 3175 2567 3226 nec
2596 3153 2811 3250 prius
2843 3153 3332 3252 disposuerit,
3371 3165 3444 3231 et
3484 3157 3656 3234 ideo

2110 3267 2317 3363 quod
2368 3267 2477 3342 sic
2528 3278 2703 3365 agat
2765 3269 3265 3367 dispositione
3334 3271 3651 3368 praevia,

2111 3383 2258 3456 hoc
2292 3383 2594 3458 accidit.

2207 3501 2356 3574 Per
2412 3503 2553 3575 hoc
2616 3511 2825 3599 patet
2882 3503 2977 3577 ad
3035 3506 3472 3602 exemplum
3522 3529 3658 3580 eo-

2110 3639 2280 3691 rum
2326 3617 2419 3691 de
2453 3619 2731 3694 securi.
2772 3619 2949 3694 Ideo
3004 3621 3207 3695 enim
3244 3622 3462 3719 prius
3503 3624 3659 3721 agit

2106 3731 2401 3806 securis
2469 3732 2917 3832 dispositive
2997 3736 3088 3810 ad
3154 3737 3469 3810 formam
3529 3738 3659 3812 do-

2106 3873 2305 3943 muS,
2345 3873 2574 3948 quam
2611 3850 3024 3926 inducatur
3065 3852 3305 3927 forma
3347 3854 3650 3943 domus,

2104 3976 2176 4041 et
2225 3969 2603 4043 terminus
2678 3969 3129 4068 principalis
3183 3973 3508 4068 agentiS,
3576 3984 3653 4048 ut

2103 4082 2638 4183 artificis,quia
2668 4086 2768 4160 ibi
2814 4095 2994 4160 sunt
3026 4088 3285 4162 multae
3310 4088 3650 4165 actiones

2102 4200 2197 4275 ad
2256 4200 2584 4274 invicem
2643 4202 3043 4293 ordinatae,
3110 4228 3439 4304 quarum
3500 4231 3653 4281 una

2101 4317 2440 4417 disponit
2505 4318 2598 4392 ad
2670 4319 2956 4408 aliam3
3003 4321 3133 4395 sed
3185 4321 3646 4421 inquantum

2100 4432 2403 4529 attingit
2440 4433 2851 4508 term-inum
2911 4435 3355 4534 principalis
3413 4463 3652 4535 agen-

2098 4547 2222 4640 tis,
2297 4558 2381 4622 ut
2455 4549 3056 4624 instrumentum
3127 4551 3318 4644 eju&
3375 4554 3650 4629 accidit

2099 4666 2306 4762 quod
2347 4665 2795 4764 dispositive
2838 4678 3015 4761 agat
3050 4696 3067 4760 ;
3107 4693 3258 4742 non
3295 4671 3500 4744 enim
3536 4673 3644 4747 sic

2098 4780 2544 4878 dispositive
2574 4784 2752 4878 agit,
2793 4783 2976 4879 quia
3019 4783 3640 4873 instrumentum,

2096 4898 2227 4971 sed
2309 4899 2492 4994 quia
2569 4900 2736 4994 ejus
2794 4901 2991 4974 actio
3068 4902 3468 4976 ordinatur
3545 4907 3635 4978 ad

2097 5015 2353 5108 aliam,
2401 5025 2472 5090 et
2503 5018 3133 5114 praesupponitur
3165 5019 3299 5092 illi.

2194 5132 2549 5207 Secunda
2583 5134 2809 5208 etiam
2845 5135 3030 5208 ratio
3062 5136 3508 5234 principalis
3541 5142 3630 5213 de
3783 5125 3888 5190 10·

2094 5249 2452 5324 distantia
2549 5250 2850 5324 infinita
2946 5276 3094 5324 nou
3214 5256 3626 5349 concludit,
3689 5242 3950 5356 Ῑξξξζξξιῗζ

2095 5366 2279 5467 quia
2354 5368 2454 5442 ibi
2527 5370 2741 5443 nulla
2808 5379 2921 5444 est
2991 5370 3348 5444 distantia
3385 5374 3632 5449 media
3661 5371 3976 5420 mmmm·

2093 5485 2293 5561 inter
2332 5498 2695 5575 extrema,
2767 5487 2963 5564 sicut
3029 5497 3144 5564 est
3197 5489 3270 5562 in
3350 5514 3631 5588 genere

2093 5603 2582 5697 Quantitatis‚
2622 5606 2714 5682 de
2751 5606 3005 5682 media
3045 5607 3403 5682 distantia
3434 5607 3633 5688 inter
