4295 6326
1414 428 1641 498 DIST.
1691 430 1950 499 XXVI.
2000 429 2418 509 QUAESTIO
2468 433 2705 507 UNIC.

3536 448 3665 516 469

464 598 892 695 spei3ideo
926 627 1083 677 non
1117 612 1232 727 est
1260 602 1502 676 virtus
1544 601 1904 676 distincta
1968 625 2013 676 a
2120 602 2267 679 ista
2332 606 2457 681 via
2532 634 2683 684 non
2763 614 3037 710 placet,
3111 616 3292 714 quia
3361 618 3664 695 videtur

464 712 640 789 fide.

561 833 788 909 Dices
834 838 1039 933 quod
1074 861 1225 911 non
1273 837 1415 912 erit
1446 836 1756 911 habitus
1796 838 2007 911 omni

462 953 689 1025 modo
734 953 966 1048 idem,
995 955 1179 1053 quia
1210 955 1545 1028 futurum
1586 954 1759 1029 facit
1800 954 2003 1052 quod

460 1070 557 1144 sit
659 1072 869 1146 aliud
937 1074 1352 1171 obJectum,
1434 1074 1606 1149 ideo
1685 1073 2006 1172 requirit

459 1187 695 1262 alium
741 1189 1115 1265 habitum.

554 1306 862 1401 Contra,
910 1308 973 1381 si
1026 1307 1335 1407 respicit
1374 1307 1662 1406 aliquid
1706 1318 1786 1382 ut
1854 1309 2002 1382 for-

457 1423 756 1498 maliter
785 1422 1127 1498 futurum
1180 1423 1594 1520 obJectum,
1650 1424 1755 1498 ita
1794 1425 1999 1522 quod

452 1539 798 1614 futuritio
859 1540 955 1615 sit
1013 1541 1105 1616 de
1148 1541 1441 1615 ratione
1504 1540 1780 1637 objecti
1843 1541 1993 1635 sui,

451 1665 635 1729 tunc
713 1656 858 1730 erit
936 1658 1355 1756 temporale
1439 1657 1852 1755 objectum,
1925 1667 1999 1732 et

448 1773 555 1847 ita
600 1773 909 1871 respicit
971 1773 1391 1873 temporale
1428 1782 1508 1848 ut
1574 1775 1994 1872 temporale

448 1890 832 1986 objectum
868 1921 886 1985 3
933 1891 1168 1988 igitur
1199 1891 1263 1966 si
1304 1891 1381 1965 in
1418 1895 1564 1966 hoc
1597 1889 1987 1985 differunt,

448 2007 630 2104 quia
671 2032 848 2106 spes
889 2008 1197 2107 respicit
1229 2011 1402 2103 hoe,
1452 2018 1532 2084 ut
1589 2010 1992 2083 conferen-

447 2126 656 2218 dum,
753 2150 908 2201 non
991 2127 1133 2201 erit
1247 2125 1491 2202 virtus
1582 2126 1992 2224 Theologi-

446 2266 560 2319 ca.

217 2376 282 2441 5,
541 2361 753 2446 Item,
803 2360 1219 2458 praeteritio
1270 2385 1425 2435 non
1458 2360 1704 2436 variat
1743 2360 1989 2458 objec-

443 2488 635 2570 tum,
674 2500 923 2575 neque
951 2478 1339 2572 habitum3
1385 2501 1567 2574 ergo
1598 2500 1850 2575 neque
1880 2478 1985 2551 su-

442 2596 702 2670 turitio
739 2624 757 2690 3
797 2620 979 2692 ergo
1024 2596 1222 2671 idem
1272 2596 1580 2671 habitus
1614 2594 1791 2669 fidei
1841 2596 1984 2669 erit

440 2715 531 2789 de
575 2715 982 2814 praeteritis
1023 2724 1095 2791 et
1141 2715 1233 2789 de
1276 2714 1580 2791 suturis.

536 2835 806 2909 Posset
880 2835 1052 2920 dici,
1115 2836 1448 2911 tenendo
1507 2834 1729 2910 istam
1790 2858 1980 2909 con-

437 2934 892 3044 clusionem,
938 2950 1143 3048 quod
1187 2950 1385 3025 sicut
1438 2959 1728 3025 tantum
1799 2961 1979 3024 sunt

435 3067 608 3142 duae
651 3067 1012 3167 potentiae
1052 3068 1130 3140 in
1179 3078 1454 3142 natura
1505 3077 1705 3142 natae
1744 3068 1977 3143 attin-

432 3208 609 3281 gere
643 3186 892 3260 Deum
934 3186 1078 3260 sub
1123 3186 1417 3261 ratione
1462 3186 1771 3260 habitus
1839 3212 1975 3284 per

433 3312 647 3377 actus
688 3302 1008 3396 elicitos,
1055 3303 1344 3378 scilicet
1398 3303 1833 3379 intellectus
1901 3315 1973 3381 et

427 3420 813 3507 voluntaS‚
860 3419 968 3494 sic
1010 3428 1191 3494 sunt
1230 3421 1419 3494 tales
1463 3420 1639 3495 duae
1672 3422 1970 3519 perfec-

428 3534 673 3608 tiones
778 3537 1405 3633 supernaturales
1498 3535 1970 3612 sufficienter

424 3654 918 3750 disponentes
962 3653 1142 3728 istas
1199 3655 1580 3752 potentias
1612 3669 1961 3755 respectu

422 3767 750 3842 actuum
810 3769 1289 3844 tendentium
1353 3769 1431 3843 in
1501 3769 1747 3845 Deum
1819 3773 1962 3846 sul)

419 3885 713 3961 ratione
755 3885 1058 3983 objecti,
1096 3896 1170 3961 et
1200 3886 1397 3961 sicut
1431 3911 1584 3961 una
1623 3891 1964 3986 potentia

417 4004 812 4105 perficitur
844 4029 888 4079 a
918 4004 1096 4100 fide,
1135 4005 1243 4080 sic
1292 4006 1443 4080 alia
1474 4030 1516 4081 a
1558 4007 1953 4084 charitate.

57 4188 360 4298 Struit}
415 4125 1961 4320 {trata-‘33333:10332333‘530533

121 4311 341 4363 habitus
578 4359 591 4371 .
997 4358 1010 4372 .
1157 4359 1171 4373 .
1665 4360 1677 4373 ·

60 4376 380 4434 formaliter,
416 4359 708 4453 habitu,
750 4383 903 4432 non
939 4359 1109 4433 dico
1153 4383 1227 4432 in
1283 4383 1436 4433 uno
1503 4360 1762 4434 habitu
1803 4362 1958 4435 for-

55 4441 153 4489 sed
192 4453 384 4503 aggre-
578 4476 592 4490 .
1383 4477 1396 4489 .
1894 4481 1907 4494 .

101 4503 321 4566 gatione
419 4480 741 4571 maliter,
806 4477 935 4552 sed
1006 4487 1607 4573 aggregatione3
1700 4490 1773 4553 et
1848 4505 1955 4556 s1c

59 4565 365 4699 “efflgggff
415 4616 590 4691 spes
683 4591 972 4666 unitate
1051 4591 1620 4688 aggregationis
1710 4603 1956 4692 potest

413 4711 561 4786 dici
594 4712 817 4787 tertia
845 4711 1117 4806 virtus,
1150 4721 1404 4787 tamen
1442 4721 1555 4787 est
1595 4717 1956 4791 essentia·

411 4830 584 4905 liter
632 4829 937 4904 habitus
976 4829 1207 4924 idem,
1264 4829 1394 4927 qui
1448 4839 1561 4904 est
1601 4831 1814 4908 fides.
1865 4838 1955 4910 Et

409 4944 763 5044 quamvis
795 4942 985 5020 fides
1025 4944 1121 5020 sit
1161 4946 1688 5044 praesentium,
1749 4975 1953 5048 prae-

407 5061 806 5135 teritorum
842 5067 916 5134 et
954 5059 1416 5152 futurorum,
1453 5070 1527 5135 et
1573 5087 1745 5161 spes
1776 5074 1951 5140 tan-

405 5189 566 5251 tum
603 5177 1063 5266 futurorum,
1101 5200 1194 5251 ex
1245 5177 1388 5252 hoc
1431 5202 1584 5252 non
1621 5181 1950 5257 habetur

405 5294 608 5393 quod
653 5293 749 5368 sit
786 5293 984 5367 alius
1040 5293 1346 5368 habitus
1404 5298 1940 5394 essentialiter,

402 5410 531 5486 sed
569 5411 644 5483 iu
682 5411 825 5484 hoc
858 5409 1248 5508 specificat
1314 5410 1572 5507 fidem,
1635 5422 1709 5489 et
1757 5440 1945 5491 con-

399 5528 658 5623 trahit,
698 5537 781 5603 ut
815 5526 1006 5602 fides
1047 5530 1191 5603 sub
1233 5530 1554 5627 ratione,
1601 5555 1756 5631 qua
1784 5542 1946 5611 ten-

399 5647 507 5721 dit
555 5646 647 5720 ad
716 5647 1088 5743 futurum,
1151 5646 1449 5724 dicatur
1506 5675 1707 5749 spes.
1789 5653 1940 5729 Sed

153 885 420 950 obJecuo.

163 1360 391 1413 Solutio.

2118 724 2500 800 contraria
2529 727 2898 807 doctrinae
2940 732 3429 810 Sanctorum.

2646 1011 3003 1071 SCHOLIUM
3053 1016 3122 1072 11.

2190 1156 2315 1213 Alia
2370 1162 2655 1216 sententia
2715 1167 2921 1219 tenens
2977 1182 3140 1237 spem
3197 1184 3323 1224 esse
3379 1170 3654 1227 virtutem

2109 1245 2527 1304 moderativam
2561 1253 2871 1322 passioni8‚
2905 1271 3023 1325 qua
3050 1256 3387 1314 tenditur-in
3434 1259 3654 1317 bonum

2108 1334 2371 1392 futurum
2398 1342 2704 1407 oeternum,
2739 1341 3012 1411 rejicitur,
3045 1343 3184 1416 quia
3213 1345 3299 1401 sic
3349 1352 3502 1404 esset
3550 1349 3660 1405 vir·

2107 1429 2200 1481 tus
2232 1428 2491 1484 moralis.
2535 1429 2832 1487 Sententia
2870 1434 3123 1502 Henrici,
3158 1452 3319 1507 spem
3368 1436 3657 1512 distingui

2101 1531 2135 1569 a
2170 1516 2473 1586 charitate,
2544 1520 2680 1588 quia
2737 1520 2859 1576 haec
2915 1527 3003 1579 est
3063 1523 3118 1578 in
3182 1527 3655 1598 concupiscibili,

2104 1603 2206 1660 illa
2262 1606 2321 1661 in
2372 1608 2672 1678 irascibili,
2702 1627 2817 1667 non
2868 1620 2927 1666 ut
2960 1613 3201 1684 repellat
3233 1615 3521 1683 nocivum,
3555 1622 3656 1675 sed

2104 1698 2167 1749 nt
2216 1696 2483 1753 fortificet
2513 1700 3052 1771 concupiscibilem,
3087 1719 3157 1759 ne
3190 1705 3410 1761 resiliat
3439 1724 3471 1761 a
3504 1707 3656 1764 bono

2102 1784 2284 1842 arduo
2318 1788 2740 1858 prosequendo,
2776 1791 3055 1860 probatur
3096 1793 3212 1849 late
3252 1793 3424 1851 variis
3479 1797 3654 1853 ratio-

2099 1873 2298 1932 nibus.
2338 1877 2492 1931 Hanc
2522 1886 2575 1933 et
2607 1880 2871 1952 singulas
2902 1882 3151 1938 rationes
3190 1885 3338 1955 ejus,
3374 1884 3654 1944 latissime

2097 1964 2313 2021 refutat
2342 1965 2573 2024 Doctor.

2194 2144 2327 2217 Est
2383 2143 2534 2219 alia
2590 2145 2741 2240 via,
2797 2171 2973 2246 quae
3050 2151 3232 2226 dicit
3285 2155 3490 2253 quod
3532 2166 3646 2231 est
3782 2160 3866 2260 ,6.

2094 2257 2363 2351 virtuS,
2447 2262 2629 2357 quia
2691 2274 2805 2339 est
2887 2268 3380 2345 moderamen
3463 2297 3644 2371 pas-
3714 2247 3950 2374 ἒὲὲᾝζῖῃ

2092 2375 2358 2466 sioniS‚
2390 2399 2566 2474 quae
2607 2389 2722 2453 est
2752 2381 2843 2456 de
2900 2383 3153 2459 futuro
3209 2387 3439 2479 bon0‚
3476 2413 3636 2466 res-

2092 2502 2313 2592 pectu
2351 2494 2572 2592 cujus
2604 2509 2718 2572 est
2750 2523 2950 2598 speS‚
2990 2503 3172 2601 quia
3195 2504 3336 2580 ista
3379 2510 3632 2606 passio

2088 2610 2384 2707 indiget
2414 2614 2963 2692 moderatione.

2186 2729 2492 2820 Contra,
2592 2731 2735 2807 ista
2821 2737 3080 2833 opinio
3164 2764 3318 2813 non
3419 2745 3633 2840 ponit

2084 2870 2331 2946 spem,
2378 2849 2526 2924 nisi
2571 2852 3052 2949 acquisitam,
3090 2858 3271 2954 quia
3319 2860 3629 2938 habitus

2085 2965 2496 3040 moderans
2544 2980 2894 3066 respectu
2950 2972 3293 3065 rationis,
3359 2987 3471 3051 est
3513 3003 3630 3053 ac-

2083 3082 2414 3181 quisitus
2473 3085 2916 3183 formaliter,
2956 3090 3138 3188 quia
3191 3101 3273 3166 ut
3312 3094 3448 3184 sic,
3510 3107 3626 3173 est

2081 3201 2328 3298 magis
2369 3211 2635 3277 contra
2662 3206 2945 3280 malum
2981 3207 3353 3307 futurum,
3386 3237 3618 3311 quam

2079 3317 2282 3393 circa
2308 3320 2594 3395 bonum
2639 3321 3096 3400 increatum.

2173 3437 2472 3513 Dicitur
2503 3441 2706 3538 quod
2763 3441 2915 3517 imo
2950 3454 3064 3520 est
3118 3446 3608 3548 Theologica,

2075 3554 2258 3651 quia
2290 3555 2432 3631 ista
2473 3567 2585 3633 est
2644 3571 2996 3658 respectu
3059 3573 3553 3643 aeternorum.

2172 3671 2479 3766 Contra,
2552 3698 2727 3772 spes
2793 3688 2876 3751 ut
2943 3689 3057 3753 est
3145 3683 3614 3761 moderativa

2069 3786 2549 3883 passionum,
2613 3800 2726 3863 est
2774 3791 3068 3888 species
3119 3795 3421 3872 virtutis
3462 3825 3616 3874 mo-

2070 3902 2252 3976 ralis
2297 3933 2313 3993 3
2352 3927 2562 4000 ergo,
2608 3913 2749 3980 etc.

2167 4019 2324 4093 Etsi
2357 4019 2501 4095 ista
2532 4022 2806 4118 positio
2840 4038 3096 4122 posset
3120 4031 3389 4125 teneri,
3427 4035 3608 4130 quia
3762 4076 3822 4141 7·

2066 4143 2323 4211 tamen
2379 4139 2871 4214 auctoritates
2925 4142 3380 4221 Sanctorum
3426 4163 3850 4242 sumum-10,
3875 4195 3947 4244 m

2065 4253 2143 4326 in
2204 4256 2705 4350 contrarium,
2756 4258 2974 4334 aliter
3032 4262 3333 4360 dicitur,
3399 4271 3603 4365 quod
3635 4265 3948 4368 ῖξξῑῗιξξῖ,

2064 4392 2240 4467 spes
2272 4379 2385 4444 est
2417 4371 2661 4446 virtus
2702 4373 3057 4451 distincta
3109 4402 3154 4453 a
3201 4383 3597 4480 charitate,
3633 4376 3953 4493 θῗὶᾞᾞῑῇῑίζῗῑ

2065 4486 2240 4561 licet
2299 4497 2623 4585 utraque
2692 4490 2789 4565 sit
2855 4492 2930 4565 in
3009 4497 3375 4593 appetitu,
3422 4502 3603 4598 quia
3666 4505 3931 4618 {Jffi‘gffi}

2063 4627 2220 4677 una
2269 4604 2486 4678 estin
2521 4605 2913 4695 irascibili,
2960 4610 3110 4685 alia
3174 4612 3253 4685 in
3315 4639 3602 4691 concu-
3695 4631 3883 4693 primo·

2059 4719 2420 4817 piscibili,
2495 4731 2567 4796 et
2635 4735 2957 4820 utraque
3027 4727 3103 4800 in
3173 4731 3594 4810 voluntate.

2059 4837 2400 4926 Quarum
2437 4839 2822 4916 distinctio
2856 4845 3226 4940 probatur
3251 4849 3358 4925 sic
3397 4876 3411 4926 :
3447 4853 3599 4928 Ob-

2047 4955 2341 5053 jectum
2424 4956 2830 5033 irascibilis
2925 4971 3037 5036 est
3091 4964 3380 5041 bonum
3474 4995 3602 5046 ar-

2056 5073 2326 5168 duum,
2386 5084 2458 5149 et
2516 5075 2898 5172 objectum
2976 5084 3599 5181 concupiscibilis

2054 5189 2346 5263 bonum
2398 5189 2875 5288 delectabile,
2914 5205 2987 5268 et
3054 5195 3223 5292 ista,
3272 5210 3354 5274 ut
3418 5217 3597 5280 sunt

2055 5305 2534 5381 conditiones
2574 5308 2784 5403 boni,
2818 5319 2902 5383 ut
2937 5335 3173 5408 nunc,
3224 5329 3404 5392 sunt
3471 5323 3598 5398 ob-

2041 5422 2246 5519 jecta
2274 5423 2655 5518 distincta,
2711 5425 2815 5501 ita
2859 5437 2937 5502 ut
3000 5442 3180 5505 sunt
3219 5434 3595 5511 conditio-

2050 5563 2189 5615 nes
2217 5540 2397 5614 boni
2441 5540 2914 5640 simpliciter,
2952 5570 3102 5620 non
3150 5550 3398 5623 solum
3450 5578 3588 5652 pro

2047 5681 2256 5732 nunc
2308 5659 2844 5756 suntobjecta
2917 5661 3324 5761 distincta,
3401 5693 3584 5770 ergo
