4295 6326
356 629 436 683 Ad
453 630 674 683 tertium.

350 1382 502 1443 Quod
532 1385 654 1448 quis

369 1450 563 1509 potest.
600 1448 643 1497 si

703 396 832 467 330

2074 405 2317 474 LIBRI
2362 406 2481 475 111.

723 576 726 579 ’
802 575 917 649 Ad
976 578 1214 675 aliud,
1258 604 1433 657 curn
1502 580 1781 656 dicitur
1818 582 2022 679 quod
2071 582 2247 679 quis
2356 583 2716 657 voluntas
2756 588 3005 679 potest
3035 601 3189 652 non
3231 599 3426 671 esse,
3473 574 3645 650 ideo
3679 598 3903 673 opor-

707 700 979 788 potest‚
1025 694 1090 769 si
1119 698 1312 791 vult,
1357 698 1704 774 absolute
1758 707 2030 797 potest,
2076 697 2245 772 dico

707 811 912 906 quod
981 811 1126 888 ista
1191 824 1307 890 est
1359 816 1547 892 falsa
1586 818 2030 912 formaliter,
2076 817 2247 892 ubi-

705 949 1037 1024 cumque
1105 940 1463 1027 ponatur,
1527 934 1705 1031 quia
1764 935 1886 1009 hic
1936 944 2050 1009 est
2091 959 2247 1009 una

704 1044 1245 1123 conditionalis
1308 1049 1387 1121 in
1468 1051 1994 1145 antecedente,
2066 1073 2243 1148 quae

702 1166 818 1231 est
918 1163 1354 1237 necessaria
1437 1165 1813 1263 applicata
1891 1167 2082 1259 Deo,
2172 1176 2245 1242 et

703 1297 1191 1374 consequens
1231 1288 1480 1384 potest
1528 1304 1695 1356 esse
1736 1281 2237 1380 impossibile,

681 1389 904 1465 ,sieut
950 1392 1028 1466 in
1062 1395 1480 1494 proposito,
1518 1396 1885 1473 Similiter
1931 1399 2023 1473 de
2065 1409 2236 1473 actu

348 1508 672 1563 vult.1ibere
703 1508 1011 1581 volendi
1072 1519 1321 1608 potest
1388 1513 1847 1588 antecedens
1887 1537 2055 1589 esse
2114 1538 2241 1590 ne-

349 1576 543 1644 potest,
577 1587 668 1624 ex-

398 1642 637 1698 ponitur.

702 1624 1154 1719 cessarium,
1226 1635 1297 1702 et
1400 1648 1884 1725 consequens
1950 1630 2240 1704 conlin-

699 1762 918 1836 gens,
964 1741 1147 1838 quia
1187 1743 1251 1818 si
1291 1745 1648 1819 voluntas
1703 1753 1828 1820 tua
1896 1747 2057 1819 vult
2098 1747 2237 1821 ali-

700 1854 913 1954 quid,
966 1866 1217 1955 potest
1272 1860 1468 1934 velle
1529 1860 1742 1933 illud.
1791 1860 1969 1935 Ideo
2020 1871 2237 1938 ante-

696 1960 981 2047 cedens
1014 1975 1138 2049 hic
1166 1986 1280 2050 est
1304 1976 1651 2051 absolute
1682 1979 2237 2071 necessarium,

679 2093 938 2183 potest
995 2091 1070 2164 si
1129 2090 1317 2187 vult,
1398 2101 1472 2167 et
1546 2094 1690 2166 hoc
1748 2115 2234 2192 consequens

689 2204 1178 2303 contingens,
1237 2216 1490 2306 potest
1551 2206 1774 2295 velle,
1829 2209 2014 2306 quia
2088 2211 2233 2287 ista

2359 706 2463 773 tet
2504 698 2811 793 addere,
2856 696 3062 796 quod
3086 695 3255 794 quis
3304 698 3556 791 potest
3597 698 3669 766 et
3705 691 3896 785 vult,

2358 823 2430 890 et
2458 822 2729 914 potest,
2774 814 2901 890 vel
2934 811 3153 888 debet
3189 810 3392 886 illud
3418 808 3638 899 velle,
3677 808 3901 884 abso-

2360 931 2512 1006 lute
2552 942 2622 1006 et
2648 931 3107 1031 simpliciter
3126 934 3409 1026 potem
3446 926 3668 1001 aliter
3688 927 3895 999 enim

2356 1058 2470 1124 est
2526 1049 2945 1147 propositio
3005 1045 3388 1143 neganda,
3468 1043 3652 1140 quia
3708 1042 3897 1117 alibi

2356 1166 2488 1242 illa
2538 1165 2955 1265 propositio
2996 1170 3485 1259 coassumpta
3552 1167 3665 1234 est
3713 1182 3895 1257 pro-

2354 1281 2630 1381 positio
2672 1279 3236 1368 conditionalis‚
3283 1284 3596 1375 propter
3634 1274 3895 1373 impli—

2353 1398 2729 1473 cationem
2775 1391 3429 1493 incompossibilis
3475 1392 3548 1464 in
3595 1400 3894 1465 antece·

2351 1517 2607 1610 dente,
2647 1524 2727 1589 ut
2767 1515 2829 1589 si
2874 1515 3150 1605 dicam,
3192 1510 3386 1609 lapis
3455 1517 3704 1607 potest
3752 1532 3894 1581 vo-

2350 1636 2536 1726 lare,
2590 1632 2654 1706 si
2722 1633 2935 1717 vult;
3002 1628 3236 1726 igitur
3284 1634 3531 1725 potest
3602 1625 3891 1712 volare,

2349 1760 2421 1825 et
2488 1747 2596 1821 sic
2664 1745 3024 1843 intelligit
3088 1742 3569 1840 Augustinus
3620 1748 3693 1814 et
3752 1742 3897 1813 An-

2348 1867 2662 1942 selmus.
2701 1862 2779 1937 Si
2841 1871 3096 1936 autem
3139 1859 3246 1935 sic
3305 1857 3734 1956 applicetur
3790 1855 3886 1930 ad

2346 1983 2625 2074 Deum,
2672 1978 2864 2052 nihil
2898 1976 3458 2053 inconvenieus
3498 1973 3874 2071 sequitur,

2347 2097 2530 2196 quia
2598 2095 2765 2168 haec
2828 2093 2972 2168 erit
3037 2093 3269 2167 falsa:
3341 2091 3554 2165 Deus
3632 2092 3887 2185 polest

2344 2211 2540 2289 velle
2551 2232 2899 2308 peccare.
