4295 6326
230 3837 338 3905 13.

186 3953 244 4003 Si
289 3954 431 4003 Deus

127 4020 281 4065 esset
297 4030 460 4066 causa

127 4091 241 4128 non
273 4080 435 4129 recti·

156 4141 395 4198 tudinis,

122 4204 313 4253 adhuc
348 4217 457 4253 non

121 4272 273 4316 esset
294 4281 456 4316 causa

183 4332 417 4392 peccati.

1497 456 1721 527 DIST.
1773 450 2129 522 XXXVII.
2182 449 2598 529 QUAESTIO
2648 451 2737 518 11.

1016 852 1381 911 SCHOLIUM
1423 852 1511 907 1v.

563 1010 668 1062 Hic
700 1012 852 1062 tenet
886 1011 1113 1072 Doctor,
1146 1006 1192 1061 si
1228 1006 1379 1060 Deus
1427 1021 1539 1059 non
1592 1007 1746 1058 esset
1799 1006 2039 1072 paratus

491 1113 837 1153 concurrere
908 1097 977 1150 ad
1051 1093 1486 1159 rectitudinem,
1564 1093 1712 1164 quod
1773 1090 2039 1145 voluntas

493 1192 685 1243 creata
717 1185 878 1242 nullo
910 1186 1080 1242 modo
1113 1191 1395 1258 peccaret,
1442 1184 1577 1254 quia
1628 1198 1742 1237 non
1807 1181 2039 1235 baberet

495 1277 551 1331 in
606 1293 714 1330 sua
771 1279 1059 1347 potestate
1121 1275 1268 1330 bene
1327 1272 1573 1345 operari.
1633 1270 1809 1326 Docet
1865 1268 2039 1324 etiam

497 1369 675 1419 Deum
718 1364 858 1418 dare
905 1364 1204 1418 voluntate
1247 1361 1648 1430 consequenti,
1701 1359 1851 1429 quod
1904 1358 2042 1412 dare

494 1452 679 1507 voluit
708 1451 1096 1515 antecedenti,
1125 1451 1174 1506 si
1205 1466 1318 1504 non
1352 1452 1602 1520 ponatur
1640 1448 1783 1502 obex
1817 1464 1831 1512 ς
1890 1445 2059 1500 unde*

497 1545 620 1602 haec
676 1543 926 1601 causalis
977 1548 1067 1600 est
1121 1560 1276 1606 vera,
1337 1542 1464 1597 ideo
1513 1545 1665 1597 Deus
1713 1555 1828 1594 non
1880 1537 2043 1608 ponit

497 1635 931 1703 rectitudinem,
991 1633 1136 1705 quia
1192 1648 1368 1689 causa
1425 1631 1681 1686 secunda
1710 1644 1824 1683 non
1857 1629 2039 1698 ponit,

496 1729 554 1781 et
613 1741 727 1780 non
781 1739 811 1779 e
868 1726 1084 1793 contra,
1136 1723 1205 1778 de
1254 1737 1368 1793 quo
1421 1720 1596 1776 latius
1640 1719 1698 1773 in
1733 1716 1914 1774 Oxon.
1948 1715 2043 1772 blo

498 1823 696 1886 quaest.
728 1814 781 1868 2.
818 1829 983 1869 num.
1021 1813 1104 1868 14.
1141 1816 1217 1866 Ex
1249 1827 1360 1883 quo
1392 1814 1551 1882 patet
1584 1811 1753 1880 juxta
1784 1808 2040 1862 mentem

500 1903 783 1970 Doctoris,
843 1902 1022 1958 Deum
1084 1902 1326 1957 minime
1384 1898 1803 1972 praedeflniisse
1846 1901 2039 1952 actum

498 1997 715 2066 peccati
766 1994 1056 2058 absolute,
1126 1991 1287 2047 nulla
1360 1995 1558 2045 nostra
1640 1987 2044 2058 cooperatione

499 2088 758 2159 praevisa,
781 2085 916 2157 quia
947 2101 1060 2140 non
1092 2087 1216 2139 erat
1246 2086 1504 2153 paratus,
1537 2085 1821 2152 quantum
1855 2081 1943 2132 est
1972 2076 2042 2131 de

498 2195 574 2241 se,
619 2193 858 2234 causare
904 2179 1097 2231 actum
1156 2174 1378 2229 bonum
1429 2187 1675 2235 mecum,
1729 2174 2038 2240 antequam

496 2267 761 2339 praevidit
800 2267 939 2339 quid
971 2281 1130 2320 eram
1187 2264 1489 2329 facturum
1543 2261 1589 2316 ai
1642 2275 1776 2331 ergo
1822 2257 2043 2329 praede·

493 2357 824 2414 terminavit
858 2356 1029 2411 talem
1075 2358 1271 2409 actum
1304 2351 1525 2407 malum
1578 2367 1611 2406 a
1657 2365 1740 2415 se,
1781 2352 1839 2404 et
1886 2364 1920 2402 a
1950 2363 2042 2402 me

494 2448 705 2504 debere
737 2445 880 2516 fieri,
945 2445 1055 2499 hoc
1077 2443 1308 2499 decreto
1342 2440 1549 2512 posito,
1598 2438 1726 2494 sine
1768 2436 1887 2492 ullo
1913 2452 2040 2490 meo

494 2552 780 2595 concursu
813 2534 899 2590 vel
932 2549 1221 2588 consensu
1271 2530 1534 2601 praeviso,
1590 2533 1867 2599 repugnat
1898 2525 2040 2596 quin

493 2628 762 2684 effectum
814 2624 1041 2680 habeat.
1097 2620 1260 2678 Unde
1332 2618 1721 2676 communiter
1777 2614 2042 2671 Scotistae

495 2717 669 2772 talem
704 2713 1221 2786 praedefinitionem
1265 2709 1592 2764 absolutam
1629 2710 1862 2778 negant,
1898 2719 2044 2775 quos

492 2806 620 2861 vide
653 2806 710 2859 in
742 2804 923 2860 Oxou.
959 2803 1056 2859 hic
1087 2802 1143 2856 in
1180 2799 1412 2856 Scholio
1450 2815 1611 2854 num.
1664 2797 1749 2850 14.
1794 2801 1850 2849 et
1880 2791 2046 2848 colli-

496 2897 655 2967 gitur
688 2910 757 2948 ex
787 2893 947 2948 Doct.
980 2905 1252 2963 expresse
1283 2888 1341 2942 in
1373 2888 1426 2942 4.
1460 2886 1596 2941 diat.
1628 2885 1714 2939 49.
1749 2887 1954 2955 quoest.
1986 2883 2042 2936 6.

498 2985 596 3040 ubi
628 2987 709 3039 ait
745 2983 867 3039 tolli
902 2981 1226 3037 libertatem
1261 2994 1453 3035 causae
1483 2976 1774 3043 secuntur,
1807 2975 1860 3029 si
1897 2986 2042 3042 pree-

493 3074 752 3127 veniatur
809 3088 846 3125 α
904 3086 1076 3126 causa
1133 3069 1415 3139 superiore
1470 3073 1666 3132 noenta
1718 3062 1788 3117 ad
1846 3076 2040 3126 unum,

492 3169 551 3220 et
576 3166 631 3217 2.
675 3161 906 3235 Physic.
933 3163 1137 3230 quaest.
1160 3159 1216 3213 8.
1251 3158 1416 3213 docet
1450 3171 1686 3211 causam
1722 3152 2042 3209 secundam

494 3251 887 3307 determinare
917 3264 1153 3304 causam
1189 3248 1455 3319 primam.
1493 3244 1624 3299 Vide
1654 3242 1947 3297 Scholium
1983 3241 2040 3294 in

496 3343 675 3398 Oxon.
712 3340 899 3412 primo
930 3338 1064 3394 dist.
1100 3338 1188 3394 39.
1221 3352 1381 3392 uum.
1414 3335 1503 3389 23.
1549 3334 1815 3405 ponendo
1847 3336 2038 3387 tamen

497 3432 800 3489 scientiam
834 3427 1279 3486 conditionalem
1313 3426 1371 3481 in
1404 3425 1539 3491 Deo,
1572 3421 1732 3479 salva
1773 3422 2043 3477 libertate

498 3529 712 3589 nostra,
744 3523 870 3592 ejus
899 3522 1128 3575 decreta
1158 3517 1229 3574 de
1261 3515 1599 3572 futuritione
1641 3521 1875 3570 actuum
1905 3529 2040 3568 nos-

499 3623 723 3670 trorum
754 3618 907 3669 stare
937 3618 1195 3683 possent.

555 3794 780 3868 >Dico
853 3792 1085 3889 igitur
1151 3792 1243 3865 ad
1313 3790 1542 3864 istum
1631 3788 2038 3864 articulum

494 3910 950 4004 secundum,
1010 3909 1213 4007 quod
1282 3908 1491 3981 Deus
1550 3907 1641 3981 de
1700 3906 2042 4003 potentia

492 4028 844 4101 absoluta
882 4032 1132 4123 potest
1169 4046 1336 4098 esse
1371 4045 1605 4097 causa
1663 4045 1814 4095 non
1877 4044 2042 4095 rec-

492 4142 840 4217 titudinis
917 4142 995 4213 in
1052 4150 1254 4233 actu,
1317 4149 1391 4213 et
1455 4148 1711 4212 tamen
1787 4138 2039 4213 adhuc

492 4284 646 4334 non
716 4267 917 4334 esset
977 4279 1210 4331 causa
1295 4255 1611 4353 peccati.
1690 4255 2036 4329 Primum

491 4376 820 4462 declam,
884 4373 1067 4471 quia
1132 4373 1341 4446 Deus
1417 4380 1666 4469 potest
1723 4394 2040 4445 conser-

487 4516 669 4569 vare
712 4491 925 4590 prius
975 4490 1141 4564 sine
1181 4488 1614 4588 posteriori,
1660 4512 1833 4563 cum
1895 4490 2040 4563 hoc

488 4608 731 4709 possit
785 4608 1138 4681 voluntas
1197 4614 1515 4697 nostra3
1588 4604 1821 4701 igitur
1860 4628 2036 4678 cum

489 4734 703 4802 actus
762 4724 859 4799 sit
920 4722 1130 4822 prior
1183 4720 1641 4796 rectitudine
1680 4721 1801 4795 vel
1864 4744 2041 4795 cur-

488 4843 718 4916 vitate
786 4839 862 4912 in
936 4846 1138 4930 actu,
1209 4836 1420 4911 Deus
1486 4843 1735 4933 potest
1809 4859 2037 4931 agere

488 4957 970 5058 cooperando
1023 4953 1400 5030 voluntati
1459 4954 1551 5027 ad
1620 4963 1902 5048 actum,
1966 4964 2039 5030 et

488 5100 640 5153 non
701 5074 1098 5172 cooperari
1165 5072 1258 5146 ad
1319 5071 1882 5146 rectitudinem.

586 5192 1028 5269 Secundum
1124 5189 1458 5281 declam,
1578 5189 1783 5287 quod
1878 5213 2029 5263 non

488 5318 796 5410 propter
881 5310 1025 5381 hoc
1110 5315 1311 5380 esset
1386 5329 1619 5380 causa
1711 5306 2031 5404 peccati,

487 5424 669 5523 quia
716 5423 1077 5495 voluntas
1126 5428 1310 5492 tunc
1366 5442 1514 5491 non
1567 5429 1917 5516 peccaret
1957 5420 2029 5492 in

489 5539 875 5640 operando
932 5560 1082 5610 non
1132 5544 1357 5627 recte,
1404 5536 1585 5632 quia
1637 5536 1783 5610 nisi
1826 5537 2034 5611 Deus

488 5662 1027 5756 cooperaretur
1084 5652 1176 5726 ad
1243 5652 1772 5727 rectitudinem
1837 5653 2034 5729 sicut

3569 450 3690 518 1⁹7

2147 626 2241 701 ad
2301 635 2584 722 actum,
2630 652 2784 704 non
2828 640 3029 707 esset
3065 631 3424 705 voluntas
3480 627 3699 702 debi-

2153 742 2294 814 trix
2365 743 2870 841 rectitudinis,
2916 747 3099 845 quia
3165 770 3320 820 non
3383 745 3701 818 haberet

2151 856 2223 930 in
2272 857 2439 955 ejus
2489 869 2858 957 potestate
2893 872 3094 938 recte
3154 860 3482 960 operari,
3519 859 3703 956 quia

2149 974 2213 1048 si
2272 974 2482 1050 Deus
2515 1001 2665 1051 non
2712 980 2964 1076 coagit
2995 981 3088 1053 ad
3130 976 3695 1068 rectitudinem,

2151 1091 2628 1166 subtrahitur
2673 1079 2838 1170 sine
2888 1119 3042 1193 quo
3095 1119 3248 1168 non
3290 1102 3404 1168 est
3453 1093 3529 1165 in
3565 1115 3704 1189 po-

2150 1218 2417 1284 testate
2537 1213 2956 1288 voluntatis
3059 1223 3261 1288 recte
3365 1211 3693 1310 operari.

2138 1329 2330 1404 Ideo
2399 1333 2889 1410 auctoritates
2940 1333 3350 1431 Augustini
3411 1342 3483 1408 et
3540 1338 3703 1405 An-

2152 1446 2369 1521 selmi
2428 1472 2582 1522 non
2643 1451 3116 1525 concludunt
3173 1451 3264 1524 de
3328 1457 3701 1548 potestate

2152 1563 2846 1658 absoluta,'tamen
2919 1567 3009 1640 de
3078 1565 3418 1663 potentia
3492 1563 3702 1638 ordi-

2152 1688 2332 1753 nata
2407 1679 2781 1777 quidquid
2869 1681 3079 1756 Deus
3163 1681 3705 1755 antecedenter

2150 1796 2383 1892 dedit,
2446 1797 2655 1872 dabit
2710 1800 3104 1874 voluntate
3150 1809 3697 1897 consequente,

2151 1912 2299 1986 nisi
2341 1913 2976 2011 impedimentum
3019 1923 3352 2012 ponatur
3405 1938 3496 1989 ex
3538 1939 3702 2013 par-

2151 2038 2222 2103 te
2270 2029 2635 2127 receptivi
2695 2030 3049 2128 ponendo
3107 2030 3429 2105 obicem.
3475 2030 3700 2105 Nunc

2151 2157 2407 2222 autem
2469 2149 2700 2221 homo
2760 2172 2850 2222 ex
2918 2148 3159 2222 libero
3201 2147 3516 2221 arbitrio
3578 2171 3704 2244 po-

2147 2272 2295 2338 test
2336 2286 2561 2360 agere
2606 2273 2834 2357 recte,
2901 2265 3045 2338 hoc
3096 2272 3236 2359 est,
3290 2288 3444 2338 non
3505 2264 3704 2339 obli-

2150 2404 2328 2479 que,
2425 2390 2497 2455 et
2591 2391 2766 2456 ante
2869 2379 3200 2481 primum
3300 2391 3701 2479 peccatum

2152 2498 2341 2571 nihil
2404 2497 2722 2596 impedit
2774 2521 2864 2573 ex
2906 2507 3118 2597 parte
3177 2497 3412 2595 passi,
3464 2520 3702 2595 quare

2151 2615 2360 2689 Deus
2393 2638 2545 2689 non
2580 2616 2853 2690 debeat
2883 2615 3063 2690 dare
3095 2616 3488 2689 voluntate
3531 2637 3705 2688 con-

2153 2742 2552 2828 sequente,
2612 2733 2816 2829 quod
2861 2732 3067 2807 dedit
3122 2732 3517 2806 voluntate
3568 2753 3707 2805 an-

2153 2848 2575 2942 tecedente,
2640 2849 2823 2946 quia
2881 2857 3056 2923 ante
3125 2847 3458 2946 primum
3526 2871 3710 2945 pec-

2153 2975 2406 3039 catum
2478 2990 2631 3039 non
2711 2966 2926 3064 ponit
2991 2966 3285 3040 obicem
3348 2994 3367 3059 ;
3477 2965 3708 3062 igitur

2153 3092 2328 3156 ante
2397 3081 2727 3181 primum
2799 3092 3197 3182 peccatum
3241 3106 3392 3157 non
3455 3092 3706 3181 potest

2150 3201 2360 3276 Deus
2427 3202 2518 3275 de
2581 3202 2922 3300 potentia
2979 3199 3328 3277 ordinata
3397 3201 3705 3276 subtra-

2152 3317 2333 3391 here
2402 3316 2885 3390 influentiam
2956 3341 3205 3411 suam,
3277 3316 3463 3415 quin
3525 3327 3701 3413 agat

2150 3434 2635 3531 cooperando
2714 3434 2809 3507 ad
2896 3433 3432 3508 rectitudinem
3502 3433 3700 3508 sicut

2146 3550 2239 3624 ad
2286 3559 2566 3624 actum.

2247 3674 2647 3762 Quomodo
2680 3674 2914 3771 igitur
2953 3674 3327 3771 contingit
3351 3673 3686 3773 primum

3825 3682 3929 3749 14.

2150 3796 2547 3884 peccatum
2582 3797 2752 3884 post
2778 3787 3100 3884 gratiam
3140 3788 3180 3859 ’ἶ
3222 3787 3402 3861 Dico
3481 3788 3681 3885 quod
3716 3797 4038 3848 Primacau·

3715 3875 3773 3910 εει
3809 3862 4014 3913 unifor-

2147 3903 2456 4001 quando
2491 3903 2664 3976 duae
2724 3926 2978 3978 causae
3033 3913 3508 3979 concurrunt
3572 3927 3687 3977 ac·
3716 3927 4040 3993 mitet-agen·

2144 4021 2296 4094 tive
2339 4020 2429 4094 ad
2495 4022 2667 4113 hoc,
2723 4021 2927 4117 quod
2970 4030 3185 4096 actus
3226 4021 3323 4095 sit
3400 4029 3680 4115 rectus,

2147 4162 2301 4211 non
2336 4148 2450 4211 est
2482 4137 2852 4212 rectitudo
2913 4139 2988 4211 in
3033 4138 3334 4231 effectu,
3416 4138 3562 4212 nisi
3605 4140 3683 4213 in

2146 4264 2473 4352 utraque
2535 4278 2768 4330 causa
2836 4255 2932 4329 sit
2966 4254 3387 4349 rectitud03
3452 4255 3688 4351 igitur

2145 4372 2394 4471 prima
2432 4395 2666 4447 causa
2706 4396 2856 4445 non
2896 4373 3397 4447 subtrahente
3458 4373 3686 4447 recti-

2146 4488 2522 4583 tudinem,
2609 4489 2742 4563 sed
2811 4488 3294 4564 uniformiter
3381 4499 3681 4586 agente,

2144 4614 2394 4703 potest
2432 4605 2773 4680 secunda
2811 4627 3044 4679 causa
3082 4604 3393 4703 oblique
3425 4627 3682 4701 agere,

2149 4721 2332 4819 quia
2374 4720 2747 4796 rectitudo
2793 4728 2908 4795 est
2937 4721 3032 4795 ab
3074 4721 3476 4815 ambabus,
3514 4731 3597 4794 ut
3643 4745 3688 4796 a

2145 4862 2381 4913 causa
2419 4838 2743 4933 integra.
2816 4837 2994 4911 Ideo
3023 4837 3183 4912 Deo
3216 4846 3492 4934 agente
3545 4863 3688 4937 po-

2145 4965 2294 5030 test
2331 4956 2692 5028 voluntas
2753 4961 3008 5028 creata
3073 4953 3384 5051 oblique
3426 4977 3680 5051 agere,

2145 5076 2250 5149 ita
2281 5069 2486 5170 quod
2520 5070 2769 5167 ipsum
2816 5078 2932 5143 est
2984 5068 3318 5166 primum
3378 5070 3686 5146 subtra-

2150 5194 2344 5265 hens
2390 5186 2954 5279 rectitudinem,
3017 5195 3093 5261 et
3153 5185 3261 5260 sic
3324 5187 3685 5283 intelligit

2141 5303 2622 5403 Augustinus
2680 5302 2885 5400 quod
2969 5303 3311 5400 sapiente
3376 5310 3682 5377 attolere

2142 5412 2295 5500 non
2338 5422 2430 5519 fi't
2455 5421 2677 5494 homo
2729 5419 3086 5505 deterior,
3130 5418 3313 5516 quia
3370 5420 3680 5515 sapiens

2142 5545 2607 5640 inquantum
2667 5537 3003 5635 sapienS,
3068 5560 3464 5633 nunquam
3540 5560 3681 5634 po-

2143 5667 2289 5732 test
2328 5679 2494 5732 esse
2541 5653 2872 5753 primum
2929 5654 3391 5727 subtrahens
3452 5652 3679 5726 recti-

3734 3996 3804 4048 te,
3841 3998 3995 4055 potes

3742 4067 3901 4106 causa
3929 4071 4010 4108 aa·

3797 4120 3974 4169 cunda

3763 4195 3999 4242 peccare.
