4295 6326
212 1534 317 1598 10.

100 1647 387 1699 Resolutio

172 1712 343 1762 tertiae

124 1775 377 1846 quiestio-

196 1852 299 1889 nis.

113 4214 194 4289 De
228 4229 355 4266 con-

118 4281 349 4328 scientia

130 4355 378 4393 erronea.

1520 393 1747 468 msr.
1799 397 1886 470 v,
1938 350 2356 479 QuAEs‘rio
2406 396 2526 465 ιιι.

970 723 1332 780 SCHOLIUM
1371 721 1463 779 IV.

518 881 642 937 Non
676 879 886 935 debere
917 877 1253 935 ministrum
1288 877 1576 948 baptizare
1608 876 1658 932 si
1690 876 1992 947 praevideat

447 970 645 1029 exilio
673 977 802 1029 actu
847 980 1087 1028 mortem
1144 973 1300 1026 certo
1351 979 1701 1026 secuturam.
1763 966 1992 1040 Repetit

448 1060 542 1116 hic
568 1062 718 1133 quod
754 1078 931 1133 supra
953 1059 1151 1116 docuit
1179 1059 1312 1114 dist.
1346 1059 1397 1114 4.
1430 1063 1640 1130 quaest.
1673 1058 1726 1112 3.
1773 1055 1991 1112 scilicet

449 1151 727 1206 iurantem
756 1149 813 1206 in
840 1151 1058 1206 flumen
1096 1150 1418 1221 projectum
1470 1163 1584 1203 non
1641 1163 1769 1202 esse
1797 1145 1987 1217 bapti-

447 1247 661 1309 zatum,
701 1248 755 1296 ct
807 1255 964 1308 eum,
1018 1239 1115 1310 qui
1161 1237 1451 1309 dejiceret,
1503 1235 1823 1292 mortaliter
1853 1251 1987 1306 pec·

449 1346 599 1387 care.

548 1511 657 1585 Ad
769 1509 1060 1585 tertiam
1159 1510 1669 1608 quaestionem
1785 1508 1984 1600 dico,

450 1628 655 1726 quod
716 1629 979 1702 nullus
1034 1627 1259 1702 debet
1311 1628 1457 1701 sibi
1517 1627 1762 1704 facere
1818 1646 1992 1698 con·

449 1744 876 1840 scientiam,
913 1746 1118 1844 quod
1161 1754 1472 1843 propter
1510 1744 1989 1842 Baptismum

448 1863 999 1939 convenienter
1064 1864 1355 1957 datum,
1405 1864 1630 1937 etiam
1684 1859 1990 1935 infirmo

445 1984 522 2057 in
603 1984 945 2082 periculo
1029 1982 1320 2077 mortis,
1402 1982 1605 2080 quod
1682 1989 1991 2080 propter

447 2102 590 2176 hoc
646 2111 916 2197 vergat
973 2100 1049 2173 in
1096 2100 1524 2198 periculum
1594 2099 1787 2195 ejus.
1832 2099 1990 2172 Nec

445 2218 671 2292 debet
730 2219 874 2292 hoc
915 2217 1175 2314 aliquo
1216 2217 1442 2289 modo
1485 2239 1986 2315 praesumere,

446 2345 694 2433 potest
786 2334 991 2409 enirn
1079 2334 1245 2408 sine
1338 2334 1545 2407 omni
1649 2333 1989 2431 periculo

445 2474 807 2549 spargere
884 2451 1271 2525 modicum
1335 2450 1426 2524 de
1494 2472 1697 2547 aqua
1742 2450 1991 2548 tepida

446 2590 679 2666 super
743 2591 1022 2665 corpus
1099 2567 1291 2664 ejus,
1373 2568 1495 2640 vel
1570 2565 1744 2663 ejus
1811 2590 1991 2664 par-

442 2695 596 2759 tem
667 2684 1201 2783 principalem,
1271 2693 1354 2759 ut
1420 2708 1654 2782 super
1729 2695 1985 2782 caput,

442 2802 565 2875 vel
650 2801 1005 2894 frontem,
1078 2801 1138 2875 si
1210 2801 1707 2899 praesumitur
1784 2801 1988 2899 quod

446 2916 720 3012 frigida
806 2926 1102 2992 noceat.
1206 2917 1296 2992 Et
1383 2918 1799 2993 verisimile
1877 2930 1991 2994 est

444 3035 650 3131 quod
718 3036 1057 3132 aspersio
1124 3036 1339 3109 nullo
1413 3035 1635 3109 modo
1689 3046 1985 3131 noceat,

445 3177 618 3227 curn
654 3153 872 3250 pueri
914 3153 1309 3228 tenerrimi
1341 3151 1461 3229 vel
1507 3152 1792 3228 infirmi
1836 3156 1989 3230 bal-

446 3281 775 3345 neentur
812 3270 891 3343 in
944 3271 1073 3344 tali
1128 3294 1357 3369 aqua,
1411 3295 1549 3370 pro
1602 3272 1873 3347 solatio
1914 3285 1989 3349 et

445 3387 784 3462 remedio
833 3388 1172 3486 speciali.
1241 3388 1320 3463 Si
1389 3400 1647 3466 autem
1706 3391 1986 3489 aliquis

444 3505 726 3580 habeat
763 3506 1313 3581 conscientiam
1368 3531 1798 3603 erroneam,
1836 3533 1989 3584 cre-

443 3624 636 3699 dens
704 3625 1181 3723 Baptismum
1256 3650 1424 3703 esse
1493 3652 1804 3702 causam
1874 3653 1991 3704 ac-

443 3742 929 3817 celerationis
1037 3744 1303 3819 mortis
1413 3745 1808 3843 baptizati,
1915 3758 1989 3822 et

443 3859 872 3957 periculum
943 3861 1121 3935 vitae
1179 3862 1374 3958 ejuS‚
1427 3862 1603 3937 licet
1667 3858 1822 3937 non
1893 3865 1990 3939 sit

443 3978 616 4053 talis
706 3979 1152 4076 irregularis
1232 3981 1311 4054 in
1394 3981 1848 4079 baptizando
1916 3992 1987 4057 et

445 4094 791 4170 faciendo
885 4098 1087 4194 quod
1160 4096 1496 4172 officium
1594 4123 1818 4174 suum
1910 4100 1985 4171 in

445 4237 678 4288 causa
744 4215 1222 4291 necessitatis
1292 4216 1635 4314 requirit,
1731 4227 1982 4292 tamen

445 4339 691 4405 stante
753 4332 1229 4407 conscicntia
1295 4333 1462 4429 ejus
1521 4335 1727 4430 quod
1768 4359 1990 4409 accc-

447 4451 633 4523 leret
702 4458 1017 4524 mortem
1078 4475 1213 4547 per
1272 4462 1524 4525 actum
1575 4452 1743 4548 ejus
1785 4454 1987 4550 Bap-

442 4565 852 4660 tismalem,
944 4567 1348 4641 committit
1452 4569 1980 4658 homicidium,

444 4682 623 4780 quia
685 4683 912 4757 habet
989 4683 1537 4758 conscientiam
1599 4686 1802 4783 quod
1875 4686 1985 4760 sa-

3517 393 3647 466 621

2105 572 2377 646 ciendo
2477 573 2665 648 illud
2742 577 2949 673 quod
3048 583 3355 650 tenetur
3448 572 3649 648 circa

2102 689 2385 787 ipsum,
2436 692 2713 766 occidit
2754 694 3033 792 ipsum.
3099 696 3190 767 Et
3253 692 3356 765 ita
3407 692 3648 765 factus

2103 816 2218 880 est
2311 811 2720 906 perplexus
2826 821 3070 885 stante
3145 807 3642 901 conscientia,

2101 927 2284 1022 quia
2360 927 2816 1024 baptizando
2893 930 3169 1004 occidit
3257 952 3410 1002 non
3472 928 3650 1024 bap-

2100 1044 2403 1118 tizando
2462 1047 2975 1142 praeterrnittit
3031 1047 3219 1121 illud
3276 1047 3370 1121 ad
3439 1045 3644 1142 quod

2105 1166 2406 1232 tenetur
2508 1183 2599 1233 ex
2693 1160 2943 1236 officio
3041 1163 3117 1234 in
3197 1183 3430 1235 causa
3505 1181 3648 1233 ne-

2101 1275 2500 1362 cessitatiS,
2573 1285 2646 1351 et
2712 1277 2796 1351 fit
2866 1278 3376 1374 irregularis3
3443 1277 3645 1351 unde

2101 1393 2264 1466 sola
2317 1393 2788 1498 conscientia
2856 1419 3180 1471 erronea
3239 1394 3415 1469 facit
3466 1418 3642 1468 eum

2103 1511 2579 1606 perplexum,
2627 1511 2808 1609 quia
2849 1535 2939 1587 ex
2983 1514 3148 1608 lege
3195 1511 3457 1586 divina
3491 1535 3639 1585 non

2102 1639 2216 1702 est
2267 1628 2546 1727 aliquis
2594 1633 3028 1728 perplexus.
3070 1629 3267 1716 Quid
3309 1638 3423 1704 est
3462 1653 3644 1724 ergo

2103 1745 2248 1819 sibi
2306 1746 2807 1821 faciendum?
2845 1747 3332 1846 Respondeo‚
3387 1747 3646 1820 dimit-

2101 1863 2332 1936 tenda
2387 1873 2499 1937 est
2559 1864 3029 1939 conscicntia
3075 1886 3423 1956 erronea,
3470 1887 3645 1962 quoe

2106 1978 2243 2052 suit
2301 2001 2534 2054 causa
2586 1980 3133 2077 perplexitatiS,
3197 1986 3270 2053 et
3329 1978 3646 2076 implen-

2101 2094 2282 2168 dum
2364 2105 2476 2169 est
2543 2107 3014 2195 praeceptum
3083 2097 3175 2171 de
3253 2095 3643 2192 Baptismo

2102 2212 2565 2286 conserendo
2617 2213 2690 2285 in
2751 2213 3073 2287 articulo
3135 2210 3636 2287 necessitatis.

2102 2328 2183 2402 Si
2258 2339 2513 2404 tamen
2584 2331 2865 2428 aliquis
2919 2331 3422 2428 baptizandus
3488 2353 3638 2403 non
3670 2342 3993 2456 30:331?ss

2101 2456 2349 2544 potest
2416 2447 2811 2544 baptizari,
2866 2447 3015 2522 nisi
3058 2448 3134 2520 in
3179 2447 3637 2545 periculum,
3674 2469 3979 2533 perplexus.

2105 2576 2187 2639 ut
2248 2566 2310 2640 si
2363 2566 2457 2641 sit
2506 2568 2727 2664 juxta
2793 2567 3080 2642 ssumen
3143 2567 3637 2666 profundum,

2102 2691 2178 2757 et
2243 2706 2396 2756 non
2454 2694 2701 2782 potest
2768 2685 2914 2758 cito
2972 2684 3239 2760 haberi
3280 2707 3509 2782 aqua,
3574 2693 3648 2758 et

2102 2813 2216 2877 est
2273 2803 2700 2901 periculum
2748 2803 3011 2878 mortis
3062 2803 3256 2900 ejus,
3302 2827 3454 2876 non
3511 2803 3648 2876 de-

2102 2920 2227 2995 bet
2343 2922 2690 2996 minister
2804 2946 2981 2996 eum
3085 2921 3457 3020 projicere
3566 2919 3642 2992 in

2100 3037 2421 3132 flumen,
2486 3048 2559 3114 et
2607 3039 2714 3113 sic
2757 3038 3170 3136 baptizare,
3217 3036 3400 3134 quia
3456 3037 3646 3134 Bap-

2099 3154 2374 3229 tismus
2471 3166 2584 3231 est
2678 3154 2967 3229 ablutio
3056 3153 3132 3227 in
3212 3152 3480 3228 ordine
3549 3152 3689 3232 ad*

2099 3273 2516 3348 siccitatem
2613 3283 2684 3349 et
2778 3272 3179 3348 sanitatem
3281 3273 3638 3346 suturam.

2098 3390 2358 3465 Posito
2458 3390 2686 3465 etiam
2773 3390 2975 3487 quod
3057 3388 3469 3488 projiciens
3562 3387 3639 3461 in
3708 3393 3969 3505 spgfflgg

2099 3508 2419 3603 flumen,
2500 3508 2943 3606 baptizaret,
3016 3507 3221 3604 quod
3295 3529 3448 3578 non
3530 3470 3977 3629 estii'rssigmipe

2096 3649 2397 3715 verum,
2461 3635 2718 3699 tamen
2751 3624 3003 3698 adhuc
3058 3631 3411 3720 peccaret
3453 3645 3645 3696 mor·
3704 3587 3969 3695 ‘'2⁸23'‘

2098 3742 2354 3817 taliter
2410 3742 2519 3815 sic
2563 3741 3002 3839 projicienS,
3049 3739 3231 3837 quia
3272 3738 3646 3813 interfice·

2100 3869 2214 3933 ret
2280 3883 2454 3932 eum
2519 3868 2592 3932 et
2632 3858 2802 3932 ideo
2836 3857 3080 3955 posito
3114 3857 3315 3953 quod
3354 3855 3642 3952 aliquid

2099 3977 2407 4069 faceret,
2473 3975 2686 4049 nullo
2753 3984 3003 4048 tamen
3068 3974 3291 4047 modo
3334 3973 3646 4046 deberet

2101 4116 2275 4167 eum
2308 4094 2732 4191 propellere
2757 4091 2833 4165 in
2864 4090 3182 4184 flumen,
3209 4091 3391 4190 quia
3417 4113 3647 4164 unus-

2101 4211 2430 4309 quisque
2501 4210 2746 4306 magis
2814 4210 2959 4285 sibi
3036 4218 3342 4284 tenetur
3409 4231 3638 4305 quam

2102 4329 2258 4402 alii.
2307 4327 2503 4415 Quid
2564 4351 2746 4422 ergo
2791 4336 2904 4400 cst
2948 4326 3375 4400 faciendum
3407 4325 3446 4396 ‘2
3505 4327 3645 4398 Ex-

2107 4445 2562 4545 pectandum
2617 4454 2730 4519 est
2770 4466 3174 4541 quousque
3225 4443 3464 4540 possit
3505 4444 3645 4515 ha-

2100 4561 2264 4636 beri
2342 4560 2891 4635 convenienter
2975 4558 3321 4649 materia,
3418 4567 3492 4631 et
3580 4558 3642 4630 si

2098 4680 2313 4777 prius
2350 4676 3009 4770 moreretur‚nihil
3040 4676 3129 4748 ad
3171 4674 3633 4749 ministrum.
