4295 6326
288 822 371 872 Ad
398 834 580 875 secun·

380 888 526 938 dum.

338 2238 419 2287 Ad
449 2238 550 2288 ter-

365 2303 518 2353 tium.

276 4542 463 4577 anima
488 4543 592 4577 tum

274 4605 333 4639 ex
365 4591 562 4655 duplici

345 4669 522 4703 causa.

284 4465 567 4578 coprupuo

636 416 719 480 66

638 584 797 680 ille,
851 585 930 660 in
994 611 1147 686 quo
1213 588 1589 664 uniuntur
1644 588 1794 663 nisi
1869 589 2179 682 virtute,

638 701 747 777 sic
781 714 896 778 est
935 704 1026 779 de
1068 705 1494 781 elementis.

736 820 850 893 Ad
902 820 1138 915 aliud,
1204 822 1375 897 dico
1421 822 1625 921 quod
1680 846 1833 896 non
1867 830 2186 920 apparet

636 936 965 1033 qualitas
999 939 1370 1013 naturalis
1402 939 1760 1014 elementi
1802 939 1878 1012 in
1917 938 2177 1027 mixto,

636 1057 767 1132 sed
847 1054 1208 1132 differens
1267 1057 1550 1154 specie,
1619 1055 2026 1154 perfectior
2063 1065 2186 1129 ta-

638 1200 846 1268 men,
892 1173 1089 1248 sicut
1145 1182 1350 1272 patet
1396 1174 1657 1271 primo
1709 1174 1802 1248 de
1857 1172 2176 1262 Anima,

632 1293 724 1369 de
791 1294 1041 1368 calore
1111 1290 1313 1388 ignis
1372 1300 1446 1366 et
1531 1289 1738 1363 mixti
1831 1287 2176 1383 animati,

633 1409 817 1508 quia
884 1410 1306 1484 inanimata
1356 1432 1510 1482 non
1580 1416 2181 1505 augmentantur

632 1526 968 1626 proprie,
1022 1550 1165 1602 nec
1214 1525 1687 1615 nutriuntur,
1761 1548 1902 1600 nec
1970 1524 2181 1598 calor

635 1643 714 1717 in
756 1666 988 1718 carne
1020 1652 1337 1740 generat
1378 1642 1664 1740 ignem,
1726 1641 1857 1716 sed
1910 1642 2180 1715 alterat

632 1762 725 1838 ad
758 1784 1067 1836 carnem
1120 1761 1667 1857 generandam,
1732 1769 1987 1833 tamen
2047 1755 2179 1832 ali-

629 1903 806 1978 quae
837 1879 1326 1977 operationes
1365 1886 1737 1977 apparent
1778 1899 1945 1952 esse
1978 1899 2179 1950 com-

632 2021 907 2083 munes
950 1997 1183 2070 mixto
1219 2006 1293 2071 et
1340 1997 1746 2089 elemento,
1802 1994 1921 2069 vel
1972 1992 2177 2068 simi-

630 2117 739 2192 les
779 2116 853 2190 in
902 2117 1160 2213 aliquo
1193 2114 1462 2211 gradu.

726 2234 839 2308 Ad
909 2232 1145 2319 aliud,
1208 2230 1378 2306 dico
1430 2230 1634 2328 quod
1681 2230 1746 2304 si
1795 2232 2177 2305 elementa

631 2359 889 2427 essent
970 2357 1140 2424 actu
1216 2347 1295 2421 in
1374 2346 1632 2438 mixto,
1720 2355 2175 2445 sequeretur

631 2464 837 2564 quod
876 2471 1125 2537 motus
1174 2470 1376 2538 esset
1452 2460 1694 2558 magis
1753 2460 2170 2554 violentus»,

631 2603 867 2680 quam
939 2578 1314 2654 naturalis
1382 2577 1807 2653 secundum
1882 2586 2168 2652 motum

631 2695 990 2774 elementi
1025 2695 1686 2795 proedominantiS,
1751 2694 1932 2793 quia
1993 2694 2176 2768 mix-

629 2826 793 2890 tum
854 2822 1293 2889 moveretur
1357 2812 1733 2887 violenter
1794 2820 2170 2909 quantum

629 2934 723 3009 ad
767 2933 910 3007 tria
949 2933 1354 3007 elementa.
1394 2929 1686 3003 Dicitur
1726 2928 1930 3003 enim
1974 2952 2174 3027 prae-

628 3049 1054 3124 dominium
1153 3056 1461 3146 propter
1551 3045 2170 3120 convenientiam

629 3166 881 3258 istam,
943 3187 1175 3262 quam
1239 3163 1471 3238 habet
1520 3162 1596 3235 in
1652 3172 1857 3236 motu
1947 3163 2170 3239 locali

624 3306 798 3357 cum
844 3282 973 3356 tali
1016 3283 1423 3373 elementO,
1469 3288 1542 3353 et
1570 3281 1712 3353 hoc
1754 3290 1868 3354 est
1917 3303 2172 3377 quan-

625 3411 786 3475 tum
818 3400 908 3474 ad
948 3401 1132 3473 tales
1174 3398 1606 3495 qualitates.

722 3516 835 3589 Ad
896 3513 1131 3603 aliud,
1197 3537 1373 3587 cum
1441 3512 1721 3586 dicitur
1795 3514 2172 3589 animalia

628 3637 1228 3729 corrumpuntur
1285 3629 1375 3704 ab
1437 3630 1876 3719 intrinseco,
1937 3632 2171 3704 mani-

627 3751 900 3824 festum
955 3757 1066 3820 est
1126 3746 1333 3844 quod
1384 3748 1528 3820 hoc
1579 3769 1732 3819 non
1794 3755 1934 3840 est,
1984 3747 2169 3844 quia

626 3866 728 3941 ibi
757 3874 938 3940 sunt
978 3863 1361 3938 contraria
1393 3863 1773 3937 elementa
1827 3861 1902 3935 in
1937 3872 2106 3938 actu
2142 3893 2161 3958 3

626 4008 765 4059 nec
798 3983 1023 4058 etiam
1056 3981 1237 4079 quia
1263 3981 1408 4054 tale
1462 3980 1797 4054 medium
1851 4004 2169 4079 compo-

625 4101 833 4176 nitur
900 4124 992 4175 ex
1047 4097 1406 4173 extremis
1465 4096 1919 4188 virtualiter,
1984 4097 2169 4195 quia

626 4243 777 4293 non
835 4216 1076 4314 magis
1126 4217 1360 4291 rubor
1423 4214 1845 4313 corrumpit
1898 4237 1978 4289 se
2048 4215 2167 4289 in-

624 4336 980 4429 trinsece,
1070 4356 1298 4431 quam
1385 4331 1607 4406 faciat
1700 4332 1959 4405 album
2043 4333 2163 4406 vel

625 4455 961 4550 nigrum.
1037 4451 1185 4525 Sed
1246 4450 1323 4523 in
1385 4448 1850 4523 animalibus
1892 4449 2167 4523 accidit

627 4569 1013 4667 corruptio
1079 4567 1173 4641 ab
1223 4565 1638 4640 intrinseco
1713 4565 1997 4662 duplici
2072 4566 2166 4640 de

625 4684 1223 4777 causazl'rimo,
1287 4683 1469 4780 quia
1537 4683 1821 4757 habent
1909 4690 2164 4779 partes

621 4803 1024 4900 organicas
1094 4800 1619 4898 oppositarum
1692 4800 2163 4897 complexio-

618 4946 834 5014 num,
870 4929 943 4994 et
975 4920 1117 4991 hoc
1151 4916 1513 5014 competit
1564 4916 1674 4990 eis
1733 4941 1823 4990 ex
1864 4917 2162 5014 perlec-

620 5042 823 5117 tione
883 5066 900 5130 3
991 5045 1065 5110 et
1129 5036 1296 5108 istae
1364 5043 1618 5131 partes
1677 5035 2001 5108 atterant
2075 5057 2155 5109 se

616 5170 911 5249 mutuo,
950 5163 1019 5230 et
1053 5152 1362 5251 quando
1401 5175 1553 5226 una
1584 5175 1761 5249 pars
1789 5153 2156 5227 alteratur

612 5279 687 5355 in
763 5285 1053 5351 tantum
1140 5273 1345 5370 quod
1418 5271 1775 5365 vincitur,
1858 5271 1934 5345 in
2024 5273 2156 5346 illa

610 5404 973 5472 causatur
1023 5388 1456 5484 infirmitaS,
1512 5389 1575 5464 si
1627 5414 1781 5464 non
1830 5390 1925 5463 sit
1974 5413 2152 5487 pars

607 5509 1081 5615 principaliS,
1118 5509 1239 5583 vel
1277 5532 1504 5594 morS,
1543 5507 1605 5582 si
1648 5507 1744 5582 sit
1777 5507 2152 5607 principa·

605 5634 753 5726 lis,
800 5639 874 5706 et
904 5651 1060 5702 non
1118 5625 1390 5700 accidit
1440 5624 1571 5698 illa
1616 5623 2004 5722 corruptio
2056 5647 2151 5699 ex

2038 417 2275 485 LIBRI
2329 417 2411 488 11.

2289 589 2435 662 hoc
2467 588 2674 685 quod
2709 588 2785 662 in
2820 588 3048 664 corde
3080 588 3233 663 sint
3267 586 3472 684 ignis
3531 597 3605 662 et
3636 608 3839 684 aqua

2286 704 2864 803 corrumpentia
2918 728 3001 780 se
3073 715 3368 780 mutuo.
3444 704 3832 797 SecundO,

2285 819 2559 894 accidit
2653 820 3041 918 corruptio
3152 821 3229 894 in
3346 842 3836 918 quacumque

2286 946 2499 1033 parte
2543 936 2956 1034 recipiente
3008 937 3596 1030 nutrimentum,
3653 935 3838 1033 quia

2286 1050 2391 1126 ibi
2434 1060 2615 1125 sunt
2640 1053 3049 1149 qualitates
3081 1053 3511 1127 virtualiter
3542 1060 3836 1127 contra-

2287 1167 2452 1262 riae,
2490 1167 2674 1266 quia
2704 1171 2912 1243 calor
2944 1170 3400 1245 naturaliter
3449 1169 3835 1243 consumit

2287 1285 2720 1381 humidum,
2776 1295 2848 1361 et
2905 1298 3161 1386 partes
3231 1287 3693 1380 materialeS,
3759 1294 3833 1362 et

2284 1401 2394 1477 sic
2462 1403 2540 1477 in
2604 1405 3034 1479 exhalando
3099 1404 3487 1480 consumit
3554 1427 3635 1478 se
3695 1427 3831 1503 per

2283 1519 2666 1616 accidenS,
2766 1531 2840 1597 et
2901 1522 3011 1597 sic
3089 1522 3238 1597 nisi
3325 1530 3823 1616 restauretur,
3861 1524 4041 1635 qggfg
4072 1523 4170 1636 ἐξ·

2285 1639 2633 1734 moritur,
2707 1650 2780 1716 et
2836 1640 2900 1715 si
2981 1649 3480 1736 restauretur,
3570 1651 3826 1716 tamen
3893 1648 4163 1762 tgtgffti·

2283 1758 2629 1832 redditur
2698 1758 3103 1858 impurior,
3172 1771 3247 1843 et
3295 1759 3468 1835 ideo
3519 1758 3828 1833 tandem
4080 1750 4095 1762 ⁶

2281 1876 2610 1954 efficitur
2669 1879 3455 1978 improportionabilis
3513 1879 3822 1955 animae.

2378 1996 2490 2070 Ad
2561 1996 2844 2072 dictum
2913 1998 3577 2089 CommentatoriS‚
3651 2022 3826 2073 cum
3989 1990 4062 2056 9·

2281 2111 2533 2208 arguit
2560 2136 2697 2210 pro
2739 2137 2850 2207 se,
2895 2113 3101 2210 quod
3158 2114 3627 2188 elementum
3681 2123 3820 2207 est,
3857 2101 4198 2246 ‘³222ss-

2280 2231 2487 2326 quod
2534 2241 2788 2305 manet
2828 2230 2904 2304 in
2939 2254 3048 2324 re,
3113 2230 3281 2304 dico
3313 2232 3518 2329 quod
3561 2230 3828 2307 defini·
3946 2269 4009 2306 n.
4044 2258 4098 2307 3.

2277 2345 2383 2420 tio
2425 2346 2783 2422 elementi
2848 2347 3022 2422 data
3070 2347 3139 2420 5.
3185 2347 3619 2448 Metaplzys.
3665 2371 3820 2421 non

2278 2464 2641 2563 competit
2720 2464 2865 2539 nisi
2963 2464 3331 2555 materiae,
3429 2489 3609 2541 nam
3691 2466 3821 2541 illa

2280 2590 2538 2656 manet
2578 2579 2655 2653 in
2691 2604 2800 2675 re,
2839 2604 3014 2679 quae
3057 2581 3547 2680 componitur
3577 2582 3651 2656 in
3698 2605 3812 2656 ea.

3850 2696 3930 2746 Ad
3969 2710 4185 2749 secun·

2371 2699 2484 2772 Ad
2538 2698 2994 2792 secundum,
3051 2699 3220 2773 dico
3273 2699 3477 2796 quod
3547 2698 3821 2773 imme·
3942 2759 4121 2811 dum‘

2276 2814 2509 2889 diatio
2567 2816 2834 2890 sormae
2902 2816 2993 2890 ad
3063 2816 3457 2891 materiam
3515 2825 3629 2891 est
3674 2816 3820 2890 du-
3850 2822 4216 2875 Fet-masur>

2277 2934 2475 3031 plex,
2542 2934 2662 3007 vel
2725 2943 3101 3030 quantum
3167 2934 3257 3007 ad
3317 2931 3623 3031 perfici,
3695 2937 3817 3010 vel
3852 2889 4200 3002 iuiffetaii'ss

2276 3060 2650 3148 quantum
2744 3051 2838 3125 ad
2940 3051 3464 3126 transmutari.
3560 3051 3817 3124 Primo
3851 3020 4215 3128 regffgpssu

2277 3169 2531 3263 mod0,
2568 3168 2736 3243 dico
2770 3169 2974 3266 quod
3010 3171 3251 3243 torma
3291 3170 3820 3245 substantialis

2274 3284 2710 3359 immediate
2759 3284 3123 3382 recipitur
3161 3284 3239 3357 in
3276 3285 3595 3360 materia
3625 3309 3821 3383 qua-

2274 3423 2604 3498 cumque
2726 3398 3276 3494 indifferenter,
3397 3402 3502 3476 ita
3612 3404 3819 3499 quod

2272 3516 2735 3591 immediate.
2847 3515 3202 3590 Secundo
3308 3517 3564 3611 mod0,
3661 3542 3816 3592 non

2271 3632 2736 3726 immediate,
2773 3631 2957 3729 quia
2987 3633 3173 3707 ordo
3232 3641 3346 3707 est
3400 3635 3816 3708 formarum

2271 3750 2469 3825 inter
2518 3774 2626 3843 se,
2678 3750 2781 3824 ita
2830 3751 3035 3848 quod
3085 3750 3368 3849 aliquae
3421 3750 3573 3824 sint
3623 3753 3822 3850 prio-

2271 3893 2420 3958 reS,
2503 3868 2787 3966 aliquae
2846 3869 3339 3967 posterioreS,
3431 3870 3535 3943 ita
3611 3872 3816 3968 quod

2270 3985 2587 4059 materia
2656 4009 2809 4059 non
2865 3984 3304 4060 immediate
3356 3995 3817 4063 transmuta-

2269 4112 2393 4177 tur
2460 4125 3024 4200 aquacumque
3093 4103 3337 4177 forma
3403 4104 3497 4176 ad
3553 4104 3809 4197 aliam,

2268 4221 2400 4294 sed
2460 4218 2727 4294 ordine
2787 4219 3149 4318 quodam,
3228 4229 3308 4293 ut
3375 4219 3814 4298 immediate

2268 4346 2436 4435 post
2476 4338 2796 4410 sormam
2843 4335 2998 4408 vini
3051 4336 3145 4409 ad
3210 4337 3528 4411 formam
3586 4340 3808 4428 aceti,

2267 4475 2421 4526 non
2472 4460 2725 4525 autem
2780 4475 2819 4525 e
2875 4459 3165 4524 contra.
3225 4450 3348 4525 Sic
3429 4462 3597 4550 post
3658 4455 3814 4526 sor-

2265 4593 2466 4643 mam
2527 4568 2843 4644 seminis
2906 4578 3020 4644 est
3079 4569 3323 4643 forma
3375 4571 3807 4668 sanguiniS,

2262 4686 2538 4762 deinde
2597 4685 2967 4782 corporis,
3041 4684 3317 4761 deinde
3395 4688 3733 4764 hominis
3787 4719 3808 4782 ;

2265 4804 2478 4876 nulla
2522 4812 2774 4877 tamen
2811 4803 3130 4877 istarum
3176 4812 3288 4877 est
3334 4805 3668 4878 medium
3730 4806 3809 4879 in

2263 4918 2758 5019 perficiendo,
2796 4921 2929 4993 sed
2963 4928 3261 4993 tantum
3294 4929 3812 4999 transmutan-

2260 5036 2495 5129 do,ita
2521 5036 2722 5134 quod
2748 5035 3012 5108 infima
3036 5037 3277 5110 forma
3304 5037 3551 5134 primo
3574 5040 3809 5136 perfl-

2260 5151 2385 5245 cit,
2414 5152 2689 5227 deinde
2724 5150 2867 5224 sibi
2903 5150 3001 5223 im
3020 5150 3570 5244 mediatiorem,
3601 5158 3806 5234 etsic

2258 5292 2504 5368 usque
2538 5270 2631 5343 ad
2677 5271 2994 5343 formam
3039 5270 3701 5368 perfectissimam,
3738 5277 3801 5350 si

2256 5387 2409 5462 sint
2466 5389 2728 5486 plures
2773 5388 3036 5462 formae
3099 5388 3673 5487 substantialeS,
3720 5391 3799 5467 in

2255 5505 2385 5580 tali
2429 5504 2884 5603 composite,
2948 5504 3217 5580 ultima
3272 5515 3530 5583 tamen
3572 5531 3800 5610 aeque

2253 5622 2692 5699 immediate
2753 5621 3077 5722 perficit,
3121 5623 3320 5700 sicut
3359 5624 3636 5725 prima.
