4295 6326
151 1456 362 1515 Quarta.

143 2267 358 2326 Quinta.

238 2845 306 2912 3.

169 2960 392 3011 Beleni-

158 3029 242 3094 tur
271 3025 393 3095 lgoec

157 3101 363 3151 opinio.

109 3521 412 3585 Responsio

196 3588 368 3636 fleur.

110 3649 289 3713 quodL
331 3648 410 3698 15.

184 3726 238 3776 q.
276 3713 355 3761 12.

123 4013 413 4066 Beatitudo

130 4077 416 4129 constiutit

110 4144 165 4192 in
208 4153 416 4204 opera-

198 4206 372 4255 tione.

1431 442 1662 515 DIST.
1713 441 1968 517 XXVI.
2020 439 2437 523 QUAESTIO
2490 438 2725 512 UNlC.

432 612 660 688 Prius
701 610 908 685 enim
970 607 1305 706 respexit
1352 608 1562 683 Deus
1621 607 1715 681 ad
1746 606 1973 701 Abel,

430 729 706 804 deinde
764 728 854 802 ad
914 750 1272 813 munera;
1331 726 1565 822 igitur
1613 724 1828 822 prius
1867 732 1982 797 est

432 855 792 943 acceptus
838 844 914 915 in
993 865 1102 935 se,
1162 865 1390 942 quam
1454 851 1830 938 quantum
1887 839 1978 913 ad

433 984 693 1060 opera.
768 959 1212 1034 Secundum
1277 967 1756 1054 assumptum
1819 980 1982 1054 pro-

435 1079 686 1169 batur,
727 1075 909 1175 quia
960 1084 1352 1172 acceptata
1419 1073 1759 1171 potentia
1826 1095 1979 1146 non

437 1219 594 1270 non
665 1203 780 1268 est
856 1217 1090 1269 causa
1168 1190 1713 1289 acceptationis
1795 1189 1987 1263 alia-

440 1334 639 1385 rum.

544 1429 760 1517 Item,
794 1427 1131 1501 essentia
1156 1434 1271 1500 est
1293 1424 1717 1521 principale
1750 1443 1989 1517 agens

445 1545 524 1618 in
586 1554 758 1618 actu
819 1543 1236 1635 meritorie,
1309 1540 1651 1641 potentia
1689 1548 1988 1613 tanturn

447 1660 1079 1750 instrumentale3
1117 1659 1250 1733 sed
1298 1657 1541 1754 magis
1586 1655 1810 1730 debet
1850 1677 1992 1752 po-

448 1781 526 1854 ni
576 1778 846 1876 gratia,
893 1800 1067 1874 quae
1109 1787 1224 1851 est
1273 1774 1670 1873 dispositio
1724 1796 1995 1848 neces-

449 1895 650 1969 saria
691 1895 786 1967 ad
821 1895 965 1966 hoc
990 1892 1194 1989 quod
1237 1901 1453 1965 actus
1486 1890 1583 1964 sit
1633 1898 1993 1985 acceptus

452 2012 530 2085 in
599 2008 1008 2109 principali
1087 2018 1362 2105 agente
1422 2029 1657 2104 quam
1720 2006 1996 2080 instru-

459 2126 797 2203 mentali.

556 2244 772 2333 Item,
819 2242 909 2317 ad
943 2244 1084 2315 hoc
1118 2250 1234 2315 est
1269 2264 1421 2314 una
1462 2236 1990 2335 congruentia.

459 2360 927 2437 Reformatio
961 2358 1322 2454 imaginis
1347 2356 1430 2429 fit
1462 2381 1598 2455 per
1629 2355 1995 2452 gratiam3

461 2481 712 2576 imago
746 2489 858 2553 est
892 2477 1137 2573 magis
1170 2477 1247 2548 in
1281 2475 1616 2550 essentia
1648 2496 1876 2571 quam
1921 2472 1997 2544 in

461 2597 865 2696 potentiis;
912 2595 1145 2691 igitur
1190 2593 1437 2690 gratia
1478 2594 1720 2689 magis
1779 2591 2003 2665 debet

463 2714 646 2814 poni
678 2714 755 2786 in
790 2712 1151 2787 essentia.

561 2832 843 2904 Contra
912 2828 1127 2916 illud,
1174 2827 1417 2923 gratia
1487 2827 1604 2900 vel
1667 2847 1823 2899 non
1892 2832 2007 2899 est

466 2969 588 3020 res
630 2946 780 3019 alia
810 2968 854 3017 a
889 2942 1389 3035 beatitudine,
1437 2943 1556 3015 vel
1600 2950 1713 3015 est
1745 2940 2007 3037 dispo-

467 3062 639 3137 sitio
683 3060 1028 3159 proxima
1069 3067 1141 3132 et
1182 3057 1572 3157 perfectio,
1638 3056 1729 3130 ad
1774 3078 2003 3152 quam

466 3177 846 3276 disponit3
919 3174 1309 3249 beatitudo
1378 3183 1630 3248 autem
1699 3181 1815 3246 est
1875 3171 2009 3244 im·

468 3293 796 3369 mediate
851 3291 929 3365 in
984 3289 1350 3388 potentia,
1408 3313 1579 3364 cum
1645 3287 2012 3362 consistat

470 3415 546 3487 in
582 3410 1051 3511 operatione.

570 3528 893 3622 Dicitur,
939 3526 1141 3624 quod
1178 3524 1568 3600 beatitudo
1611 3535 1725 3598 est
1767 3523 2011 3621 primo

474 3648 550 3720 in
594 3644 927 3722 essentia
972 3667 1108 3741 per
1151 3644 1536 3740 illapsum,
1594 3652 1667 3717 et
1719 3665 1853 3740 per
1908 3664 2017 3714 re-

474 3763 976 3839 dundantiam
1025 3761 1099 3833 in
1149 3759 1515 3858 potentia,
1572 3770 1645 3833 et
1695 3758 1864 3832 ideo
1898 3756 2017 3829 di-

476 3882 674 3957 citur
705 3879 1064 3972 essentia,
1106 3887 1186 3952 ut
1225 3877 1455 3952 carbo
1498 3877 1813 3974 ignitus,

576 3999 883 4088 Contra,
923 3992 1310 4068 beatitudo
1355 4016 1504 4065 non
1544 4000 1790 4089 potest
1831 4014 2020 4065 con-

481 4115 774 4200 sistere,
815 4111 960 4185 nisi
1005 4110 1082 4183 in
1135 4109 1580 4205 attingendo
1634 4108 2015 4204 objectum

484 4231 869 4321 ultimum,
960 4224 1154 4298 nihil
1243 4223 1446 4297 enim
1519 4223 2018 4297 intrinsecum

481 4347 701 4421 satiat
745 4342 1240 4442 capacitatem
1310 4340 1631 4432 animae3
1669 4339 1901 4436 igitur
1942 4340 2017 4412 in

480 4470 652 4536 actu
723 4458 1142 4534 formaliter
1209 4456 1556 4531 consistit
1598 4455 2018 4550 beatitudo,

487 4600 621 4674 per
661 4599 893 4673 quam
952 4572 1255 4668 attingit
1306 4572 1718 4669 objectum,
1764 4579 1836 4646 et
1877 4572 2023 4645 hoc

478 4696 644 4768 vult
675 4691 1127 4768 Aristoteles
1164 4689 1279 4762 10.
1316 4689 1573 4762 Etlzic.
1611 4688 1815 4785 quod
1852 4712 2025 4761 con-

481 4816 696 4890 sistat
727 4813 805 4886 in
839 4809 1312 4909 operatione.

581 4932 798 5022 Item,
833 4927 897 5002 si
940 4948 1094 4999 non
1139 4923 1594 4998 consisteret
1632 4923 2023 4997 beatitudo

482 5049 557 5122 in
595 5046 1068 5146 operatione,
1108 5041 1240 5116 sed
1283 5040 1718 5116 immediate
1780 5041 1854 5113 in
1901 5065 2026 5116 es-

484 5166 756 5253 sentia,
804 5170 1062 5261 posset
1094 5157 1484 5233 beatitudo
1534 5181 1739 5231 nunc
1771 5158 2023 5233 inesse

484 5280 786 5374 viatori,
845 5279 1043 5354 sicut
1120 5274 1775 5372 comprehensori,
1852 5275 2028 5349 licet

487 5421 639 5472 non
686 5398 789 5471 ita
817 5394 1151 5494 perfecta
1182 5390 1601 5484 beatitudO,
1639 5390 1821 5488 quia
1864 5414 2027 5465 ma-

478 5515 605 5611 jor
645 5521 890 5610 potest
922 5531 1089 5585 esse
1135 5505 1381 5602 gratia
1436 5505 1842 5600 intensive,
1889 5529 2020 5580 seu

492 5630 824 5705 charitas
854 5630 929 5701 in
972 5625 1260 5697 viatore
1294 5646 1520 5719 quam
1557 5624 1629 5696 in
1674 5649 2025 5722 compre-

3514 438 3633 508 131

2088 609 2446 701 hensore,
2487 615 2567 681 ut
2598 606 2677 679 in
2719 607 2946 681 beata
2985 604 3305 701 Virgine
3367 603 3443 676 in
3476 602 3633 697 via,

2088 747 2321 823 quam
2356 725 2432 797 in
2467 726 2797 799 Latrone
2833 723 2906 797 in
2941 723 3211 821 patria.

2188 841 2510 934 Dicitur,
2557 840 2667 915 sic
2710 864 2952 936 arguo
3012 848 3280 914 contra
3318 848 3419 931 te,
3456 838 3639 934 quia
3791 850 3860 912 4.

2090 959 2426 1033 charitas
2468 983 2676 1034 nunc
2720 969 2970 1057 potest
3018 982 3186 1034 esse
3231 957 3475 1055 major
3515 957 3640 1029 in-
3668 960 3807 1076 {123
3832 961 3890 1010 in
3922 962 3971 1072 ⁴4

2091 1078 2388 1152 tensive
2484 1077 2561 1151 in
2668 1078 3218 1175 perfectissimo
3319 1076 3637 1161 viatore,
3710 1060 3722 1073 ⁸
3813 1037 3911 1087 'q'
3977 1057 3989 1070 ⁸

2098 1219 2329 1293 quam
2372 1195 2448 1268 in
2493 1195 2739 1293 patria
2808 1196 2885 1269 in
2961 1197 3221 1295 aliquo
3283 1217 3643 1292 compre-

2096 1313 2426 1386 hensore
2464 1339 2481 1404 3
2555 1311 2792 1407 igitur
2840 1334 3047 1385 nunc
3110 1319 3368 1409 posset
3459 1332 3627 1384 esse

2098 1428 2491 1502 beatitudo
2526 1427 2603 1499 in
2633 1426 2955 1515 viatore,
2993 1451 3168 1501 cum
3264 1425 3433 1524 ipsa
3476 1448 3642 1500 res-

2099 1546 2434 1643 pondeat
2542 1544 2951 1620 intentioni
2986 1544 3402 1619 charitatis.
3486 1542 3645 1618 Nec

2101 1663 2306 1736 valet
2365 1661 2616 1736 dicere
2693 1664 2900 1759 quod
2963 1685 3150 1755 non,
3204 1660 3391 1759 quia
3439 1682 3646 1733 nunc

2102 1787 2310 1852 caret
2343 1777 2670 1871 visione,
2717 1778 2901 1875 quia
2940 1777 3134 1852 visio
3166 1778 3285 1852 vel
3338 1800 3488 1850 non
3535 1784 3650 1850 est

2100 1892 2194 1966 de
2229 1891 2566 1967 essentia
2607 1890 3133 1986 beatitudinis,
3180 1892 3301 1965 vel
3337 1914 3488 1963 non
3535 1898 3650 1964 est

2102 2008 2529 2107 principale
2565 2008 2641 2081 in
2676 2008 3177 2083 beatitudine.

2204 2125 2421 2212 Dice,
2483 2125 2943 2201 sustinendo
3012 2126 3219 2224 quod
3260 2125 3648 2221 obJectum
3738 2154 3963 2228 viaque

2105 2253 2221 2318 est
2283 2243 2547 2341 aliqua
2600 2266 2834 2317 causa
2888 2266 3025 2340 per
3091 2266 3200 2335 se,
3254 2241 3429 2315 licet
3494 2263 3647 2313 non
3680 2218 4000 2344 ξῖῗζὲξξῑζξθ

2107 2360 2584 2459 principalis,
2627 2370 2806 2434 tunc
2849 2369 3099 2458 potest
3129 2382 3297 2434 esse
3332 2358 3649 2433 effectus
3735 2346 3970 2454 βζξῇῖξξ·

2109 2503 2244 2578 per
2275 2502 2355 2553 se
2393 2477 2618 2566 alius,
2666 2487 2740 2551 et
2778 2478 3004 2571 aliuS,
3041 2477 3224 2575 quia
3263 2476 3647 2573 objectum
3726 2481 3971 2580 lffiggfg

2107 2621 2317 2671 nunc
2353 2620 2503 2671 non
2547 2607 2660 2671 est
2690 2595 2798 2670 sic
2870 2619 3237 2693 praesens,
3287 2595 3483 2670 sicut
3526 2617 3651 2676 re-
3735 2593 3935 2644 futura.

2110 2713 2443 2812 quiritur
2474 2715 2565 2786 ad
2612 2713 3191 2806 beatitudinem,
3229 2712 3413 2808 quia
3443 2734 3652 2785 nunc

2109 2840 2223 2904 est
2292 2829 2542 2904 visum
2620 2828 3132 2924 aenigmatice,
3211 2837 3389 2902 tunc
3468 2850 3654 2901 vero

2111 2949 2345 3039 clare,
2393 2947 2561 3021 ideo
2595 2955 2845 3045 potest
2874 2946 3126 3020 fruitio
3161 2969 3368 3019 nunc
3401 2943 3660 3020 differ-

2112 3087 2194 3138 re
2263 3087 2307 3137 a
2374 3062 2734 3137 fruitione
2802 3070 2985 3136 tunc
3054 3062 3333 3159 spec-ie,
3385 3085 3658 3159 quam-

2114 3204 2346 3280 quam
2413 3180 2510 3254 sit
2567 3180 2832 3255 eadem
2924 3179 3259 3254 charitas
3333 3203 3659 3255 numero

2114 3320 2323 3370 nunc
2387 3305 2462 3370 et
2517 3304 2726 3382 tunc,
2790 3305 2951 3370 esto
3008 3295 3212 3392 quod
3274 3295 3371 3370 sit
3428 3319 3664 3370 causa

2117 3412 2566 3513 principalis
2631 3412 3060 3510 utriusque.
3119 3411 3316 3498 Quia
3374 3412 3662 3510 princi-

2119 3529 2271 3630 pali
2319 3539 2591 3626 agente
2645 3528 3016 3603 existente
3077 3528 3376 3622 eodem,
3431 3552 3665 3604 causa

2120 3646 2461 3722 secunda
2501 3669 2637 3742 per
2686 3668 2767 3719 se
2817 3644 3140 3738 variata,
3178 3652 3429 3743 potest
3477 3644 3667 3720 efl‘e-

2121 3773 2289 3839 ctus
2357 3762 2633 3838 variari
2714 3761 3000 3859 specie,
3074 3772 3149 3837 et
3235 3763 3663 3838 secundum

2123 3881 2311 3954 illud
2346 3888 2594 3978 potest
2650 3878 2934 3953 salvari
2975 3878 3167 3952 illud
3227 3902 3666 3965 commune,

2124 3996 2329 4095 quod
2364 4019 2586 4069 omne
2626 3994 2829 4069 illud
2856 3994 3224 4093 perquod
3249 3995 3671 4092 perfectius

2125 4111 2481 4187 convenit
2510 4135 2682 4184 cam
2717 4109 3164 4207 imperfecto
3176 4167 3195 4204 ,
3240 4117 3352 4185 est
3379 4111 3674 4208 imper-

2123 4229 2401 4326 fectius
2424 4227 2795 4325 perfecte,
2832 4250 3059 4324 quam.
3093 4250 3239 4325 quo
3274 4224 3535 4324 differt
3579 4227 3670 4302 ab

2125 4345 2602 4442 imperfecto.
2652 4343 2870 4429 Quod
2906 4352 3161 4417 tamen
3221 4342 3527 4418 difficile
3559 4353 3675 4418 est

2127 4462 2455 4553 salvare,
2492 4459 2557 4534 si
2603 4458 2860 4533 fruitio
2904 4481 3114 4532 nunc
3157 4466 3231 4533 et
3260 4468 3443 4534 tunc
3492 4469 3675 4534 sunt

2128 4576 2474 4673 ejusdem
2517 4574 2830 4673 speciei,
2877 4573 3320 4650 differentes
3370 4584 3669 4651 tantum

2128 4693 2554 4768 secundum
2615 4691 2860 4788 magis
2902 4692 3349 4789 perfectum,
3404 4702 3476 4768 et
3529 4693 3675 4766 mi-

2130 4832 2278 4881 nus
2365 4807 2814 4905 perfectum,
2887 4806 3071 4902 quia
3162 4815 3346 4882 tunc
3416 4808 3671 4884 fruitio

2128 4926 2259 4999 illa
2299 4923 2658 4999 convenit
2710 4947 2885 4997 cum
2944 4922 3088 4998 ista
3155 4923 3231 4997 in
3293 4927 3667 5023 quolibet,

2129 5053 2645 5141 praeterquam
2702 5041 2775 5114 in
2840 5040 3167 5134 visione,
3205 5054 3279 5117 et
3319 5044 3449 5119 illa
3482 5046 3673 5119 frui-

2129 5159 2235 5234 tio
2280 5167 2394 5234 est
2428 5158 2829 5257 perfectior
2873 5158 3058 5251 ista3
3096 5158 3330 5255 igitur
3370 5161 3672 5237 videtur

2130 5276 2334 5373 quod
2372 5275 2562 5349 visio
2596 5274 2692 5348 sit
2732 5273 2916 5370 quid
2954 5276 3364 5371 perfectius
3405 5278 3481 5350 in
3524 5280 3670 5353 ista

2134 5391 2519 5484 fruitione,
2558 5415 2731 5465 cum
2776 5390 3025 5463 solum
3069 5389 3143 5462 in
3200 5393 3341 5465 hoc
3374 5392 3669 5469 differat
3729 5412 3987 5463 voluntas

2132 5506 2227 5580 ab
2262 5505 2431 5600 ista,
2477 5531 2653 5605 quae
2694 5515 2807 5580 est
2849 5505 3274 5602 perfectior.
3314 5508 3449 5582 Vel
3494 5507 3671 5586 sus·
3699 5474 4023 5589 eti’ggt‘issciii-

2132 5623 2452 5699 tinendo
2493 5624 2699 5722 quod
2742 5622 3122 5719 obiectum
3177 5648 3327 5698 non
3382 5637 3493 5701 est
3543 5630 3671 5703 ali·
3760 5613 3962 5728 ,ζῗὲἶῗ
