4295 6326
160 644 412 699 sumitur,

164 704 250 753 vel
280 718 417 767 qua-

164 767 415 829 drupliei-

232 833 333 881 ter.

1397 440 1621 512 DIST.
1674 441 1898 511 XXII.
1950 441 2367 521 QUAESTIO
2418 444 2714 511 UNICA.

475 608 876 683 versaliter
942 635 1079 708 pro
1141 613 1517 712 principio
1587 615 2012 712 potentiali,

477 745 628 795 non
711 730 1250 805 con'cernendo
1330 733 1526 805 hanc
1606 733 1722 806 vel
1806 732 2009 807 illam

476 844 902 939 materiam,
966 857 1039 921 et
1106 848 1214 922 sic
1292 850 1492 947 capit
1576 852 2008 943 materiam,

473 979 645 1031 cum
700 961 882 1035 dicit
955 966 1160 1060 quod
1245 968 1544 1041 auferre
1618 968 2008 1043 materiam

470 1096 516 1145 a
582 1073 840 1171 rehuS,
912 1080 1392 1177 superfluum
1468 1092 1607 1156 est.
1681 1086 1770 1159 Et
1840 1085 2009 1161 ideo

469 1194 836 1287 parabola
876 1196 967 1270 de
1001 1198 1344 1293 animali,
1391 1222 1620 1296 quam
1691 1224 2010 1278 consue-

464 1318 640 1383 veat
728 1311 1083 1388 Socrates
1163 1315 1412 1389 minor
1487 1316 1770 1413 dicere,
1849 1343 2002 1392 non

464 1423 661 1499 bene
694 1450 772 1501 se
815 1429 1071 1520 habet,
1121 1432 1296 1504 facit
1363 1433 1567 1506 enim
1628 1435 2005 1533 suspicari

461 1540 683 1636 quasi
720 1544 1180 1641 contingens
1221 1548 1318 1621 sit
1377 1550 1771 1626 hominem
1833 1576 2000 1626 esse

457 1657 622 1733 sine
664 1662 1039 1757 partibuS,
1086 1665 1284 1740 sicut
1340 1667 1506 1742 sine
1556 1692 1709 1743 aere
1752 1669 2003 1744 circu-

453 1775 644 1870 lum,
680 1787 754 1852 et
780 1779 889 1853 sic
921 1782 1240 1858 materia
1269 1785 1597 1882 pertinet
1637 1788 1728 1862 ad
1771 1789 2000 1885 quid-

450 1892 764 1969 ditatem
819 1896 1030 1973 illius
1057 1901 1262 1996 quod
1306 1901 1698 1977 definitur.
1757 1906 1998 1981 Aliter

450 2010 655 2084 enim
728 2014 1160 2091 substantia
1233 2021 1659 2116 composita
1724 2046 1996 2097 secun-

445 2124 632 2199 dum
704 2152 924 2203 suam
985 2134 1429 2228 essentiam,
1496 2147 1576 2209 ut
1661 2137 1862 2233 ignis
1920 2151 1995 2215 et

446 2265 675 2340 aqua,
713 2257 915 2320 esset
967 2248 1418 2347 simpliciter
1482 2253 1680 2328 sicut
1732 2259 1992 2353 Ange-

446 2358 594 2452 lus,
631 2371 706 2435 et
745 2364 975 2437 homo
1017 2364 1467 2464 simpliciter
1506 2369 1703 2444 sicut
1732 2375 1991 2469 Ange-

445 2475 566 2550 lus
608 2480 1034 2554 secundum
1079 2506 1299 2557 suam
1357 2488 1796 2563 essentiam.
1863 2491 1990 2566 Se-

445 2594 698 2666 cundo
770 2598 996 2671 modo
1059 2600 1434 2698 accipitur
1499 2607 1848 2700 materia,
1909 2617 1988 2682 ut

443 2711 925 2786 contrahitur
967 2717 1428 2815 proprietate
1497 2720 1980 2820 individuali,

444 2834 524 2897 ut
556 2849 731 2900 cum
764 2828 1069 2919 dicitur,
1109 2833 1274 2908 haec
1315 2836 1632 2911 materia
1663 2849 1776 2913 est
1808 2864 1985 2937 pars

441 2944 870 3040 compositi.
951 2947 1198 3023 Tertio
1282 2952 1503 3026 modo
1608 2955 1979 3053 accipitur

437 3065 792 3157 materia,
830 3076 910 3140 ut
940 3070 1419 3144 contrahitur
1485 3074 1983 3152 accidentali-

437 3187 578 3267 ter,
615 3183 736 3255 vel
780 3183 980 3258 sicut
1021 3210 1195 3283 pars
1238 3188 1636 3285 integralis
1704 3193 1983 3270 dicitur

438 3296 671 3392 hujus
722 3322 897 3396 pars
942 3303 1387 3398 materialiS,
1416 3314 1489 3381 et
1530 3309 1981 3386 semicircu-

439 3412 560 3487 lus
627 3439 805 3512 pars
881 3418 1175 3495 circuli.
1223 3422 1390 3496 Alio
1450 3425 1677 3498 modo
1733 3430 1979 3525 magis

440 3530 1012 3608 accidentaliter
1069 3536 1347 3612 dicitur
1450 3541 1738 3638 aliquid
1808 3569 1975 3623 esse

440 3648 757 3722 materia
823 3652 1167 3746 alteriuS,
1228 3654 1305 3727 in
1380 3679 1532 3753 quo
1619 3668 1754 3744 est,
1804 3662 1978 3737 licet

436 3762 709 3836 accidit
740 3765 882 3838 sibi
937 3790 1105 3842 esse
1177 3769 1248 3842 in
1325 3771 1481 3865 illc,
1528 3783 1603 3847 et
1642 3799 1794 3849 non
1840 3779 1977 3854 de-

435 3880 793 3956 terminat
830 3884 973 3958 sibi
1016 3885 1234 3981 illud,
1284 3891 1707 3965 secundum
1766 3897 1971 3991 quod

433 3995 536 4069 ibi
609 3997 880 4074 litterae
949 4026 1173 4078 aereae
1259 4007 1379 4080 vel
1455 4031 1698 4083 cereae
1793 4024 1973 4087 sunt

435 4115 753 4191 materia
819 4120 1165 4216 syllabae,
1218 4131 1291 4195 et
1368 4135 1618 4221 partes
1704 4127 1968 4205 circuli

431 4231 710 4327 ligneae
772 4236 889 4308 vel
933 4261 1183 4312 aereae.
1227 4240 1546 4338 Propter
1587 4244 1730 4318 hoc
1785 4270 1967 4342 ergo

429 4349 632 4446 quod
713 4350 1225 4429 diversimode
1290 4373 1679 4456 comparat
1738 4373 1970 4439 mate-

428 4465 616 4539 riam
659 4467 753 4540 ad
795 4468 1254 4565 subjectum,
1310 4483 1382 4546 et
1449 4474 1540 4548 ad
1598 4478 1961 4575 speciem,

426 4594 499 4657 et
531 4586 994 4685 quandoque
1042 4612 1193 4662 uno
1271 4592 1525 4685 modo,
1583 4603 1655 4667 et
1714 4618 1967 4692 quan-

425 4699 679 4796 doque
789 4703 975 4788 alio,
1094 4706 1562 4804 quandoque
1686 4711 1963 4785 dicitur

424 4816 630 4911 quod
673 4820 994 4893 materia
1055 4822 1506 4917 pertinetad
1576 4826 1964 4922 quiddita-

420 4941 605 5026 tem,
650 4944 725 5008 et
765 4937 1229 5033 quandoque
1292 4963 1474 5034 non,
1520 4942 1716 5015 sicut
1758 4955 1962 5040 patet

419 5051 828 5147 diligenter
877 5054 1201 5130 intuenti
1270 5057 1457 5132 illud
1536 5061 1957 5160 capitulum

419 5169 843 5242 secundum
891 5171 1112 5245 modo
1154 5171 1380 5247 dicta.

935 5347 1298 5403 SCHOLlUM
1341 5349 1428 5404 lv.

485 5469 664 5526 Solvit
694 5477 1040 5543 argumenta
1071 5473 1257 5543 posita
1282 5490 1441 5530 num.
1467 5476 1519 5530 2.
1553 5477 1606 5531 3.
1649 5482 1706 5534 ct
1736 5479 1787 5533 4.
1826 5497 1950 5548 pro·

413 5558 614 5615 bantiu
646 5562 946 5615 materiam
984 5578 1096 5616 non
1130 5578 1259 5618 esse
1287 5563 1356 5619 de
1387 5564 1725 5635 quidditate,
1777 5585 1947 5638 expo·

417 5650 606 5706 nendo
640 5651 785 5709 mira
815 5651 1128 5709 subtilitate
1159 5654 1313 5710 varia
1346 5654 1468 5713 loca
1502 5656 1859 5732 Philosophi.

3539 445 3666 512 427

2228 615 2338 687 Ad
2373 615 2705 711 primum
2742 641 2921 712 ergo
2956 629 3495 714 argumentum
3531 642 3665 715 pro
3818 639 3922 705 15,

3724 726 3801 775 Ad
3836 732 3876 776 ¹.
3906 741 3985 777 ra·

2128 729 2279 804 alia
2318 730 2708 828 opinione,
2745 732 3057 829 quando
3117 732 3395 806 dicitur
3462 732 3664 829 quod
3743 790 3944 839 „onem

2128 843 2447 918 materia
2485 855 2623 934 est,
2670 868 2823 942 qua
2886 871 3006 921 res
3048 855 3292 944 potest
3361 870 3527 921 esse
3596 855 3666 919 et
3699 853 4013 978 ⁰32⁰ssg¹g⁰ff

2126 984 2280 1034 non
2324 985 2518 1055 esse,
2565 972 2960 1037 ostensum
3024 975 3137 1039 est
3187 964 3389 1061 quod
3476 963 3664 1037 ratio
3940 953 3952 965 '

2121 1078 2510 1152 concludit
2541 1081 3003 1177 oppositum.
3043 1082 3366 1179 Propter
3406 1091 3658 1154 tamen

2120 1196 2625 1272 intentionem
2670 1199 3119 1298 Philosophi
3201 1198 3656 1296 respondeO,

2118 1315 2323 1411 quod
2366 1316 2860 1413 corruptibile
2913 1325 3159 1417 potest
3226 1317 3477 1391 dicere
3520 1340 3662 1415 po-

2114 1431 2428 1504 tentiam
2478 1442 2844 1506 remotam
2889 1433 2983 1506 ad
3044 1432 3653 1531 corruptionem,

2113 1547 2234 1619 vel
2279 1547 2693 1644 potentiam
2766 1548 3274 1646 propinquam
3316 1576 3335 1641 3
3381 1548 3442 1620 si
3525 1573 3659 1644 po-

2112 1663 2429 1737 tentiam
2493 1674 2893 1758 remotam,
2940 1665 3046 1739 sic
3107 1665 3309 1763 iguis
3386 1676 3503 1740 est
3578 1664 3652 1737 in

2110 1777 2454 1875 potentia
2520 1779 2613 1852 ad
2710 1781 3311 1878 corruptionem,
3380 1789 3454 1854 et
3547 1781 3655 1854 sic

2110 1894 2254 1968 hoc
2287 1905 2399 1968 est
2439 1918 2574 1992 per
2604 1919 2712 1969 se.
2752 1896 3109 1971 Secundo
3166 1896 3390 1971 modo
3452 1898 3653 1994 ignis

2105 2017 2220 2083 est
2259 2010 2820 2108 corruptibilis;
2858 2012 2966 2087 sic
3007 2012 3189 2086 dicit
3230 2013 3648 2111 potentiam

2104 2133 2647 2229 propinquam,
2721 2133 2785 2206 si
2915 2132 3411 2230 corruptibile
3491 2158 3641 2210 non

2100 2247 2302 2322 inest
2336 2249 2595 2343 alicui,
2642 2249 2789 2323 nisi
2847 2250 2943 2324 sit
2982 2251 3411 2326 substantia
3440 2277 3645 2327 com-

2099 2365 2347 2462 posita
2404 2366 2763 2440 existens.
2827 2368 3021 2440 Nam
3087 2368 3489 2443 existentia
3530 2365 3991 2469 estMfflffieS}

3672 2442 3774 2491 qua
3800 2443 3967 2493 respo

2096 2481 2434 2556 conditio
2477 2484 2912 2558 necessaria
2944 2484 3033 2559 ad
3072 2486 3216 2559 hoc
3257 2486 3461 2582 quod
3497 2487 3643 2560 ali-
3675 2496 3971 2606 ottegggegg

2095 2600 2279 2698 quid
2323 2600 2417 2673 sit
2454 2602 2829 2676 terminus
2907 2628 2953 2677 α
3018 2628 3162 2700 quo
3222 2605 3645 2703 corruptio-
3704 2631 3970 2731 effiiffilpo·

2094 2717 2244 2811 nis,
2280 2716 2874 2793 sicutterminus
2905 2720 3008 2793 ad
3056 2744 3280 2817 quem
3329 2746 3643 2817 genera·
3900 2718 3912 2730 '

2093 2831 2369 2925 tionis3
2408 2832 2516 2907 sic
2560 2834 2875 2908 materia
2930 2845 3069 2927 est,
3116 2858 3270 2932 qua
3326 2859 3448 2910 res
3514 2861 3642 2933 po-

2092 2957 2237 3021 test
2278 2971 2444 3023 esse
2487 2960 2561 3023 et
2599 2973 2754 3023 non
2833 2973 3030 3043 esse,
3069 2960 3149 3026 ut
3219 2963 3332 3026 est
3391 2952 3464 3026 in
3500 2952 3634 3026 tali

2090 3067 2435 3165 subjecto
2470 3067 2577 3142 sic
2622 3078 2931 3166 accepto
2975 3070 3400 3144 secundum
3446 3094 3635 3144 con-

2091 3185 2457 3261 ditionem
2545 3186 3001 3281 existentiae,
3057 3197 3130 3263 et
3232 3187 3340 3262 sic
3434 3188 3640 3287 qnod

2088 3301 2280 3398 qaid
2342 3308 2451 3375 esc
2508 3325 2649 3376 nec
2728 3313 2842 3376 est
2944 3303 3415 3398 generabile,
3486 3327 3631 3378 nec

2086 3418 2611 3515 corruptibile.
2682 3417 2902 3492 Unde
2962 3418 3053 3492 de
3116 3419 3436 3493 materia
3484 3418 3629 3493 isto

2091 3530 2313 3619 modo
2347 3531 2547 3605 dicta
2587 3532 2928 3628 loquitur
2977 3531 3497 3629 Philosophus
3547 3533 3629 3606 in

2085 3647 2154 3717 7.
2192 3647 2534 3745 Metaplc.
2586 3648 2896 3745 quando
2961 3646 3143 3720 dicit
3207 3648 3411 3745 quod
3480 3660 3620 3741 est,

2082 3786 2237 3861 qua
2307 3788 2426 3838 res
2484 3773 2733 3862 potest
2800 3787 2968 3838 esse
3036 3772 3109 3837 et
3202 3789 3356 3838 non
3427 3789 3623 3852 esse,

2081 3883 2266 3979 quia
2326 3882 2436 3956 sic
2511 3882 2605 3956 ad
2687 3880 3195 3956 intentionem
3301 3883 3629 3980 pertinet

2081 3997 2364 4072 ibidem
2396 3997 2603 4096 loqui
2637 3997 2729 4070 de
2759 3997 3100 4090 materia,
3124 3997 3309 4094 quia
3341 3998 3627 4072 abeun-

2077 4115 2283 4188 tibus
2350 4114 2847 4189 sensibilibus
2920 4136 2966 4187 a
3040 4113 3619 4208 sensibus,non

2077 4240 2194 4305 est
2232 4241 2523 4305 certum
2570 4222 2794 4304 nohis
2853 4252 2949 4303 an
3013 4229 3178 4322 fuit,
3238 4231 3358 4304 vel
3430 4254 3615 4324 non,

2041 4341 2260 4445 'quia
2302 4347 2586 4421 habent
2639 4345 3063 4439 materiam,
3110 4369 3264 4443 qua
3295 4359 3622 4444 possunt

2075 4489 2243 4541 esse
2276 4474 2351 4540 et
2381 4488 2534 4538 non
2570 4488 2764 4539 esse.

2168 4584 2281 4657 Ad
2361 4583 2815 4675 secundum,
2898 4581 3207 4678 quando
3267 4583 3617 4679 arguitur

2072 4700 2278 4797 quod
2326 4699 2640 4773 materia
2680 4722 2832 4771 non
2876 4707 3123 4794 potest
3185 4722 3354 4773 esse
3397 4699 3614 4796 prin·
3733 4744 3878 4794 dum,

2069 4816 2358 4913 cipium
2392 4813 2934 4911 cognoscendi,
2969 4813 3151 4911 quia
3182 4816 3606 4890 secundum
3660 4805 3936 4922 offlffi‘i’g

2067 4955 2149 5005 se
2183 4942 2293 5006 est
2335 4933 2624 5026 ignota3
2699 4929 3111 5003 dicendum
3182 4930 3386 5026 quod
3450 4956 3612 5006 ma-
3643 4937 3725 4982 ‘²⁸²
3759 4934 3959 4996 ⁵8⁰0&

2065 5049 2284 5139 teria,
2325 5059 2406 5122 ut
2464 5059 2576 5121 est
2624 5047 2697 5119 in
2764 5047 3104 5143 potentia
3143 5047 3605 5146 propinqua,

2066 5188 2222 5262 qua
2262 5164 2549 5262 aliquid
2585 5164 2864 5237 dicitur
2893 5186 3062 5238 esse
3102 5173 3176 5238 et
3226 5189 3375 5238 non
3441 5191 3608 5242 esse

2064 5281 2606 5378 potentialiter,
2701 5302 2854 5352 non
2940 5288 3054 5352 est
3136 5278 3603 5376 principium

2062 5397 2607 5493 cognoscendi,
2640 5397 2824 5493 quia
2854 5396 2961 5470 sic
2995 5406 3108 5470 est
3137 5397 3601 5495 principium

2061 5515 2609 5610 contingentiae
2744 5524 2818 5588 et
2952 5514 3605 5590 indeterminatio-

2057 5639 2210 5727 niS,
2292 5643 2366 5707 et
2429 5632 2537 5707 sic
2632 5631 3155 5730 Philosophus
3260 5634 3603 5732 loquitur

3748 4593 3852 4660 16.

3651 4680 3726 4730 Ad
3763 4695 3966 4733 secuu-
