4295 6326
305 621 415 663 non
445 614 574 663 nunt

304 673 586 726 contraria.

335 2101 418 2153 Ad
449 2105 551 2154 ter·

293 2164 448 2216 tium.
475 2165 569 2216 De-

270 2226 485 2278 lectatio
501 2242 595 2279 ve-

271 2289 496 2341 hemens
509 2305 597 2341 ex·

272 2351 442 2403 cludit
476 2367 593 2405 om-

270 2427 399 2465 nem
432 2416 595 2468 tristi-

357 2476 509 2529 tiam.

635 426 766 496 366

635 599 884 675 solute
952 601 1410 696 contrariae,
1460 585 1552 678 ut
1592 603 1863 678 albedo
1915 611 1989 678 et
2053 601 2181 674 ni-

636 715 937 812 gred03
1006 718 1355 815 quaedam
1407 719 1750 808 relative,
1815 742 1990 817 quae
2058 718 2177 790 vi-

637 832 918 907 dentur
994 836 1405 930 contraria,
1449 878 1450 881 ¹
1491 844 1572 910 ut
1664 860 2033 932 magnum
2103 841 2176 910 et

633 973 1012 1047 parvum3
1059 951 1415 1047 quaedam
1460 952 1819 1029 videntur
1875 950 2178 1048 simpli-

632 1067 819 1143 citer
858 1066 1236 1162 absoluta,
1282 1081 1464 1143 sunt
1495 1079 1747 1145 tamen
1781 1068 2178 1144 includen-

632 1185 738 1281 tia
828 1196 1250 1284 respectus.
1305 1188 1730 1265 -Praeterea
1814 1189 2170 1287 quaedam

630 1325 787 1399 non
829 1313 1011 1378 sunt
1048 1303 1279 1378 simul
1338 1305 1417 1379 in
1494 1305 1790 1401 eodem,
1863 1307 2014 1381 alia
2067 1303 2172 1378 si-

633 1418 790 1491 mul
820 1428 1052 1515 stant,
1109 1421 1308 1497 sicut
1361 1422 1797 1519 ignorantia
1838 1420 2173 1521 disposi-

627 1533 860 1610 tionis
900 1535 994 1611 de
1042 1561 1202 1614 una
1231 1539 1754 1632 conclusione,
1800 1547 1874 1613 et
1915 1539 2170 1613 scien-

629 1649 731 1724 tia
813 1650 906 1726 de
980 1652 1157 1741 alia,
1231 1654 1431 1730 sicut
1520 1677 1777 1730 amare
1867 1676 2168 1729 summe

627 1789 898 1860 unum,
964 1777 1038 1843 et
1116 1770 1328 1846 odire
1383 1795 1682 1847 summe
1751 1770 1957 1846 aliud
2010 1793 2167 1845 non

626 1893 806 1958 sunt
885 1886 1297 1977 contraria,
1374 1887 1529 1963 imo
1616 1911 1855 1963 unum
1925 1885 2169 1962 oritur

625 2001 1016 2077 multoties
1046 2026 1140 2078 ex
1173 2005 1351 2079 alio.
1756 2071 1765 2080 .

719 2118 831 2192 Ad
864 2119 1102 2214 aliud,
1149 2120 1319 2195 dico
1361 2121 1566 2218 quod
1600 2121 1998 2197 delectatio
2031 2146 2168 2197 ve-

625 2236 946 2311 hemens
988 2238 1322 2312 excludit
1353 2261 1659 2313 omnem
1702 2239 2166 2314 contrariam

624 2351 1197 2453 contingentem
1271 2355 1650 2430 tristitiam
1737 2355 2167 2430 secundum

624 2470 1051 2573 naturalem
1120 2471 1696 2569 dispositionem
1769 2470 2159 2565 hominis;

622 2593 696 2659 et
753 2586 900 2660 hoc
941 2596 1252 2685 propter
1329 2588 1742 2685 hoc,-quod
1812 2587 2165 2686 superior

620 2699 998 2775 redundat
1043 2702 1120 2775 in
1164 2702 1632 2796 inferiorem,
1677 2704 1796 2777 vel
1853 2712 2164 2800 propter

617 2817 1042 2891 naturalem
1143 2818 1664 2915 colligantiam
1777 2820 2162 2916 potentia-

615 2956 816 3026 rum,
889 2935 1014 3021 vel
1092 2934 1276 3031 quia
1353 2958 1510 3009 una
1585 2960 1738 3009 non
1797 2945 2159 3034 operatur

613 3048 1081 3123 contrarium
1120 3051 1369 3146 alteri,
1407 3052 1715 3149 quando
1749 3061 1862 3127 est
1910 3051 1985 3125 in
2021 3051 2159 3125 de-

616 3156 1020 3241 lectatione
1108 3169 1579 3244 vehementi.
1617 3169 1766 3245 Sed
1822 3168 1931 3244 sic
1989 3193 2144 3243 non

615 3281 758 3355 fuit
807 3283 1068 3358 anima
1141 3285 1450 3381 Christi,
1495 3296 1569 3362 et
1626 3289 1771 3361 hoc
1833 3287 1973 3362 fuit
2019 3311 2157 3386 per

610 3397 1099 3495 miraculum,
1139 3401 1291 3477 imo
1333 3403 1785 3478 miraculum
1825 3402 1960 3479 tuit
1988 3429 2154 3480 ma-

606 3538 872 3610 gnum,
945 3518 1150 3614 quod
1212 3543 1387 3594 cum
1460 3521 1896 3595 vehementi
1965 3521 2154 3595 frui-

603 3632 812 3708 tione
838 3635 1087 3732 potuit
1119 3647 1319 3714 stare
1366 3641 1791 3715 vehemens
1850 3639 2152 3715 tristitia

606 3748 984 3834 in‘eadem
1038 3755 1404 3851 potentia,
1472 3755 1645 3830 licet
1686 3755 1976 3831 ratione
2035 3757 2152 3830 al-

602 3863 869 3940 terius.
917 3867 1009 3940 Et
1078 3868 1432 3944 similiter
1492 3871 1694 3968 quod
1748 3870 2145 3946 delectatio

602 3980 678 4053 in
749 3982 1093 4079 potentia
1157 3985 1533 4083 superiori
1622 4011 1925 4061 summa
1991 4011 2145 4061 non

601 4096 1073 4198 impediebat
1104 4100 1443 4176 dolorem
1480 4102 1870 4178 intensum
1913 4103 1986 4176 in
2023 4127 2151 4201 po-

602 4214 846 4289 tentia
886 4213 1260 4291 inferiori.

1926 406 1932 411 ’
2015 425 2258 497 mam
2306 426 2426 535 111.

2388 600 2497 675 Ad
2533 600 2770 696 aliud,
2807 600 2976 676 dico
3010 601 3215 700 quod
3247 602 3369 677 vel
3416 599 3662 698 major
3694 596 3833 672 tuit
3983 617 4086 685 12,

2290 718 2691 795 delectatio
2778 742 3011 817 quam
3087 718 3423 806 tristitia,
3506 726 3579 791 et
3643 726 3828 789 tunc
3879 731 3957 782 Ad
3990 746 4154 797 quar-

3950 798 4082 845 tum.

2289 837 2533 934 magis
2574 836 3037 913 dilatabatur
3067 859 3222 925 cor,
3267 837 3390 910 vel
3418 844 3578 910 esto
3622 832 3827 932 quod
3857 855 4182 970 {afflugi-

2287 937 2418 1027 illa
2483 962 2740 1028 essent
2796 952 3150 1051 oequalia,
3204 975 3344 1027 nec
3440 949 3826 1026 constrin-
3856 982 4179 1034 velrestrin-

2285 1083 2618 1165 geretur,
2671 1095 2814 1146 nec
2881 1070 3353 1146 dilataretur.
3429 1069 3648 1144 Unde
3708 1045 4181 1182 ea·ssffi?,}ff?3‘

2284 1187 2456 1262 dem
2501 1188 2691 1264 ratio
2767 1189 3263 1265 concluderet
3328 1186 3534 1285 quod
3594 1187 3823 1260 homo
3859 1183 4135 1234 ⁹⁸⁸⁸¹⁰¹¹‘·

2285 1325 2438 1378 non
2510 1314 2769 1404 posset
2825 1305 3055 1380 simul
3117 1305 3453 1403 gaudere
3522 1311 3593 1378 et
3648 1300 3823 1375 tris-

2282 1421 2425 1494 tari
2493 1422 2585 1497 de
2675 1420 3001 1497 diversis
3068 1421 3386 1518 objectis
3468 1420 3542 1492 in
3608 1419 3822 1494 nullo

2281 1510 2553 1631 gradu.

2378 1652 2489 1727 Ad
2509 1655 3000 1730 auctoritates
3028 1653 3121 1728 ad
3146 1652 3612 1751 oppositum,
3653 1649 3821 1725 dico
3852 1630 3951 1745 ,22
3980 1634 4174 1760 {2⁰33

2281 1772 2486 1868 quod
2529 1797 2768 1847 unum
2796 1771 3296 1847 concludunt.
3885 1759 4142 1821 ⁹⁰⁸³‘⁰m·

2376 1889 2491 1963 Ad
2545 1889 2872 1988 primam
2924 1889 3329 1981 rationem,
3402 1886 3571 1960 dico
3615 1885 3820 1983 quod
3850 1872 4175 1988 Ρῑζῑξξξξξζθ

2281 2028 2436 2079 non
2508 2006 2916 2104 sequitur:
2989 2004 3338 2079 Christus
3396 2002 3673 2076 meruit
3739 2001 3816 2073 in
3850 1996 3919 2112 ᾗ
3946 2002 4173 2114 3393.

2278 2125 2693 2226 passione3
2748 2122 2982 2220 igitur
3038 2121 3473 2220 patiebatur
3552 2119 3628 2190 in
3699 2142 3820 2223 su·
3976 2127 4040 2174 ri·

2278 2241 2561 2343 periori
2630 2239 3003 2341 portione,
3067 2239 3276 2336 quia'}
3323 2245 3574 2335 potest
3650 2258 3817 2310 esse

2277 2358 2633 2435 meritum
2694 2357 2770 2430 in
2805 2354 3155 2454 portione
3223 2350 3564 2427 inferiori
3633 2351 3815 2424 dum

2275 2472 2672 2552 descendit
2710 2496 2755 2547 a
2781 2469 3187 2569 superiori.

2371 2592 2484 2665 Ad
2552 2589 2789 2682 aliud,
2870 2610 3023 2661 non
3081 2585 3431 2683 sequitur
3493 2608 3508 2658 :
3573 2583 3812 2657 Adam

2274 2707 2618 2807 peccavit
2661 2705 2742 2780 in
2770 2703 3116 2804 portione
3167 2701 3543 2800 superiori
3582 2728 3601 2794 3
3668 2699 3814 2795 igi-

2272 2834 2397 2897 tur
2477 2822 2913 2920 redemptor
2979 2819 3224 2919 potuit
3307 2817 3410 2891 ibi
3495 2816 3804 2909 tristari,

2271 2937 2455 3036 quia
2504 2936 2812 3034 quando
2881 2933 3358 3011 satisfaciens
3414 2941 3528 3006 est
3578 2930 3808 3004 nobi-

2271 3055 2438 3147 lior,
2476 3053 2732 3152 passio
2780 3052 2854 3126 in
2926 3050 3269 3126 inferiori
3299 3057 3558 3150 posset
3603 3047 3807 3123 redi-

2270 3195 2477 3247 mere
2561 3170 3001 3270 passionem
3103 3167 3623 3243 inordinatam
3727 3165 3801 3238 in

2267 3289 2616 3387 portione
2681 3285 3059 3385 superiori
3162 3283 3604 3383 peccantis3
3671 3282 3809 3359 sed

2266 3405 2713 3504 accipiendo
2752 3403 3137 3477 Christum
3182 3400 3609 3476 secundum
3659 3399 3812 3496 ple-

2265 3522 2692 3597 nitudinem
2755 3520 3049 3617 gratiae,
3132 3519 3351 3593 dolor
3415 3517 3805 3591 excellens

2264 3638 2689 3712 secundum
2759 3645 3042 3710 tactum
3103 3634 3502 3709 excederet
3576 3630 3806 3704 tristi-

2262 3755 2445 3828 tiam
2489 3754 2561 3827 in
2616 3750 2966 3850 portione
3022 3747 3398 3848 superiori
3475 3747 3661 3822 Adae
3694 3747 3805 3819 in-

2264 3881 2637 3969 quantum
2672 3878 3027 3967 peccator
3069 3895 3088 3962 ;
3133 3867 3311 3941 licet
3341 3864 3574 3961 igitur
3613 3886 3802 3938 con-

2259 3987 2505 4063 clusio
2552 3988 2650 4062 sit
2682 4010 2890 4080 vera,
2937 4010 3090 4061 non
3148 3995 3402 4061 tamen
3452 3981 3803 4080 sequitur

2260 4131 2354 4183 ex
2397 4106 2906 4184 antecedenti.
