4295 6326
382 805 459 856 Ad
489 803 591 876 pri·

326 883 473 921 mum
485 879 630 932 prm·

388 930 583 993 eipate.

345 996 631 1045 Character

352 1056 634 1108 Circumci-

327 1121 495 1171 nionis
526 1132 650 1179 qua-

327 1184 445 1235 liter
473 1182 650 1232 differt

360 1261 392 1297 a
420 1246 633 1296 charac-

360 1314 471 1359 tere
501 1310 629 1372 Bap-

399 1372 539 1424 tismi
560 1374 584 1422 ?

361 3371 484 3420 Alia
520 3384 628 3444 res·

382 3447 590 3497 ponem.

340 4193 418 4245 Ad
446 4202 634 4239 secun·

431 4255 579 4305 dum.

376 5259 455 5307 Ad
509 5263 609 5308 ter·

427 5323 577 5373 tium.

667 385 796 454 644

672 562 933 651 fertur,
1009 559 1158 634 nisi
1227 559 1322 633 sit
1417 557 2051 655 impedimentum
2136 553 2212 627 in

674 677 1140 776 suscipiente
1170 706 1187 771 ;
1216 686 1427 774 ergo,
1474 687 1616 751 etc.

770 795 883 868 Ad
918 794 1252 869 rationes
1284 793 1747 891 principales
1794 791 1869 863 in
1905 789 2220 886 opposi—

675 919 867 984 tum.
956 910 1070 984 Ad
1136 909 1460 1007 primam
1521 918 1768 1007 potest
1845 905 1989 979 dici
2065 929 2217 977 uno

680 1028 903 1100 modo
939 1026 1291 1122 negando
1338 1026 1828 1116 antecedens,
1902 1022 2104 1118 quod
2140 1021 2214 1093 in

678 1146 1277 1221 Circumcisione
1373 1169 1527 1218 non
1635 1143 2221 1242 imprimebatur

678 1265 1097 1356 character,
1172 1261 1355 1358 quia
1409 1261 1514 1335 ibi
1587 1270 1833 1358 potest
1903 1255 2217 1331 concedi

676 1378 1079 1477 impressio
1139 1377 1629 1453 characteris.
1706 1379 1795 1450 Et
1862 1374 1956 1449 ad
2034 1398 2217 1471 pro-

675 1497 1091 1588 bationem,
1150 1505 1280 1569 aut
1321 1504 1435 1569 est
1487 1493 1826 1590 ejusdem
1902 1490 2220 1565 rationis

674 1638 845 1689 cum
889 1614 1359 1704 charactere,
1415 1611 1547 1708 qui
1627 1608 2094 1708 imprimitur
2142 1608 2216 1679 in

674 1730 1096 1829 BaptismO,
1146 1738 1278 1802 aut
1334 1727 1714 1802 alterius?
1765 1727 2023 1799 Potest
2072 1724 2216 1796 dici

678 1848 883 1947 quod
927 1846 1241 1922 alterius
1289 1845 1635 1939 rationis,
1682 1855 1756 1919 et
1796 1852 2041 1942 potest
2072 1840 2217 1914 dici

680 1962 886 2062 quod
918 1961 1152 2037 unius
1181 1961 1500 2036 rationis
1534 1961 1705 2034 duat
1750 1966 2072 2058 possunt
2112 1981 2223 2030 cs-

681 2081 869 2156 sein
914 2080 1213 2174 eodem,
1254 2089 1334 2153 ut
1374 2081 1548 2153 duae
1590 2076 2100 2173 obligationes
2142 2074 2218 2146 in

679 2199 948 2274 eodem
1018 2221 1239 2271 servo
1317 2197 1408 2271 ad
1487 2194 1885 2269 dominum
1960 2216 2214 2267 suum.

677 2315 874 2408 Una,
912 2338 1046 2412 per
1079 2339 1310 2412 quam
1362 2314 1710 2388 absolute
1763 2310 2223 2386 adscribitur

680 2431 991 2506 familiae
1046 2455 1237 2523 suae,
1306 2440 1379 2504 et
1419 2430 1568 2503 alia
1635 2428 2018 2527 specialiS,
2087 2449 2222 2524 per

682 2572 913 2647 quam
950 2548 1095 2622 sibi
1129 2549 1238 2622 sic
1272 2548 1758 2640 adscribitur,
1797 2557 1879 2620 ut
1909 2547 1981 2617 in
2020 2554 2218 2619 statu

680 2663 1021 2738 militari.
1062 2664 1186 2738 Sic
1231 2663 1304 2735 in
1377 2664 1644 2738 eadem
1723 2663 1982 2737 anima
2042 2685 2222 2758 pos-

677 2790 859 2856 sunt
933 2802 1100 2854 esse
1157 2779 1331 2854 dua}
1401 2779 2052 2876 configurationes
2127 2777 2220 2851 ad

677 2899 921 2973 Deum
993 2896 1335 2994 ejusdcm
1409 2896 1753 2990 rationiS,
1836 2919 1971 2994 per
2028 2918 2222 2991 quas

677 3014 1171 3110 cognoscitur
1218 3038 1385 3088 esse
1429 3013 1521 3086 de
1566 3013 1851 3087 familia
1909 3009 2216 3085 Christi.

676 3134 791 3207 An
825 3141 1079 3205 autem
1122 3130 1275 3205 sint
1334 3130 1707 3205 absolutae
1751 3132 1871 3204 vcl
1918 3151 2224 3228 respec-

682 3248 860 3321 tivae
901 3246 1193 3320 dicetur
1250 3248 1330 3320 in
1374 3247 1795 3345 quaestione
1851 3245 2218 3343 sequenti.

783 3363 1020 3437 Aliter
1052 3372 1299 3460 potest
1339 3363 1485 3436 dici
1540 3363 1893 3458 negando
1950 3386 2227 3436 conse—

688 3480 1110 3580 quentiam,
1158 3489 1468 3577 propter
1500 3480 1873 3553 rationem
1918 3490 2224 3570 tactam,

692 3598 874 3697 quia
906 3599 997 3672 ad
1033 3597 1353 3672 formam
1409 3598 1820 3695 perfectam
1872 3596 2230 3693 congruit

692 3739 860 3791 esse
902 3714 1479 3811 dispositionem
1527 3713 1892 3811 praeviam
1930 3743 1947 3807 ;
1984 3713 2230 3809 gratia

689 3841 941 3907 autem
989 3830 1393 3929 perfectior
1431 3830 1656 3903 datur
1714 3829 1792 3902 in
1835 3829 2227 3926 Baptismo

691 3972 921 4046 quam
967 3947 1043 4019 in
1098 3945 1725 4039 Circumcisione,
1771 3946 2037 4020 etideo
2108 3968 2232 4019 re-

690 4062 925 4161 quirit
956 4061 1480 4159 perfectiorem
1517 4060 2125 4157 dispositionem.

786 4179 898 4253 Ad
932 4177 1168 4271 aliud,
1241 4177 1409 4250 dico
1452 4177 1657 4274 quod
1717 4201 1853 4274 por
1886 4179 2109 4251 tidem
2157 4189 2230 4252 ct

690 4297 1165 4385 charitatem,
1215 4318 1366 4367 non
1409 4294 1900 4368 constituitur
1942 4296 2014 4368 in
2060 4321 2229 4371 cor-

692 4429 761 4491 to
822 4417 1060 4512 gradu
1121 4413 1483 4489 Ecclesia»,
1544 4413 1963 4508 militantis,
2046 4416 2229 4511 quia

687 4534 818 4607 illa
849 4531 1191 4606 Ecclesia
1223 4555 1311 4604 ex
1347 4530 1568 4604 bonis
1602 4541 1674 4604 ct
1708 4532 1956 4625 malis,
1998 4532 2228 4627 justis

685 4659 758 4726 et
797 4649 1131 4745 injustis,
1206 4648 1619 4743 colligitur,
1685 4659 1758 4722 et
1824 4649 1994 4723 ideo
2074 4676 2227 4723 non

690 4765 1014 4863 requirit
1058 4763 1258 4862 qnod
1291 4764 1569 4838 habeat
1610 4764 1943 4861 aliquam
1983 4765 2233 4863 dispo-

686 4883 1042 4957 sitionem
1079 4881 1491 4979 prmviam3
1553 4883 1680 4955 sed
1729 4907 1862 4978 per
1928 4883 2229 4980 Baptis-

696 5025 901 5073 mum
957 4999 1444 5073 constituitur
1503 5001 1727 5072 hoino
1801 5001 2224 5074 nit-mbram

693 5116 1053 5191 Ecclesiae
1777 5204 1791 5219 .

788 5238 899 5311 Ad
944 5236 1175 5319 aliud,
1220 5234 1388 5309 dico
1424 5233 1627 5330 quod
1682 5237 2077 5309 character
2119 5246 2231 5310 est

696 5354 1151 5437 indelebilis,
1195 5352 1377 5448 quia
1418 5362 1528 5425 est
1584 5352 1824 5425 forma
1864 5376 2233 5450 superna-

694 5473 988 5559 turaliS,
1036 5481 1107 5545 et
1153 5472 1411 5542 multa}
1453 5469 1623 5543 aliie
1680 5471 2012 5544 rationes
2050 5473 2233 5545 assi-

693 5599 1056 5685 gnantur,
1134 5610 1462 5683 quarum
1525 5588 1735 5661 nulla
1812 5587 2224 5681 concludit,

2044 374 2280 443 LIBRI
2337 375 2449 440 tv.

2324 553 2508 650 quia
2538 553 2789 627 omnis
2833 554 3074 630 forma
3113 553 3721 653 supernaturalis
3761 554 3867 628 si·
3922 571 4045 642 ,Qua
4072 588 4141 624 m-

2327 680 2454 744 cut
2487 681 2600 744 est
2641 671 3078 745 immediate
3122 696 3167 746 a
3206 672 3396 765 Dec,
3455 672 3558 746 ita
3591 672 3867 746 imme-
3897 640 4189 751 333¹&

2325 788 2524 861 diate
2567 788 2997 862 voluntarie
3044 790 3136 862 ab
3202 812 3290 863 eo
3333 799 3862 881 conservatur,
3897 769 4070 876 ᾓῗῑῗῗζ
4095 763 4170 876 {f

2326 906 2509 1003 quia
2566 905 2824 1005 suum]
2867 931 3158 981 creasse
3226 932 3381 981 non
3460 888 4188 982 necessitatindfflbflss·

2331 1025 2579 1121 ipsum
2613 1024 2702 1098 ad
2743 1025 2930 1098 illud
2988 1026 3632 1119 conservandum,
3686 1026 3873 1123 quia

2328 1144 2524 1217 sicut
2590 1143 3127 1239 contingenter
3229 1147 3373 1217 hoc
3469 1155 3700 1237 creat,
3767 1144 3872 1216 ita

2329 1260 2861 1356 contingenter
2928 1271 3375 1355 conservat,
3445 1286 3626 1356 ergo
3674 1261 3873 1336 sicut

2328 1379 2570 1452 forma
2602 1379 3209 1477 supernaturalis
3241 1388 3354 1454 est
3411 1403 3455 1453 a
3515 1381 3675 1455 Deo
3730 1380 3873 1452 im-

2331 1496 2675 1583 mediate,
2731 1496 3292 1594 itaimmediate
3351 1508 3464 1571 est
3520 1497 3872 1572 delebilis

2328 1612 2647 1710 abipso.
2697 1615 2826 1686 Est
2861 1636 3042 1709 crgo
3099 1616 3495 1688 character
3548 1614 3715 1689 idco
3748 1615 3874 1687 in—

2329 1729 2703 1817 delebitis,
2754 1754 2901 1803 non
2935 1730 3118 1828 quia
3159 1754 3311 1804 non
3350 1731 3586 1827 possit
3630 1731 3870 1805 deleri

2329 1850 2704 1941 absolute,
2751 1848 2884 1922 sed
2931 1849 3115 1945 quia
3154 1871 3550 1945 nunquam
3624 1872 3667 1922 a
3709 1849 3869 1923 Deo

2329 1966 2729 2060 delebitur,
2763 1966 2947 2062 quia
3005 1966 3269 2041 statuit
3301 1965 3501 2040 istud
3564 1988 3730 2039 esse
3773 1966 3872 2039 si-

2330 2107 2564 2178 gnum
2601 2082 3039 2175 indelebile,
3083 2105 3223 2156 nec
3256 2092 3371 2156 est
3418 2081 3650 2177 hujus
3718 2082 3872 2156 alia

2330 2222 2588 2291 causa,
2630 2198 2775 2272 nisi
2807 2201 3168 2273 voluntas
3203 2222 3367 2272 sua.
3417 2198 3626 2271 Deus
3658 2198 3868 2271 enim

2330 2316 2588 2390 statuit
2647 2316 2851 2412 quod
2917 2318 3215 2389 nullum
3278 2316 3867 2413 supernaturale

2331 2428 2407 2502 in
2433 2431 2655 2505 nobis
2687 2432 3000 2523 deleret,
3048 2431 3191 2505 nisi
3227 2455 3363 2528 per
3393 2454 3702 2504 causam
3748 2429 3874 2504 de-

2335 2548 2829 2641 meritoriam,
2875 2548 3071 2621 sicut
3127 2548 3330 2621 delet
3380 2547 3704 2621 virtutes
3746 2547 3873 2618 in—

2333 2667 2538 2740 fusas
2612 2676 2921 2764 propter
3014 2674 3409 2763 peccatum
3517 2666 3862 2738 mortale.

2331 2785 2741 2857 Character
2780 2793 3031 2856 autem
3080 2783 3380 2856 nullum
3431 2781 3870 2880 oppositum
3905 2782 4187 2894 (ξῖξξθέιξξξ

2331 2902 2558 2974 habet
2622 2899 3133 2993 demeritorie,
3195 2900 3315 2973 vel
3384 2922 3693 2973 causam
3740 2899 3874 2971 de-
3951 2918 4171 3021 ffigffig

2334 3018 2833 3110 meritoriam,
2894 3017 3075 3115 quia
3124 3025 3270 3091 stat
3339 3041 3514 3090 cum
3558 3025 3870 3114 peccato
4178 3009 4186 3018 ⁴

2336 3136 2630 3209 mortali
2667 3165 2684 3229 3
2722 3160 2902 3232 ergo
2945 3145 3058 3211 est
3088 3134 3404 3210 omnino
3438 3132 3877 3209 indelebilis

2337 3278 2425 3328 ex
2479 3253 2958 3328 institutione
3000 3253 3288 3346 divina,
3351 3262 3425 3326 et
3485 3276 3638 3325 non
3695 3250 3882 3348 quia

2336 3380 2448 3445 est
2497 3372 2934 3445 absolutum
3013 3370 3086 3441 in
3152 3392 3432 3464 genere
3501 3368 3885 3442 Substan-

2338 3489 2465 3563 tia}
2508 3490 2622 3563 vel
2671 3487 3112 3562 accidentis.

2861 3804 3222 3862 SCllOLlUM
3267 3804 3362 3859 111.

2409 3962 2588 4018 Solvit
2642 3978 2744 4032 per
2798 3960 3070 4032 optimam
3133 3960 3459 4015 doctrinam
3518 3967 3889 4029 argumenta,

2337 4050 2846 4122 quaeincipiunta
2908 4065 3068 4104 num.
3127 4049 3179 4102 3.
3241 4053 3445 4102 contra
3488 4046 3883 4101 characterem

2317 4130 2668 4194 *militantia
2720 4137 2864 4192 Vide
2920 4154 3048 4192 eum
3104 4137 3174 4192 dc
3234 4137 3323 4192 his
3386 4135 3574 4191 fusius
3608 4137 3664 4191 in
3696 4136 3880 4191 Oxus».

2338 4231 2542 4296 (ineest.
2575 4227 2627 4281 9.
2663 4242 2694 4279 a
2727 4242 2891 4280 num.
2928 4225 3015 4279 Π.

2337 4414 2351 4423 ’
2435 4420 2540 4492 Ad
2584 4419 2902 4514 primam
2951 4420 3322 4492 rationem
3391 4419 3666 4515 prioris
3707 4420 3882 4515 opi-
4041 4452 4142 4513 12·

2339 4536 2616 4620 nionis,
2678 4535 2984 4631 quando
3041 4534 3220 4608 dicit
3287 4536 3489 4631 quod
3559 4536 3632 4607 in
3704 4537 3879 4610 aliis
3943 4565 4033 4613 Aa
4075 4566 4174 4627 pri·

2339 4652 2831 4728 sanctificatis
2894 4652 3308 4726 formaliter
3374 4652 3561 4725 nihil
3623 4640 4221 4749 inip1·i-,2¹.¹,¹„¹{¹g},1²{,'1}‚

2342 4772 2598 4863 mitur,
2663 4795 2843 4863 crgo
2899 4793 3036 4842 nec
3104 4768 3175 4840 in
3240 4780 3681 4842 consecrato
3743 4752 4200 4877 μυνεξῗζυῖξξξξ

2345 4887 2861 4984 Baptismum3
2929 4909 3122 4976 nego
3212 4886 3873 4982 consequentiam,
3913 4878 4210 4993 ,ffl‘ssffgfssfl

2341 5003 2520 5099 quia
2553 5003 2697 5075 alia
2741 5011 3211 5090 consecrata,
3267 5002 3463 5075 sicut
3510 5026 3657 5074 non
3695 5015 3876 5073 sunt

2340 5120 2650 5218 capacia
2681 5119 3104 5193 sanctitatis
3136 5119 3577 5211 formaliter,
3605 5129 3683 5192 ut
3711 5144 3881 5213 gra-

2339 5237 2464 5309 tiae
2507 5237 2626 5309 vel
2663 5235 2989 5328 virtutiS,
3026 5234 3130 5307 ita
3164 5259 3301 5310 nec
3351 5234 3878 5332 dispositionis
3948 5243 4206 5304 Quarein

3905 5306 4232 5357 consecratis

2340 5354 2432 5428 ad
2466 5354 2941 5427 sanctitatem
2982 5353 3371 5426 formalem
3412 5362 3488 5427 ut
3519 5353 3873 5447 gratiam,
3909 5371 4035 5445 nme
4069 5370 4230 5475 abiu·i

2340 5471 2472 5544 scd
2508 5470 2764 5544 anima
2807 5480 2918 5544 est
2950 5493 3188 5568 capax
3244 5469 3644 5566 utriusque
3678 5493 3879 5566 quo·
3908 5432 4211 5558 uiffissrinu'ti'f

2340 5590 2512 5665 dam
2566 5589 2860 5681 ordine,
2932 5599 3002 5664 et
3081 5589 3249 5663 idco
3331 5589 3498 5663 licet
3557 5588 3876 5685 recipiat
4022 5566 4135 5608 “¹''
