4295 6326
1438 417 1667 485 DIST.
1717 414 1910 483 xm.
1959 410 2380 494 QUAESTto
2426 413 2550 483 111.

3511 418 3639 486 335

435 588 618 687 quia
680 590 757 664 in
803 616 956 666 uno
1000 613 1372 689 processu
1414 588 1853 688 proceditur
1891 586 1982 662 ad
2092 607 2431 678 currere,
2476 594 2556 659 tu
2598 595 2814 683 potes
2856 587 3175 682 moveri,
3215 612 3367 663 non
3411 589 3638 663 dehet
3694 676 3699 681 ¹

431 707 859 802 materiam,
932 708 1006 781 in
1080 708 1230 782 alio
1317 707 1408 781 ad
1498 706 1824 779 formam
1912 712 1986 778 et
2093 701 2239 775 hoc
2306 702 2416 775 sic
2472 702 2655 801 poni
2719 703 2792 776 in
2867 728 3077 780 esse:
3125 704 3205 779 Si
3275 715 3355 779 tu
3419 716 3636 803 potes

427 832 715 896 actum.
781 826 870 898 Et
925 824 1098 898 licet
1142 824 1287 898 ista
1363 822 1553 896 ratio
1599 820 1983 895 modicum
2090 839 2429 911 currere,
2501 828 2581 891 tu
2655 820 3013 911 moveris,
3088 820 3271 919 quia
3327 831 3639 896 antece-

426 939 703 1032 valeat,
781 940 963 1014 dicit
1037 951 1294 1014 tamen
1391 962 1622 1013 unam
1700 938 1979 1011 bonam
2089 933 2282 1007 dens
2315 943 2426 1009 est
2457 936 3008 1030 necessarium,
3046 960 3221 1011 cum
3257 939 3422 1013 haec
3464 961 3638 1012 con-

428 1057 1030 1154 propositionem
1108 1058 1312 1155 quod
1372 1080 1642 1132 omnes
1708 1064 1973 1153 poten-

2086 1047 2476 1126 ditionalis
2516 1051 2612 1126 sit
2643 1053 3081 1129 necessaria
3116 1078 3132 1129 ε
3182 1054 3262 1129 Si
3303 1065 3381 1128 tu
3418 1063 3635 1153 potes

434 1171 590 1265 tiae,
662 1195 839 1270 quae
900 1182 1082 1248 sunt
1136 1173 1229 1248 ad
1289 1174 1612 1247 formam
1672 1193 1982 1270 perma-
2086 1188 2423 1261 currere,
2479 1177 2553 1242 tu
2596 1180 2813 1267 potes
2857 1172 3174 1247 moveri.
3221 1172 3417 1245 Illud
3459 1196 3634 1245 con-

429 1297 770 1383 nentem,
848 1301 1030 1364 sunt
1101 1288 1331 1362 unius
1414 1286 1780 1389 potentiae
1838 1287 1977 1362 de-
2085 1304 2421 1379 sequens
2451 1294 2565 1359 est
2604 1286 3131 1384 impossibile:
3179 1287 3260 1362 Si
3303 1299 3378 1362 tu
3414 1298 3630 1386 potes

430 1413 897 1479 monstratae.
977 1404 1430 1502 Oppositum
1508 1413 1624 1478 est
1702 1425 1974 1477 verum

429 1520 507 1593 in
551 1520 901 1596 discretis
959 1532 1033 1596 ει
1098 1521 1174 1594 in
1233 1520 1720 1613 successivis,
1782 1518 1975 1616 quia

423 1638 766 1735 potentia
796 1661 970 1736 quae
1013 1648 1127 1713 est
1183 1638 1277 1712 ad
1319 1648 1573 1712 actum
1632 1635 1972 1734 permix-

421 1765 613 1850 tum,
663 1757 1003 1854 potentia
1053 1780 1204 1830 non
1261 1765 1375 1831 est
1426 1779 1579 1831 una
1623 1755 1973 1831 demons-

420 1884 620 1950 trata
682 1903 701 1969 ;
790 1877 923 1951 sed
1010 1876 1379 1974 quaelibet
1456 1875 1797 1973 potentia
1874 1874 1967 1949 ad

420 1992 872 2068 charitatem
962 1993 1196 2067 simul
1300 1993 1432 2067 illo
1519 1993 1759 2089 gradu
1847 1993 1967 2066 vel

423 2109 556 2183 illo
643 2118 758 2184 est
827 2132 1002 2207 pars
1090 2109 1320 2184 unius
1404 2107 1770 2206 potentiae
1832 2108 1969 2182 de-

423 2235 889 2315 monstratae,
950 2249 1125 2301 cum
1190 2226 1525 2300 charitas
1584 2226 1680 2300 sit
1724 2226 1969 2300 forma

419 2362 941 2436 permanens3
1025 2339 1261 2435 igitur
1330 2349 1623 2437 quanta
1687 2349 1802 2414 est
1886 2338 1963 2412 in

416 2453 758 2551 potentia
788 2454 1207 2540 causativa,
1248 2463 1498 2552 potest
1527 2454 1756 2529 simul
1796 2476 1964 2529 esse

413 2580 588 2645 actu
634 2572 717 2644 in
779 2571 1076 2646 eodem.

511 2686 683 2760 Alia
740 2686 932 2762 ratio
1010 2686 1428 2784 oppo'nitur
1482 2710 1499 2761 :
1582 2689 1964 2773 Quantam

415 2803 872 2877 charitatem
912 2804 1125 2877 Deus
1177 2813 1426 2903 potest
1473 2825 1762 2897 creare,
1808 2812 1968 2877 tan-

416 2930 570 2996 tam
641 2932 889 3019 potest
956 2945 1244 3016 creare,
1310 2923 1771 3019 (subJectum
1842 2920 1966 2995 in-

416 3038 663 3113 cludit
722 3037 1305 3137 p1·aedicatum);
1350 3038 1586 3135 igitur
1634 3047 1966 3136 ponatur

415 3154 493 3228 in
537 3179 719 3242 esse,
761 3162 1128 3253 quantam
1172 3140 1422 3254 potest
1460 3177 1749 3249 creare,
1795 3165 1966 3229 tan-

415 3285 567 3350 tam
635 3283 901 3363 creat;
975 3274 1209 3371 igitur
1266 3273 1330 3348 si
1396 3284 1646 3374 potest
1703 3297 1962 3350 creare

418 3392 832 3487 infinitam,
878 3403 1210 3491 ponatur
1247 3393 1326 3467 in
1360 3417 1518 3468 esse
1549 3394 1752 3492 quod
1787 3404 1958 3468 actu

422 3518 688 3585 causet
753 3507 1134 3583 infinitam
1171 3537 1190 3602 ;
1228 3511 1372 3583 hoc
1431 3519 1546 3585 est
1605 3510 1963 3608 impossi-

412 3628 596 3722 hile,
686 3628 871 3725 quia
961 3627 1319 3717 maxima,
1388 3651 1623 3726 quam
1715 3637 1963 3727 potest

420 3729 713 3837 creare,
749 3753 998 3841 potest
1042 3767 1209 3818 esse
1259 3743 1489 3817 simul
1530 3744 1611 3817 in
1653 3743 1952 3819 effectu.

516 3859 663 3934 Sed
705 3859 849 3933 ista
893 3859 1081 3933 ratio
1139 3883 1291 3933 non
1347 3860 1763 3953 concludit,
1811 3861 1955 3934 nisi

417 3997 510 4048 ex
551 3974 937 4049 evidentia
999 3975 1278 4072 prioris
1312 3975 1655 4066 rationis,
1719 3997 1962 4072 quan-

418 4096 515 4167 do
609 4115 879 4167 omnes
973 4092 1335 4190 potentiae
1428 4102 1613 4168 sunt
1706 4103 1959 4191 partes

421 4208 651 4283 unius
716 4208 1078 4307 potentiae
1133 4209 1702 4297 demonstratae,
1777 4210 1960 4308 quia

414 4327 505 4399 de
549 4334 890 4423 tempore
933 4336 1006 4400 et
1065 4348 1387 4400 numero
1436 4350 1591 4401 non
1651 4327 1958 4400 conclu-

416 4444 524 4516 dit
597 4442 743 4517 ista
821 4442 1036 4530 rati0,
1128 4442 1311 4540 quia
1403 4466 1577 4516 cum
1646 4442 1951 4537 dicitur,

416 4565 778 4659 quantam
827 4565 1099 4656 potest,
1160 4568 1302 4632 etc.
1350 4558 1496 4633 ista
1542 4559 1957 4656 aequivalet

2082 1421 2421 1496 currere,
2487 1412 2564 1475 tu
2639 1404 2998 1479 moveris.
3080 1413 3166 1479 Et
3252 1406 3425 1481 licet
3490 1429 3628 1503 po-

2081 1516 2318 1591 tentia
2388 1518 2739 1616 sequitur
2796 1520 2890 1594 ad
2961 1522 3406 1619 potentiam,
3471 1546 3626 1596 non

2079 1642 2335 1708 tamen
2402 1645 2619 1709 actus
2677 1638 3227 1734 consequentis
3281 1639 3630 1736 sequitur

2081 1748 2176 1821 ad
2218 1748 2429 1823 illam
2497 1751 2915 1849 potentiam
2957 1779 2974 1841 ;
3032 1754 3204 1828 ideo
3246 1754 3471 1829 dehet
3519 1754 3628 1829 sic

2076 1865 2261 1963 poni
2303 1866 2379 1940 in
2425 1891 2607 1954 esse,
2649 1868 2714 1943 si
2773 1878 2852 1944 tu
2906 1869 3184 1965 curriS,
3232 1881 3311 1946 tu
3367 1896 3629 1947 move-

2077 1979 2209 2069 riS‚
2280 1983 2638 2079 ponendo
2716 1984 2943 2060 simul
3023 1988 3486 2063 antecedens
3555 1997 3630 2062 et

2075 2120 2587 2195 consequens,
2654 2100 2734 2203 Si
2793 2088 2909 2176 est
2963 2102 3055 2177 de
3105 2103 3625 2179 conditionato

2075 2221 2414 2289 extremo
2457 2214 2591 2306 sic,
2626 2226 2991 2314 quantam
3034 2228 3284 2316 potest
3349 2222 3620 2316 facere,

2072 2336 2364 2402 tantam
2407 2340 2656 2427 potest
2714 2332 2990 2420 facere,
3040 2334 3226 2409 falsa
3279 2346 3418 2426 est,
3474 2338 3621 2412 nisi

2075 2442 2207 2517 ubi
2275 2453 2391 2518 est
2442 2469 2595 2520 una
2654 2447 3022 2544 potentia,
3086 2449 3197 2524 sic
3263 2451 3615 2545 dicendo,

2071 2566 2364 2634 tantam
2426 2571 2673 2659 potest
2722 2565 2997 2656 tacere,
3043 2564 3107 2641 si
3153 2574 3439 2641 tantam
3480 2594 3622 2667 po-

2074 2685 2220 2751 test
2279 2677 2551 2773 facere,
2598 2681 2781 2780 quia
2844 2684 2988 2758 hoc
3048 2684 3419 2760 asseritur
3476 2689 3615 2763 ab-

2070 2795 2349 2888 solute,
2411 2798 2619 2894 quod
2687 2808 2987 2874 tantum
3056 2810 3304 2901 potest
3369 2804 3617 2881 facere

2070 2909 2328 2985 simul.

2585 3174 2944 3235 SCHOLIUM
2982 3179 3079 3239 111.

2139 3326 2384 3384 Summa
2412 3328 2600 3400 gratia
2632 3335 2823 3402 potest
2852 3332 3029 3404 recipi
3063 3333 3123 3389 in
3154 3334 3353 3391 anima
3379 3336 3614 3395 Christi.

2068 3413 2178 3470 Pro
2209 3415 2592 3487 explicatione
2620 3416 2802 3488 hujus
2833 3419 3025 3490 rejicit
3053 3422 3240 3492 primo
3272 3426 3617 3483 auctoritate

2065 3508 2123 3559 et
2152 3504 2398 3574 ratione,
2431 3512 2764 3563 asserentes
2795 3509 3051 3565 animam
3094 3526 3224 3568 esse
3253 3529 3415 3583 aeque
3447 3515 3616 3571 nobi·

2066 3591 2179 3648 lem
2211 3593 2299 3650 vel
2350 3594 2694 3651 nobiliorem
2749 3596 2986 3670 ΔηςεΙο,
3038 3603 3097 3656 et
3148 3600 3233 3656 sic
3275 3602 3617 3673 receptivam

2072 3684 2311 3756 aequalis
2342 3702 2476 3742 cum
2508 3702 2573 3742 eo
2607 3689 2825 3760 gratiae.
2862 3689 3033 3760 ltem,
3065 3699 3396 3749 asserentes
3447 3711 3619 3766 capa·

2066 3777 2300 3831 citatem
2333 3776 2542 3833 animae
2573 3778 2773 3849 augeri
2804 3795 2907 3851 per
2939 3782 3215 3838 unionem
3237 3785 3305 3839 ad
3334 3783 3614 3854 Verbum,

2066 3866 2151 3922 vel
2190 3883 2291 3939 per
2321 3867 2609 3936 habitum,
2644 3869 2779 3940 quia
2827 3871 2939 3927 ista
2999 3889 3110 3928 non
3156 3874 3386 3930 solvunt
3436 3877 3618 3932 inten-

2065 3960 2214 4023 tum,
2250 3957 2392 4028 quin
2426 3956 2475 4012 si
2508 3963 2807 4030 ponantur
2840 3960 2895 4014 in
2947 3961 3191 4034 Angelo,
3241 3964 3340 4020 fiat
3374 3966 3615 4037 majoris

2064 4045 2406 4115 capacitatis
2439 4046 2508 4101 ad
2543 4047 2818 4118 gratiam.
2852 4050 3111 4120 Explicat
3144 4051 3290 4107 nihil
3324 4054 3414 4109 bic
3440 4054 3614 4111 inter-

2061 4133 2273 4198 venire,
2336 4151 2452 4205 quo
2512 4135 2783 4205 impediri
2844 4138 3028 4208 possit
3074 4139 3269 4197 anima
3321 4142 3533 4198 Christi
3575 4163 3610 4202 a

2063 4238 2296 4279 summa
2326 4224 2533 4296 gratia,
2571 4225 2707 4280 facit
2748 4226 2905 4299 quod
2950 4236 3160 4285 natura
3203 4230 3605 4289 beatificabilis

2061 4316 2118 4369 et
2146 4313 2337 4384 gratia
2367 4317 2508 4368 sunt
2537 4315 2726 4385 prima
2766 4321 3024 4372 extrema
3074 4319 3464 4391 proportionis
3513 4323 3601 4378 in-

2061 4408 2145 4455 ter
2176 4399 2587 4470 perfectionem
2623 4409 2674 4457 et
2708 4402 3061 4473 perfectibile
3089 4409 3558 4478 supernaturalia
3583 4426 3599 4477 ;

2059 4507 2192 4562 ergo
2242 4490 2487 4547 alterum
2549 4492 2776 4564 respicit
2823 4494 3066 4553 alterum
3108 4496 3169 4555 in
3227 4515 3602 4574 quocumque

2059 4581 2266 4651 gradu·

76 4668 354 4791 Oupfflffiff
421 4675 648 4749 huic:
699 4674 1122 4748 Silaniam
1168 4680 1423 4772 polest
1459 4698 1741 4760 creare,
1782 4681 1949 4750 tcm-

57 4791 383 4902 geussffiffi
413 4799 565 4867 tam
649 4795 903 4888 polest
984 4812 1245 4864 creare
1281 4817 1308 4873 ,·
1373 4799 1447 4864 ει
1506 4791 1638 4864 illa
1707 4800 1953 4888 potest
2158 4796 2513 4872 Secundo
2590 4798 2758 4873 dico
2836 4801 3040 4897 quod
3135 4802 3279 4879 ista
3350 4813 3596 4904 gratia
3745 4819 3850 4891 10.

54 4891 384 5039 X‡}?⁸21⁰533
414 4930 580 4983 esse
648 4905 1214 4999 conditionalis,
1263 4907 1379 4980 vel
1421 4907 1512 4981 de
1571 4907 1953 4983 conditio·
2059 4923 2307 5010 potest
2365 4913 2600 5012 recipi
2657 4914 2734 4987 in
2802 4916 3061 4992 anima
3117 4922 3423 5020 Christi,
3480 4939 3594 5005 ta-
3649 4935 3925 5050 Oguuffffigo

143 5041 317 5089 nitur·
414 5037 591 5100 nato
623 5036 998 5111 extremm
1025 5037 1099 5099 et
1129 5023 1193 5098 si
1234 5035 1348 5099 est
1377 5026 1944 5119 conditionali8‚

413 5166 594 5217 vera
632 5145 773 5236 est,
818 5141 1002 5240 quia
1054 5150 1346 5214 tantum
1388 5143 1617 5236 valet,
1671 5143 1732 5217 si
1781 5154 1951 5217 tan-

415 5269 560 5332 tam
646 5265 891 5356 potest
977 5257 1249 5350 lacere,
1324 5266 1613 5331 tantam
1701 5269 1949 5356 potest

408 5376 681 5468 lacere,
730 5384 804 5450 et
848 5385 1031 5448 tunc
1078 5397 1232 5447 non
1280 5374 1504 5449 debet
1546 5377 1728 5474 poni
1774 5401 1947 5452 con·

407 5513 740 5587 sequens
780 5491 858 5563 in
902 5513 1083 5573 esse,
1137 5498 1212 5564 et
1250 5492 1714 5568 antecedens
1752 5518 1939 5590 non,

405 5607 586 5706 quia
654 5608 717 5683 si
784 5607 894 5682 sic
950 5604 1365 5703 arguitur:
1442 5607 1519 5681 Si
1581 5620 1654 5683 tu
1725 5619 1941 5710 potes

2057 5052 2235 5103 men
2296 5053 2431 5127 per
2488 5053 2717 5127 quem
2762 5031 3073 5106 modum
3104 5035 3143 5107 Ῥ
3182 5038 3590 5123 difficultas
3619 5064 3793 5134 cratia
3834 5077 3923 5138 90,-

2055 5155 2195 5217 est.
2264 5145 2548 5218 Dicunt
2599 5146 2836 5244 aliqui
2897 5151 3101 5245 quod
3160 5157 3420 5235 anima
3478 5174 3591 5240 est
3622 5128 3919 5260 ²3¹A²nssi³fig¹1¹i¹

2053 5283 2277 5357 aeque
2319 5260 2599 5335 nobilis
2658 5285 2831 5335 cum
2872 5265 3165 5361 Angelo
3211 5288 3586 5369 quantum
3659 5249 3872 5301 cansa.

2053 5375 2146 5450 ad
2190 5385 2571 5466 naturam,
2619 5378 2886 5452 saltem
2929 5380 3020 5455 de
3062 5386 3321 5463 anima
3369 5395 3587 5469 Chri-

2051 5493 2175 5586 sti,
2221 5493 2595 5590 quidquid
2635 5495 2731 5567 sit
2787 5495 2881 5571 de
2936 5500 3106 5575 aliis
3146 5506 3578 5609 animabuS,

2049 5618 2123 5684 et
2199 5634 2334 5710 per
2405 5634 2888 5709 consequens
2940 5627 3188 5715 potest
3244 5629 3580 5726 recipere

3900 6083 3933 6226 51}
