<?xml version="1.0" encoding="UTF-8"?>
<!DOCTYPE html PUBLIC "-//W3C//DTD XHTML 1.0 Transitional//EN"
    "http://www.w3.org/TR/xhtml1/DTD/xhtml1-transitional.dtd">
<html xmlns="http://www.w3.org/1999/xhtml" xml:lang="en" lang="en">
 <head>
  <title>
</title>
<meta http-equiv="Content-Type" content="text/html;charset=utf-8" />
  <meta name='ocr-system' content='tesseract 3.04.00' />
  <meta name='ocr-capabilities' content='ocr_page ocr_carea ocr_par ocr_line ocrx_word'/>
</head>
<body>
  <div class='ocr_page' id='page_1' title='image "./joannisdunsscot00waddgoog_0078.png"; bbox 0 0 4295 6326; ppageno 0'>
   <div class='ocr_carea' id='block_1_1' title="bbox 713 420 798 510">
    <p class='ocr_par' dir='ltr' id='par_1_1' title="bbox 713 420 798 510">
     <span class='ocr_line' id='line_1_1' title="bbox 713 420 798 510; baseline -0.024 0"><span class='ocrx_word' id='word_1_1' title='bbox 713 420 798 510; x_wconf 70' lang='lat'>&#39;64</span> 
     </span>
    </p>
   </div>
   <div class='ocr_carea' id='block_1_2' title="bbox 2078 444 2455 519">
    <p class='ocr_par' dir='ltr' id='par_1_2' title="bbox 2078 444 2455 519">
     <span class='ocr_line' id='line_1_2' title="bbox 2078 444 2455 519; baseline 0.016 -6"><span class='ocrx_word' id='word_1_2' title='bbox 2078 444 2320 516; x_wconf 87' lang='lat' dir='ltr'>LIBRI</span> <span class='ocrx_word' id='word_1_3' title='bbox 2366 447 2455 519; x_wconf 89' lang='lat'>11.</span> 
     </span>
    </p>
   </div>
   <div class='ocr_carea' id='block_1_3' title="bbox 716 615 3914 721">
    <p class='ocr_par' dir='ltr' id='par_1_3' title="bbox 716 615 3914 721">
     <span class='ocr_line' id='line_1_3' title="bbox 716 615 3914 721; baseline 0.003 -33"><span class='ocrx_word' id='word_1_4' title='bbox 716 615 1434 689; x_wconf 85' lang='lat' dir='ltr'>substantialisnon</span> <span class='ocrx_word' id='word_1_5' title='bbox 1480 616 1827 711; x_wconf 90' lang='lat' dir='ltr'>remissa,</span> <span class='ocrx_word' id='word_1_6' title='bbox 1891 617 2258 714; x_wconf 81' lang='lat' dir='ltr'>qualitate</span> <span class='ocrx_word' id='word_1_7' title='bbox 2367 622 2794 697; x_wconf 89' lang='lat' dir='ltr'>secundum</span> <span class='ocrx_word' id='word_1_8' title='bbox 2865 647 2972 718; x_wconf 91' lang='lat' dir='ltr'>se,</span> <span class='ocrx_word' id='word_1_9' title='bbox 3037 648 3190 698; x_wconf 91' lang='lat' dir='ltr'>non</span> <span class='ocrx_word' id='word_1_10' title='bbox 3245 633 3499 698; x_wconf 89' lang='lat' dir='ltr'>tamen</span> <span class='ocrx_word' id='word_1_11' title='bbox 3568 629 3914 721; x_wconf 85' lang='lat' dir='ltr'>respectu</span> 
     </span>
    </p>
   </div>
   <div class='ocr_carea' id='block_1_4' title="bbox 344 732 2268 5622">
    <p class='ocr_par' dir='ltr' id='par_1_4' title="bbox 714 732 2266 1276">
     <span class='ocr_line' id='line_1_4' title="bbox 715 732 2255 828; baseline -0.001 -23"><span class='ocrx_word' id='word_1_12' title='bbox 715 733 1036 806; x_wconf 87' lang='lat' dir='ltr'>remissa</span> <span class='ocrx_word' id='word_1_13' title='bbox 1095 732 1519 806; x_wconf 88' lang='lat' dir='ltr'>secundum</span> <span class='ocrx_word' id='word_1_14' title='bbox 1603 756 1840 806; x_wconf 89' lang='lat' dir='ltr'>unum</span> <span class='ocrx_word' id='word_1_15' title='bbox 1902 733 2255 828; x_wconf 88' lang='lat' dir='ltr'>gradum,</span> 
     </span>
     <span class='ocr_line' id='line_1_5' title="bbox 714 850 2259 948; baseline 0 -24"><span class='ocrx_word' id='word_1_16' title='bbox 714 853 834 925; x_wconf 88' lang='lat' dir='ltr'>vel</span> <span class='ocrx_word' id='word_1_17' title='bbox 869 851 1086 939; x_wconf 81' lang='lat' dir='ltr'>duoS‚</span> <span class='ocrx_word' id='word_1_18' title='bbox 1124 851 1289 948; x_wconf 88' lang='lat' dir='ltr'>pari</span> <span class='ocrx_word' id='word_1_19' title='bbox 1324 850 1615 925; x_wconf 91' lang='lat' dir='ltr'>ratione</span> <span class='ocrx_word' id='word_1_20' title='bbox 1668 851 1892 925; x_wconf 90' lang='lat' dir='ltr'>etiam</span> <span class='ocrx_word' id='word_1_21' title='bbox 1942 850 2259 924; x_wconf 84' lang='lat' dir='ltr'>remisso</span> 
     </span>
     <span class='ocr_line' id='line_1_6' title="bbox 718 966 2259 1065; baseline -0.001 -24"><span class='ocrx_word' id='word_1_22' title='bbox 718 968 865 1041; x_wconf 92' lang='lat' dir='ltr'>alio</span> <span class='ocrx_word' id='word_1_23' title='bbox 944 966 1215 1063; x_wconf 90' lang='lat' dir='ltr'>gradu,</span> <span class='ocrx_word' id='word_1_24' title='bbox 1292 975 1366 1041; x_wconf 91' lang='lat' dir='ltr'>et</span> <span class='ocrx_word' id='word_1_25' title='bbox 1451 967 1559 1041; x_wconf 89' lang='lat' dir='ltr'>sic</span> <span class='ocrx_word' id='word_1_26' title='bbox 1642 975 1798 1041; x_wconf 90' lang='lat' dir='ltr'>tota</span> <span class='ocrx_word' id='word_1_27' title='bbox 1893 967 2259 1065; x_wconf 80' lang='lat' dir='ltr'>qualitate</span> 
     </span>
     <span class='ocr_line' id='line_1_7' title="bbox 715 1082 2266 1181; baseline -0.003 -22"><span class='ocrx_word' id='word_1_28' title='bbox 715 1094 1074 1181; x_wconf 90' lang='lat' dir='ltr'>corrupta</span> <span class='ocrx_word' id='word_1_29' title='bbox 1113 1083 1500 1170; x_wconf 91' lang='lat' dir='ltr'>elementi,</span> <span class='ocrx_word' id='word_1_30' title='bbox 1538 1092 1795 1181; x_wconf 92' lang='lat' dir='ltr'>posset</span> <span class='ocrx_word' id='word_1_31' title='bbox 1835 1082 2266 1158; x_wconf 88' lang='lat' dir='ltr'>substantia</span> 
     </span>
     <span class='ocr_line' id='line_1_8' title="bbox 719 1200 1450 1276; baseline -0.004 0"><span class='ocrx_word' id='word_1_32' title='bbox 719 1200 1077 1276; x_wconf 91' lang='lat' dir='ltr'>elementi</span> <span class='ocrx_word' id='word_1_33' title='bbox 1114 1223 1450 1276; x_wconf 90' lang='lat' dir='ltr'>manere.</span> 
     </span>
    </p>

    <p class='ocr_par' dir='ltr' id='par_1_5' title="bbox 372 1316 2267 1434">
     <span class='ocr_line' id='line_1_9' title="bbox 372 1316 2267 1434; baseline -0.001 -43"><span class='ocrx_word' id='word_1_34' title='bbox 372 1316 660 1434; x_wconf 49' lang='lat' dir='ltr'>co‘ffssffi·</span> <span class='ocrx_word' id='word_1_35' title='bbox 818 1317 993 1391; x_wconf 88' lang='lat' dir='ltr'>Ideo</span> <span class='ocrx_word' id='word_1_36' title='bbox 1028 1317 1209 1391; x_wconf 91' lang='lat' dir='ltr'>dicit</span> <span class='ocrx_word' id='word_1_37' title='bbox 1262 1317 1468 1414; x_wconf 92' lang='lat' dir='ltr'>quod</span> <span class='ocrx_word' id='word_1_38' title='bbox 1525 1326 1839 1392; x_wconf 88' lang='lat' dir='ltr'>manent</span> <span class='ocrx_word' id='word_1_39' title='bbox 1883 1317 2267 1392; x_wconf 88' lang='lat' dir='ltr'>elementa</span> 
     </span>
    </p>

    <p class='ocr_par' dir='ltr' id='par_1_6' title="bbox 419 1432 2268 1886">
     <span class='ocr_line' id='line_1_10' title="bbox 419 1432 2266 1509; baseline -0.002 -2"><span class='ocrx_word' id='word_1_40' title='bbox 419 1442 623 1496; x_wconf 69' lang='lat' dir='ltr'>tutoris·</span> <span class='ocrx_word' id='word_1_41' title='bbox 719 1433 1040 1509; x_wconf 90' lang='lat' dir='ltr'>remissa</span> <span class='ocrx_word' id='word_1_42' title='bbox 1076 1434 1504 1509; x_wconf 90' lang='lat' dir='ltr'>secundum</span> <span class='ocrx_word' id='word_1_43' title='bbox 1568 1434 1851 1507; x_wconf 84' lang='lat' dir='ltr'>formas</span> <span class='ocrx_word' id='word_1_44' title='bbox 1906 1432 2266 1507; x_wconf 89' lang='lat' dir='ltr'>acciden-</span> 
     </span>
     <span class='ocr_line' id='line_1_11' title="bbox 718 1552 2268 1649; baseline -0.002 -21"><span class='ocrx_word' id='word_1_45' title='bbox 718 1555 909 1628; x_wconf 90' lang='lat' dir='ltr'>tales</span> <span class='ocrx_word' id='word_1_46' title='bbox 941 1561 1013 1628; x_wconf 89' lang='lat' dir='ltr'>et</span> <span class='ocrx_word' id='word_1_47' title='bbox 1054 1554 1621 1628; x_wconf 80' lang='lat' dir='ltr'>substantiales.</span> <span class='ocrx_word' id='word_1_48' title='bbox 1678 1554 1824 1626; x_wconf 88' lang='lat' dir='ltr'>Pro</span> <span class='ocrx_word' id='word_1_49' title='bbox 1884 1576 1965 1627; x_wconf 90' lang='lat' dir='ltr'>se</span> <span class='ocrx_word' id='word_1_50' title='bbox 2013 1552 2268 1649; x_wconf 87' lang='lat' dir='ltr'>arguit</span> 
     </span>
     <span class='ocr_line' id='line_1_12' title="bbox 718 1669 2265 1769; baseline -0.001 -26"><span class='ocrx_word' id='word_1_51' title='bbox 718 1671 993 1769; x_wconf 82' lang='lat' dir='ltr'>primO,</span> <span class='ocrx_word' id='word_1_52' title='bbox 1031 1669 1214 1767; x_wconf 91' lang='lat' dir='ltr'>quia</span> <span class='ocrx_word' id='word_1_53' title='bbox 1245 1672 1710 1745; x_wconf 88' lang='lat' dir='ltr'>elementum</span> <span class='ocrx_word' id='word_1_54' title='bbox 1759 1679 1898 1762; x_wconf 92' lang='lat' dir='ltr'>est,</span> <span class='ocrx_word' id='word_1_55' title='bbox 1969 1693 2060 1744; x_wconf 88' lang='lat' dir='ltr'>ex</span> <span class='ocrx_word' id='word_1_56' title='bbox 2110 1692 2265 1766; x_wconf 92' lang='lat' dir='ltr'>quo</span> 
     </span>
     <span class='ocr_line' id='line_1_13' title="bbox 718 1788 2064 1886; baseline -0.003 -23"><span class='ocrx_word' id='word_1_57' title='bbox 718 1789 1205 1886; x_wconf 81' lang='lat' dir='ltr'>componitur</span> <span class='ocrx_word' id='word_1_58' title='bbox 1243 1812 1390 1881; x_wconf 83' lang='lat' dir='ltr'>reS,</span> <span class='ocrx_word' id='word_1_59' title='bbox 1437 1798 1510 1863; x_wconf 93' lang='lat' dir='ltr'>et</span> <span class='ocrx_word' id='word_1_60' title='bbox 1552 1797 1807 1862; x_wconf 89' lang='lat' dir='ltr'>manet</span> <span class='ocrx_word' id='word_1_61' title='bbox 1836 1788 1914 1860; x_wconf 92' lang='lat' dir='ltr'>in</span> <span class='ocrx_word' id='word_1_62' title='bbox 1963 1811 2064 1861; x_wconf 90' lang='lat' dir='ltr'>re.</span> 
     </span>
    </p>

    <p class='ocr_par' dir='ltr' id='par_1_7' title="bbox 722 1901 2266 2120">
     <span class='ocr_line' id='line_1_14' title="bbox 815 1901 2264 2002; baseline -0.003 -23"><span class='ocrx_word' id='word_1_63' title='bbox 815 1905 1201 1998; x_wconf 79' lang='lat' dir='ltr'>SecundO,</span> <span class='ocrx_word' id='word_1_64' title='bbox 1256 1905 1477 1979; x_wconf 89' lang='lat' dir='ltr'>aliter</span> <span class='ocrx_word' id='word_1_65' title='bbox 1533 1913 1989 2002; x_wconf 80' lang='lat' dir='ltr'>sequeretur</span> <span class='ocrx_word' id='word_1_66' title='bbox 2059 1901 2264 2000; x_wconf 91' lang='lat' dir='ltr'>quod</span> 
     </span>
     <span class='ocr_line' id='line_1_15' title="bbox 722 2022 2266 2120; baseline -0.001 -25"><span class='ocrx_word' id='word_1_67' title='bbox 722 2023 1036 2097; x_wconf 90' lang='lat' dir='ltr'>materia</span> <span class='ocrx_word' id='word_1_68' title='bbox 1137 2023 1384 2120; x_wconf 90' lang='lat' dir='ltr'>prima</span> <span class='ocrx_word' id='word_1_69' title='bbox 1507 2022 1876 2119; x_wconf 91' lang='lat' dir='ltr'>reciperet</span> <span class='ocrx_word' id='word_1_70' title='bbox 1996 2043 2266 2094; x_wconf 90' lang='lat' dir='ltr'>omnes</span> 
     </span>
    </p>

    <p class='ocr_par' dir='ltr' id='par_1_8' title="bbox 664 2142 2268 2473">
     <span class='ocr_line' id='line_1_16' title="bbox 664 2142 2266 2235; baseline -0.002 -19"><span class='ocrx_word' id='word_1_71' title='bbox 664 2176 669 2181; x_wconf 87' lang='lat'><em>·</em></span> <span class='ocrx_word' id='word_1_72' title='bbox 715 2143 999 2217; x_wconf 85' lang='lat' dir='ltr'>formas</span> <span class='ocrx_word' id='word_1_73' title='bbox 1035 2142 1499 2235; x_wconf 85' lang='lat' dir='ltr'>immediate,</span> <span class='ocrx_word' id='word_1_74' title='bbox 1538 2151 1610 2216; x_wconf 91' lang='lat' dir='ltr'>et</span> <span class='ocrx_word' id='word_1_75' title='bbox 1639 2150 1821 2216; x_wconf 90' lang='lat' dir='ltr'>tunc</span> <span class='ocrx_word' id='word_1_76' title='bbox 1866 2164 2022 2214; x_wconf 90' lang='lat' dir='ltr'>non</span> <span class='ocrx_word' id='word_1_77' title='bbox 2064 2148 2266 2215; x_wconf 89' lang='lat' dir='ltr'>esset</span> 
     </span>
     <span class='ocr_line' id='line_1_17' title="bbox 715 2257 2268 2333; baseline -0.003 0"><span class='ocrx_word' id='word_1_78' title='bbox 715 2260 901 2333; x_wconf 90' lang='lat' dir='ltr'>ordo</span> <span class='ocrx_word' id='word_1_79' title='bbox 944 2259 1142 2332; x_wconf 89' lang='lat' dir='ltr'>inter</span> <span class='ocrx_word' id='word_1_80' title='bbox 1183 2259 1465 2332; x_wconf 85' lang='lat' dir='ltr'>formas</span> <span class='ocrx_word' id='word_1_81' title='bbox 1518 2257 2065 2332; x_wconf 87' lang='lat' dir='ltr'>substantiales</span> <span class='ocrx_word' id='word_1_82' title='bbox 2118 2278 2268 2330; x_wconf 88' lang='lat' dir='ltr'>res-</span> 
     </span>
     <span class='ocr_line' id='line_1_18' title="bbox 715 2373 1343 2473; baseline -0.008 -22"><span class='ocrx_word' id='word_1_83' title='bbox 715 2384 937 2473; x_wconf 89' lang='lat' dir='ltr'>pectu</span> <span class='ocrx_word' id='word_1_84' title='bbox 978 2373 1343 2449; x_wconf 56' lang='lat' dir='ltr'>materiae.</span> 
     </span>
    </p>

    <p class='ocr_par' dir='ltr' id='par_1_9' title="bbox 362 2489 2266 2620">
     <span class='ocr_line' id='line_1_19' title="bbox 362 2489 2266 2620; baseline -0.005 -49"><span class='ocrx_word' id='word_1_85' title='bbox 362 2505 686 2620; x_wconf 51' lang='lat' dir='ltr'>„ssg’i‘gffgffi</span> <span class='ocrx_word' id='word_1_86' title='bbox 813 2493 1094 2566; x_wconf 88' lang='lat' dir='ltr'>Contra</span> <span class='ocrx_word' id='word_1_87' title='bbox 1161 2515 1241 2566; x_wconf 91' lang='lat' dir='ltr'>se</span> <span class='ocrx_word' id='word_1_88' title='bbox 1311 2489 1559 2587; x_wconf 91' lang='lat' dir='ltr'>arguit</span> <span class='ocrx_word' id='word_1_89' title='bbox 1610 2489 2042 2588; x_wconf 83' lang='lat' dir='ltr'>dupliciter,</span> <span class='ocrx_word' id='word_1_90' title='bbox 2104 2489 2266 2587; x_wconf 89' lang='lat' dir='ltr'>pri-</span> 
     </span>
    </p>

    <p class='ocr_par' dir='ltr' id='par_1_10' title="bbox 362 2609 2263 3520">
     <span class='ocr_line' id='line_1_20' title="bbox 362 2609 2259 2686; baseline 0.001 -4"><span class='ocrx_word' id='word_1_91' title='bbox 362 2634 677 2683; x_wconf 67' lang='lat' dir='ltr'>Avorroem.</span> <span class='ocrx_word' id='word_1_92' title='bbox 718 2637 839 2685; x_wconf 92' lang='lat' dir='ltr'>mo</span> <span class='ocrx_word' id='word_1_93' title='bbox 860 2611 968 2685; x_wconf 87' lang='lat' dir='ltr'>sic</span> <span class='ocrx_word' id='word_1_94' title='bbox 1007 2636 1021 2686; x_wconf 89' lang='lat'>:</span> <span class='ocrx_word' id='word_1_95' title='bbox 1054 2612 1326 2685; x_wconf 87' lang='lat' dir='ltr'>Forma</span> <span class='ocrx_word' id='word_1_96' title='bbox 1358 2609 1780 2685; x_wconf 82' lang='lat' dir='ltr'>adveniens</span> <span class='ocrx_word' id='word_1_97' title='bbox 1809 2609 1960 2685; x_wconf 88' lang='lat' dir='ltr'>enti</span> <span class='ocrx_word' id='word_1_98' title='bbox 1986 2609 2063 2683; x_wconf 92' lang='lat' dir='ltr'>in</span> <span class='ocrx_word' id='word_1_99' title='bbox 2089 2617 2259 2683; x_wconf 91' lang='lat' dir='ltr'>actu</span> 
     </span>
     <span class='ocr_line' id='line_1_21' title="bbox 715 2726 2263 2827; baseline -0.003 -24"><span class='ocrx_word' id='word_1_100' title='bbox 715 2752 850 2827; x_wconf 92' lang='lat' dir='ltr'>per</span> <span class='ocrx_word' id='word_1_101' title='bbox 884 2730 1203 2803; x_wconf 81' lang='lat' dir='ltr'>formam</span> <span class='ocrx_word' id='word_1_102' title='bbox 1247 2726 1860 2819; x_wconf 87' lang='lat' dir='ltr'>substantialem,</span> <span class='ocrx_word' id='word_1_103' title='bbox 1897 2734 2010 2800; x_wconf 89' lang='lat' dir='ltr'>est</span> <span class='ocrx_word' id='word_1_104' title='bbox 2074 2726 2263 2799; x_wconf 90' lang='lat' dir='ltr'>acci-</span> 
     </span>
     <span class='ocr_line' id='line_1_22' title="bbox 712 2837 2260 2941; baseline -0.003 -23"><span class='ocrx_word' id='word_1_105' title='bbox 712 2845 903 2919; x_wconf 90' lang='lat' dir='ltr'>dens</span> <span class='ocrx_word' id='word_1_106' title='bbox 938 2876 957 2937; x_wconf 90' lang='lat'>·,</span> <span class='ocrx_word' id='word_1_107' title='bbox 994 2844 1230 2941; x_wconf 91' lang='lat' dir='ltr'>igitur</span> <span class='ocrx_word' id='word_1_108' title='bbox 1262 2837 1503 2918; x_wconf 83' lang='lat' dir='ltr'>forma</span> <span class='ocrx_word' id='word_1_109' title='bbox 1555 2842 1764 2916; x_wconf 84' lang='lat' dir='ltr'>mixti</span> <span class='ocrx_word' id='word_1_110' title='bbox 1812 2850 2013 2917; x_wconf 90' lang='lat' dir='ltr'>esset</span> <span class='ocrx_word' id='word_1_111' title='bbox 2071 2842 2260 2916; x_wconf 90' lang='lat' dir='ltr'>acci-</span> 
     </span>
     <span class='ocr_line' id='line_1_23' title="bbox 709 2959 2256 3059; baseline -0.002 -25"><span class='ocrx_word' id='word_1_112' title='bbox 709 2962 925 3036; x_wconf 87' lang='lat' dir='ltr'>dens.</span> <span class='ocrx_word' id='word_1_113' title='bbox 990 2961 1208 3036; x_wconf 87' lang='lat' dir='ltr'>Unde</span> <span class='ocrx_word' id='word_1_114' title='bbox 1279 2961 1459 3034; x_wconf 90' lang='lat' dir='ltr'>dicit</span> <span class='ocrx_word' id='word_1_115' title='bbox 1522 2960 1727 3059; x_wconf 93' lang='lat' dir='ltr'>quod</span> <span class='ocrx_word' id='word_1_116' title='bbox 1786 2959 2256 3058; x_wconf 89' lang='lat' dir='ltr'>receptivum</span> 
     </span>
     <span class='ocr_line' id='line_1_24' title="bbox 706 3077 2253 3176; baseline -0.001 -24"><span class='ocrx_word' id='word_1_117' title='bbox 706 3079 1144 3153; x_wconf 88' lang='lat' dir='ltr'>denudatur</span> <span class='ocrx_word' id='word_1_118' title='bbox 1206 3079 1300 3152; x_wconf 91' lang='lat' dir='ltr'>ab</span> <span class='ocrx_word' id='word_1_119' title='bbox 1350 3077 1559 3151; x_wconf 89' lang='lat' dir='ltr'>omni</span> <span class='ocrx_word' id='word_1_120' title='bbox 1630 3077 1836 3175; x_wconf 92' lang='lat' dir='ltr'>quod</span> <span class='ocrx_word' id='word_1_121' title='bbox 1905 3077 2174 3176; x_wconf 85' lang='lat' dir='ltr'>recipit</span> <span class='ocrx_word' id='word_1_122' title='bbox 2234 3106 2253 3173; x_wconf 90' lang='lat'>;</span> 
     </span>
     <span class='ocr_line' id='line_1_25' title="bbox 703 3194 2259 3291; baseline 0 -23"><span class='ocrx_word' id='word_1_123' title='bbox 703 3196 939 3291; x_wconf 89' lang='lat' dir='ltr'>igitur</span> <span class='ocrx_word' id='word_1_124' title='bbox 974 3195 1446 3289; x_wconf 85' lang='lat' dir='ltr'>receptivum</span> <span class='ocrx_word' id='word_1_125' title='bbox 1494 3195 1757 3269; x_wconf 75' lang='lat' dir='ltr'>formae</span> <span class='ocrx_word' id='word_1_126' title='bbox 1800 3194 2259 3269; x_wconf 91' lang='lat' dir='ltr'>substantia-</span> 
     </span>
     <span class='ocr_line' id='line_1_26' title="bbox 706 3311 2255 3387; baseline 0 0"><span class='ocrx_word' id='word_1_127' title='bbox 706 3313 798 3387; x_wconf 91' lang='lat' dir='ltr'>lis</span> <span class='ocrx_word' id='word_1_128' title='bbox 832 3314 1123 3386; x_wconf 90' lang='lat' dir='ltr'>nullam</span> <span class='ocrx_word' id='word_1_129' title='bbox 1160 3312 1391 3386; x_wconf 89' lang='lat' dir='ltr'>habet</span> <span class='ocrx_word' id='word_1_130' title='bbox 1423 3311 1746 3385; x_wconf 83' lang='lat' dir='ltr'>formam</span> <span class='ocrx_word' id='word_1_131' title='bbox 1780 3312 2255 3387; x_wconf 88' lang='lat' dir='ltr'>substantia-</span> 
     </span>
     <span class='ocr_line' id='line_1_27' title="bbox 706 3430 1015 3520; baseline -0.013 -16"><span class='ocrx_word' id='word_1_132' title='bbox 706 3430 883 3504; x_wconf 92' lang='lat' dir='ltr'>lem.</span> <span class='ocrx_word' id='word_1_133' title='bbox 1008 3513 1015 3520; x_wconf 86' lang='lat'>.</span> 
     </span>
    </p>

    <p class='ocr_par' dir='ltr' id='par_1_11' title="bbox 698 3542 2252 3971">
     <span class='ocr_line' id='line_1_28' title="bbox 798 3542 2251 3639; baseline -0.001 -22"><span class='ocrx_word' id='word_1_134' title='bbox 798 3542 1155 3617; x_wconf 88' lang='lat' dir='ltr'>Secundo</span> <span class='ocrx_word' id='word_1_135' title='bbox 1223 3542 1359 3627; x_wconf 87' lang='lat' dir='ltr'>sic,</span> <span class='ocrx_word' id='word_1_136' title='bbox 1418 3543 1815 3639; x_wconf 90' lang='lat' dir='ltr'>proprium</span> <span class='ocrx_word' id='word_1_137' title='bbox 1896 3553 2010 3617; x_wconf 91' lang='lat' dir='ltr'>est</span> <span class='ocrx_word' id='word_1_138' title='bbox 2093 3544 2251 3616; x_wconf 85' lang='lat' dir='ltr'>for—</span> 
     </span>
     <span class='ocr_line' id='line_1_29' title="bbox 704 3658 2252 3755; baseline 0.001 -24"><span class='ocrx_word' id='word_1_139' title='bbox 704 3682 849 3733; x_wconf 73' lang='lat' dir='ltr'>mae</span> <span class='ocrx_word' id='word_1_140' title='bbox 959 3658 1451 3732; x_wconf 88' lang='lat' dir='ltr'>accidentalis</span> <span class='ocrx_word' id='word_1_141' title='bbox 1564 3658 1844 3731; x_wconf 87' lang='lat' dir='ltr'>remitti</span> <span class='ocrx_word' id='word_1_142' title='bbox 1903 3686 1921 3752; x_wconf 85' lang='lat'><em>3</em></span> <span class='ocrx_word' id='word_1_143' title='bbox 2018 3659 2252 3755; x_wconf 90' lang='lat' dir='ltr'>igitur</span> 
     </span>
     <span class='ocr_line' id='line_1_30' title="bbox 699 3778 2251 3854; baseline 0.001 -2"><span class='ocrx_word' id='word_1_144' title='bbox 699 3779 966 3854; x_wconf 82' lang='lat' dir='ltr'>formae</span> <span class='ocrx_word' id='word_1_145' title='bbox 998 3778 1541 3854; x_wconf 86' lang='lat' dir='ltr'>substantiales</span> <span class='ocrx_word' id='word_1_146' title='bbox 1583 3787 1842 3852; x_wconf 90' lang='lat' dir='ltr'>essent</span> <span class='ocrx_word' id='word_1_147' title='bbox 1890 3779 2251 3854; x_wconf 88' lang='lat' dir='ltr'>acciden-</span> 
     </span>
     <span class='ocr_line' id='line_1_31' title="bbox 698 3896 917 3971; baseline 0 -3"><span class='ocrx_word' id='word_1_148' title='bbox 698 3896 917 3971; x_wconf 82' lang='lat' dir='ltr'>tales,</span> 
     </span>
    </p>

    <p class='ocr_par' dir='ltr' id='par_1_12' title="bbox 351 4011 2247 4347">
     <span class='ocr_line' id='line_1_32' title="bbox 477 4011 2246 4111; baseline 0 -25"><span class='ocrx_word' id='word_1_149' title='bbox 477 4037 540 4105; x_wconf 74' lang='lat'>4,</span> <span class='ocrx_word' id='word_1_150' title='bbox 796 4012 908 4086; x_wconf 87' lang='lat' dir='ltr'>Ad</span> <span class='ocrx_word' id='word_1_151' title='bbox 952 4012 1285 4110; x_wconf 88' lang='lat' dir='ltr'>primum</span> <span class='ocrx_word' id='word_1_152' title='bbox 1324 4011 1505 4086; x_wconf 91' lang='lat' dir='ltr'>dicit</span> <span class='ocrx_word' id='word_1_153' title='bbox 1543 4011 1746 4109; x_wconf 90' lang='lat' dir='ltr'>quod</span> <span class='ocrx_word' id='word_1_154' title='bbox 1773 4011 2246 4111; x_wconf 88' lang='lat' dir='ltr'>receptivum</span> 
     </span>
     <span class='ocr_line' id='line_1_33' title="bbox 351 4128 2247 4226; baseline -0.002 -20"><span class='ocrx_word' id='word_1_155' title='bbox 351 4156 645 4206; x_wconf 73' lang='lat' dir='ltr'>nemoven-</span> <span class='ocrx_word' id='word_1_156' title='bbox 700 4128 1135 4203; x_wconf 89' lang='lat' dir='ltr'>denudatur</span> <span class='ocrx_word' id='word_1_157' title='bbox 1183 4128 1277 4202; x_wconf 91' lang='lat' dir='ltr'>ab</span> <span class='ocrx_word' id='word_1_158' title='bbox 1333 4151 1422 4201; x_wconf 90' lang='lat' dir='ltr'>eo</span> <span class='ocrx_word' id='word_1_159' title='bbox 1492 4128 1697 4225; x_wconf 91' lang='lat' dir='ltr'>quod</span> <span class='ocrx_word' id='word_1_160' title='bbox 1777 4129 2074 4226; x_wconf 83' lang='lat' dir='ltr'>recipit,</span> <span class='ocrx_word' id='word_1_161' title='bbox 2175 4138 2247 4203; x_wconf 93' lang='lat' dir='ltr'>et</span> 
     </span>
     <span class='ocr_line' id='line_1_34' title="bbox 351 4217 2247 4347; baseline 0.001 -28"><span class='ocrx_word' id='word_1_162' title='bbox 351 4217 668 4347; x_wconf 59' lang='lat' dir='ltr'>‘gssjssfflgln</span> <span class='ocrx_word' id='word_1_163' title='bbox 700 4270 969 4322; x_wconf 92' lang='lat' dir='ltr'>omnes</span> <span class='ocrx_word' id='word_1_164' title='bbox 1001 4247 1508 4320; x_wconf 87' lang='lat' dir='ltr'>elementares</span> <span class='ocrx_word' id='word_1_165' title='bbox 1542 4246 1806 4320; x_wconf 76' lang='lat' dir='ltr'>formae</span> <span class='ocrx_word' id='word_1_166' title='bbox 1840 4254 2020 4320; x_wconf 90' lang='lat' dir='ltr'>sunt</span> <span class='ocrx_word' id='word_1_167' title='bbox 2050 4250 2247 4339; x_wconf 90' lang='lat' dir='ltr'>ejus-</span> 
     </span>
    </p>

    <p class='ocr_par' dir='ltr' id='par_1_13' title="bbox 428 4360 2243 4670">
     <span class='ocr_line' id='line_1_35' title="bbox 428 4360 2243 4458; baseline -0.001 -21"><span class='ocrx_word' id='word_1_168' title='bbox 428 4360 541 4397; x_wconf 77' lang='lat'>¹²⁶⁸·</span> <span class='ocrx_word' id='word_1_169' title='bbox 699 4364 869 4437; x_wconf 91' lang='lat' dir='ltr'>dem</span> <span class='ocrx_word' id='word_1_170' title='bbox 915 4361 1208 4436; x_wconf 90' lang='lat' dir='ltr'>ordinis</span> <span class='ocrx_word' id='word_1_171' title='bbox 1239 4361 1316 4435; x_wconf 92' lang='lat' dir='ltr'>in</span> <span class='ocrx_word' id='word_1_172' title='bbox 1363 4361 2030 4458; x_wconf 81' lang='lat' dir='ltr'>substantialitate,</span> <span class='ocrx_word' id='word_1_173' title='bbox 2088 4386 2243 4436; x_wconf 89' lang='lat' dir='ltr'>non</span> 
     </span>
     <span class='ocr_line' id='line_1_36' title="bbox 695 4478 2243 4577; baseline 0 -22"><span class='ocrx_word' id='word_1_174' title='bbox 695 4481 805 4555; x_wconf 93' lang='lat' dir='ltr'>sic</span> <span class='ocrx_word' id='word_1_175' title='bbox 840 4487 1185 4577; x_wconf 88' lang='lat' dir='ltr'>respectu</span> <span class='ocrx_word' id='word_1_176' title='bbox 1225 4479 1490 4552; x_wconf 84' lang='lat' dir='ltr'>formae</span> <span class='ocrx_word' id='word_1_177' title='bbox 1534 4478 1773 4571; x_wconf 87' lang='lat' dir='ltr'>mixti,</span> <span class='ocrx_word' id='word_1_178' title='bbox 1831 4480 2015 4576; x_wconf 90' lang='lat' dir='ltr'>quia</span> <span class='ocrx_word' id='word_1_179' title='bbox 2077 4479 2243 4555; x_wconf 78' lang='lat' dir='ltr'>istae</span> 
     </span>
     <span class='ocr_line' id='line_1_37' title="bbox 693 4594 2040 4670; baseline -0.002 0"><span class='ocrx_word' id='word_1_180' title='bbox 693 4608 874 4670; x_wconf 90' lang='lat' dir='ltr'>sunt</span> <span class='ocrx_word' id='word_1_181' title='bbox 916 4594 1232 4669; x_wconf 89' lang='lat' dir='ltr'>alterius</span> <span class='ocrx_word' id='word_1_182' title='bbox 1265 4603 1337 4668; x_wconf 90' lang='lat' dir='ltr'>et</span> <span class='ocrx_word' id='word_1_183' title='bbox 1379 4595 1695 4669; x_wconf 89' lang='lat' dir='ltr'>alterius</span> <span class='ocrx_word' id='word_1_184' title='bbox 1722 4595 2040 4669; x_wconf 89' lang='lat' dir='ltr'>ordinis.</span> 
     </span>
    </p>

    <p class='ocr_par' dir='ltr' id='par_1_14' title="bbox 690 4710 2242 5271">
     <span class='ocr_line' id='line_1_38' title="bbox 790 4710 2242 4807; baseline 0 -21"><span class='ocrx_word' id='word_1_185' title='bbox 790 4713 900 4787; x_wconf 80' lang='lat' dir='ltr'>Ad</span> <span class='ocrx_word' id='word_1_186' title='bbox 943 4711 1371 4786; x_wconf 88' lang='lat' dir='ltr'>secundum</span> <span class='ocrx_word' id='word_1_187' title='bbox 1404 4710 1588 4785; x_wconf 89' lang='lat' dir='ltr'>dicit</span> <span class='ocrx_word' id='word_1_188' title='bbox 1627 4712 1831 4807; x_wconf 92' lang='lat' dir='ltr'>quod</span> <span class='ocrx_word' id='word_1_189' title='bbox 1896 4713 2242 4787; x_wconf 90' lang='lat' dir='ltr'>elemen-</span> 
     </span>
     <span class='ocr_line' id='line_1_39' title="bbox 692 4825 2241 4901; baseline 0.001 -2"><span class='ocrx_word' id='word_1_190' title='bbox 692 4837 893 4900; x_wconf 88' lang='lat' dir='ltr'>tares</span> <span class='ocrx_word' id='word_1_191' title='bbox 921 4835 1101 4899; x_wconf 89' lang='lat' dir='ltr'>sunt</span> <span class='ocrx_word' id='word_1_192' title='bbox 1131 4825 1396 4898; x_wconf 70' lang='lat' dir='ltr'>formae</span> <span class='ocrx_word' id='word_1_193' title='bbox 1429 4825 1701 4899; x_wconf 78' lang='lat' dir='ltr'>mediae</span> <span class='ocrx_word' id='word_1_194' title='bbox 1737 4825 1933 4899; x_wconf 88' lang='lat' dir='ltr'>inter</span> <span class='ocrx_word' id='word_1_195' title='bbox 1960 4827 2241 4901; x_wconf 85' lang='lat' dir='ltr'>formas</span> 
     </span>
     <span class='ocr_line' id='line_1_40' title="bbox 691 4940 2239 5036; baseline 0.003 -20"><span class='ocrx_word' id='word_1_196' title='bbox 691 4941 1236 5016; x_wconf 88' lang='lat' dir='ltr'>substantiales</span> <span class='ocrx_word' id='word_1_197' title='bbox 1312 4949 1386 5015; x_wconf 93' lang='lat' dir='ltr'>et</span> <span class='ocrx_word' id='word_1_198' title='bbox 1444 4940 1984 5036; x_wconf 82' lang='lat' dir='ltr'>accidentaleS,</span> <span class='ocrx_word' id='word_1_199' title='bbox 2067 4943 2239 5019; x_wconf 90' lang='lat' dir='ltr'>ideo</span> 
     </span>
     <span class='ocr_line' id='line_1_41' title="bbox 690 5057 2234 5156; baseline 0.001 -24"><span class='ocrx_word' id='word_1_200' title='bbox 690 5058 964 5156; x_wconf 90' lang='lat' dir='ltr'>partim</span> <span class='ocrx_word' id='word_1_201' title='bbox 1002 5057 1479 5131; x_wconf 85' lang='lat' dir='ltr'>conveniunt</span> <span class='ocrx_word' id='word_1_202' title='bbox 1518 5080 1693 5132; x_wconf 89' lang='lat' dir='ltr'>cum</span> <span class='ocrx_word' id='word_1_203' title='bbox 1748 5081 1904 5133; x_wconf 89' lang='lat' dir='ltr'>una</span> <span class='ocrx_word' id='word_1_204' title='bbox 1963 5059 2234 5154; x_wconf 89' lang='lat' dir='ltr'>forma,</span> 
     </span>
     <span class='ocr_line' id='line_1_42' title="bbox 698 5174 1424 5271; baseline -0.004 -23"><span class='ocrx_word' id='word_1_205' title='bbox 698 5175 971 5271; x_wconf 89' lang='lat' dir='ltr'>partim</span> <span class='ocrx_word' id='word_1_206' title='bbox 1028 5196 1201 5248; x_wconf 91' lang='lat' dir='ltr'>cum</span> <span class='ocrx_word' id='word_1_207' title='bbox 1248 5174 1424 5247; x_wconf 87' lang='lat' dir='ltr'>alia.</span> 
     </span>
    </p>

    <p class='ocr_par' dir='ltr' id='par_1_15' title="bbox 344 5289 2239 5622">
     <span class='ocr_line' id='line_1_43' title="bbox 374 5289 2235 5410; baseline 0.002 -45"><span class='ocrx_word' id='word_1_208' title='bbox 374 5298 636 5410; x_wconf 55' lang='lat' dir='ltr'>Reiiegtggg</span> <span class='ocrx_word' id='word_1_209' title='bbox 790 5293 1072 5366; x_wconf 87' lang='lat' dir='ltr'>Tamen</span> <span class='ocrx_word' id='word_1_210' title='bbox 1143 5289 1207 5365; x_wconf 94' lang='lat' dir='ltr'>si</span> <span class='ocrx_word' id='word_1_211' title='bbox 1295 5290 1469 5387; x_wconf 93' lang='lat' dir='ltr'>quis</span> <span class='ocrx_word' id='word_1_212' title='bbox 1548 5292 1780 5366; x_wconf 79' lang='lat' dir='ltr'>vellet</span> <span class='ocrx_word' id='word_1_213' title='bbox 1855 5292 2235 5368; x_wconf 88' lang='lat' dir='ltr'>sustinere</span> 
     </span>
     <span class='ocr_line' id='line_1_44' title="bbox 344 5377 2237 5501; baseline 0 -16"><span class='ocrx_word' id='word_1_214' title='bbox 344 5377 636 5495; x_wconf 51' lang='grc' dir='ltr'>Ἒῖιῗιῗιιεο-</span> <span class='ocrx_word' id='word_1_215' title='bbox 692 5412 894 5485; x_wconf 81' lang='lat' dir='ltr'>viam</span> <span class='ocrx_word' id='word_1_216' title='bbox 930 5409 1372 5501; x_wconf 80' lang='lat' dir='ltr'>Avicennae,</span> <span class='ocrx_word' id='word_1_217' title='bbox 1425 5414 1613 5480; x_wconf 89' lang='lat' dir='ltr'>ratio</span> <span class='ocrx_word' id='word_1_218' title='bbox 1683 5410 2237 5485; x_wconf 87' lang='lat' dir='ltr'>Commentato-</span> 
     </span>
     <span class='ocr_line' id='line_1_45' title="bbox 391 5493 2239 5622; baseline -0.001 -21"><span class='ocrx_word' id='word_1_219' title='bbox 391 5493 597 5543; x_wconf 44' lang='grc' dir='ltr'>ΝΟΜ</span> <span class='ocrx_word' id='word_1_220' title='bbox 694 5527 798 5603; x_wconf 89' lang='lat' dir='ltr'>ris</span> <span class='ocrx_word' id='word_1_221' title='bbox 829 5549 982 5601; x_wconf 90' lang='lat' dir='ltr'>non</span> <span class='ocrx_word' id='word_1_222' title='bbox 1018 5524 1218 5598; x_wconf 89' lang='lat' dir='ltr'>valet</span> <span class='ocrx_word' id='word_1_223' title='bbox 1248 5532 1516 5597; x_wconf 88' lang='lat' dir='ltr'>contra</span> <span class='ocrx_word' id='word_1_224' title='bbox 1555 5546 1760 5617; x_wconf 90' lang='lat' dir='ltr'>eum,</span> <span class='ocrx_word' id='word_1_225' title='bbox 1827 5525 2011 5622; x_wconf 91' lang='lat' dir='ltr'>quia</span> <span class='ocrx_word' id='word_1_226' title='bbox 2064 5525 2239 5600; x_wconf 91' lang='lat' dir='ltr'>licet</span> 
     </span>
    </p>
   </div>
   <div class='ocr_carea' id='block_1_5' title="bbox 697 5633 2233 5739">
    <p class='ocr_par' dir='ltr' id='par_1_16' title="bbox 697 5633 2233 5739">
     <span class='ocr_line' id='line_1_46' title="bbox 697 5633 2233 5739; baseline 0 -23"><span class='ocrx_word' id='word_1_227' title='bbox 697 5643 895 5716; x_wconf 89' lang='lat' dir='ltr'>idem</span> <span class='ocrx_word' id='word_1_228' title='bbox 956 5640 1054 5715; x_wconf 90' lang='lat' dir='ltr'>sit</span> <span class='ocrx_word' id='word_1_229' title='bbox 1117 5633 1495 5735; x_wconf 75' lang='lat' dir='ltr'>Judicium</span> <span class='ocrx_word' id='word_1_230' title='bbox 1568 5640 1658 5714; x_wconf 89' lang='lat' dir='ltr'>de</span> <span class='ocrx_word' id='word_1_231' title='bbox 1707 5649 1858 5716; x_wconf 90' lang='lat' dir='ltr'>toto</span> <span class='ocrx_word' id='word_1_232' title='bbox 1910 5651 1983 5715; x_wconf 92' lang='lat' dir='ltr'>et</span> <span class='ocrx_word' id='word_1_233' title='bbox 2021 5650 2233 5739; x_wconf 89' lang='lat' dir='ltr'>parte</span> 
     </span>
    </p>
   </div>
   <div class='ocr_carea' id='block_1_6' title="bbox 2369 740 3910 958">
    <p class='ocr_par' dir='ltr' id='par_1_17' title="bbox 2369 740 3910 958">
     <span class='ocr_line' id='line_1_47' title="bbox 2369 740 3910 838; baseline 0.001 -26"><span class='ocrx_word' id='word_1_234' title='bbox 2369 740 2598 832; x_wconf 91' lang='lat' dir='ltr'>tertii,</span> <span class='ocrx_word' id='word_1_235' title='bbox 2693 741 2876 837; x_wconf 90' lang='lat' dir='ltr'>quia</span> <span class='ocrx_word' id='word_1_236' title='bbox 2975 764 3177 838; x_wconf 88' lang='lat' dir='ltr'>aqua</span> <span class='ocrx_word' id='word_1_237' title='bbox 3279 765 3597 817; x_wconf 88' lang='lat' dir='ltr'>manens</span> <span class='ocrx_word' id='word_1_238' title='bbox 3684 766 3910 838; x_wconf 87' lang='lat' dir='ltr'>aqua,</span> 
     </span>
     <span class='ocr_line' id='line_1_48' title="bbox 2370 859 3908 958; baseline -0.001 -27"><span class='ocrx_word' id='word_1_239' title='bbox 2370 867 2744 954; x_wconf 90' lang='lat' dir='ltr'>quantum</span> <span class='ocrx_word' id='word_1_240' title='bbox 2828 859 2920 933; x_wconf 93' lang='lat' dir='ltr'>ad</span> <span class='ocrx_word' id='word_1_241' title='bbox 3015 860 3350 957; x_wconf 89' lang='lat' dir='ltr'>aliquam</span> <span class='ocrx_word' id='word_1_242' title='bbox 3437 860 3908 958; x_wconf 88' lang='lat' dir='ltr'>qualitatem,</span> 
     </span>
    </p>
   </div>
   <div class='ocr_carea' id='block_1_7' title="bbox 2347 975 3915 1073">
    <p class='ocr_par' dir='ltr' id='par_1_18' title="bbox 2347 975 3915 1073">
     <span class='ocr_line' id='line_1_49' title="bbox 2347 975 3915 1073; baseline -0.001 -25"><span class='ocrx_word' id='word_1_243' title='bbox 2347 980 2619 1073; x_wconf 81' lang='lat' dir='ltr'>‘potest</span> <span class='ocrx_word' id='word_1_244' title='bbox 2659 975 2937 1049; x_wconf 88' lang='lat' dir='ltr'>remitti</span> <span class='ocrx_word' id='word_1_245' title='bbox 2984 977 3053 1050; x_wconf 92' lang='lat' dir='ltr'>in</span> <span class='ocrx_word' id='word_1_246' title='bbox 3097 976 3498 1073; x_wconf 80' lang='lat' dir='ltr'>frigiditate</span> <span class='ocrx_word' id='word_1_247' title='bbox 3549 986 3622 1051; x_wconf 86' lang='lat' dir='ltr'>et</span> <span class='ocrx_word' id='word_1_248' title='bbox 3657 975 3915 1049; x_wconf 87' lang='lat' dir='ltr'>humi-</span> 
     </span>
    </p>
   </div>
   <div class='ocr_carea' id='block_1_8' title="bbox 2371 1092 3922 2345">
    <p class='ocr_par' dir='ltr' id='par_1_19' title="bbox 2371 1092 3922 2345">
     <span class='ocr_line' id='line_1_50' title="bbox 2371 1092 3911 1192; baseline 0 -27"><span class='ocrx_word' id='word_1_249' title='bbox 2371 1092 2627 1167; x_wconf 90' lang='lat' dir='ltr'>ditate.</span> <span class='ocrx_word' id='word_1_250' title='bbox 2715 1093 2931 1168; x_wconf 88' lang='lat' dir='ltr'>Unde</span> <span class='ocrx_word' id='word_1_251' title='bbox 3000 1103 3296 1192; x_wconf 85' lang='lat' dir='ltr'>oportet</span> <span class='ocrx_word' id='word_1_252' title='bbox 3374 1094 3624 1169; x_wconf 84' lang='lat' dir='ltr'>dicere</span> <span class='ocrx_word' id='word_1_253' title='bbox 3708 1095 3911 1191; x_wconf 85' lang='lat' dir='ltr'>quod</span> 
     </span>
     <span class='ocr_line' id='line_1_51' title="bbox 2371 1211 3914 1309; baseline 0.001 -26"><span class='ocrx_word' id='word_1_254' title='bbox 2371 1233 2522 1284; x_wconf 89' lang='lat' dir='ltr'>non</span> <span class='ocrx_word' id='word_1_255' title='bbox 2607 1219 2862 1309; x_wconf 90' lang='lat' dir='ltr'>posset</span> <span class='ocrx_word' id='word_1_256' title='bbox 2937 1213 3241 1287; x_wconf 90' lang='lat' dir='ltr'>alterari</span> <span class='ocrx_word' id='word_1_257' title='bbox 3296 1211 3390 1286; x_wconf 90' lang='lat' dir='ltr'>ab</span> <span class='ocrx_word' id='word_1_258' title='bbox 3479 1212 3682 1308; x_wconf 83' lang='lat' dir='ltr'>igne,</span> <span class='ocrx_word' id='word_1_259' title='bbox 3767 1212 3914 1286; x_wconf 85' lang='lat' dir='ltr'>nisi</span> 
     </span>
     <span class='ocr_line' id='line_1_52' title="bbox 2372 1327 3921 1426; baseline 0.001 -25"><span class='ocrx_word' id='word_1_260' title='bbox 2372 1327 2625 1402; x_wconf 85' lang='lat' dir='ltr'>statim</span> <span class='ocrx_word' id='word_1_261' title='bbox 2661 1327 2877 1404; x_wconf 86' lang='lat' dir='ltr'>fieret</span> <span class='ocrx_word' id='word_1_262' title='bbox 2917 1329 3118 1425; x_wconf 89' lang='lat' dir='ltr'>ignis</span> <span class='ocrx_word' id='word_1_263' title='bbox 3165 1329 3451 1423; x_wconf 84' lang='lat' dir='ltr'>3igitur</span> <span class='ocrx_word' id='word_1_264' title='bbox 3514 1352 3715 1426; x_wconf 88' lang='lat' dir='ltr'>aqua</span> <span class='ocrx_word' id='word_1_265' title='bbox 3775 1330 3921 1403; x_wconf 88' lang='lat' dir='ltr'>ali-</span> 
     </span>
     <span class='ocr_line' id='line_1_53' title="bbox 2375 1447 3922 1546; baseline 0 -25"><span class='ocrx_word' id='word_1_266' title='bbox 2375 1468 2606 1542; x_wconf 90' lang='lat' dir='ltr'>quam</span> <span class='ocrx_word' id='word_1_267' title='bbox 2702 1455 2995 1545; x_wconf 88' lang='lat' dir='ltr'>partem</span> <span class='ocrx_word' id='word_1_268' title='bbox 3104 1447 3579 1521; x_wconf 89' lang='lat' dir='ltr'>humiditatis</span> <span class='ocrx_word' id='word_1_269' title='bbox 3674 1458 3922 1546; x_wconf 81' lang='lat' dir='ltr'>potest</span> 
     </span>
     <span class='ocr_line' id='line_1_54' title="bbox 2377 1565 3916 1664; baseline 0.001 -25"><span class='ocrx_word' id='word_1_270' title='bbox 2377 1565 2755 1640; x_wconf 90' lang='lat' dir='ltr'>dimittere</span> <span class='ocrx_word' id='word_1_271' title='bbox 2827 1576 2899 1639; x_wconf 90' lang='lat' dir='ltr'>et</span> <span class='ocrx_word' id='word_1_272' title='bbox 2979 1590 3374 1642; x_wconf 91' lang='lat' dir='ltr'>remanere</span> <span class='ocrx_word' id='word_1_273' title='bbox 3453 1590 3679 1664; x_wconf 87' lang='lat' dir='ltr'>aqua.</span> <span class='ocrx_word' id='word_1_274' title='bbox 3748 1568 3916 1641; x_wconf 88' lang='lat' dir='ltr'>Non</span> 
     </span>
     <span class='ocr_line' id='line_1_55' title="bbox 2373 1685 3922 1781; baseline 0.002 -28"><span class='ocrx_word' id='word_1_275' title='bbox 2373 1693 2684 1780; x_wconf 90' lang='lat' dir='ltr'>propter</span> <span class='ocrx_word' id='word_1_276' title='bbox 2749 1685 2894 1757; x_wconf 93' lang='lat' dir='ltr'>hoc</span> <span class='ocrx_word' id='word_1_277' title='bbox 2958 1685 3308 1781; x_wconf 90' lang='lat' dir='ltr'>sequitur</span> <span class='ocrx_word' id='word_1_278' title='bbox 3404 1685 3605 1780; x_wconf 91' lang='lat' dir='ltr'>quod</span> <span class='ocrx_word' id='word_1_279' title='bbox 3687 1694 3922 1759; x_wconf 90' lang='lat' dir='ltr'>totam</span> 
     </span>
     <span class='ocr_line' id='line_1_56' title="bbox 2374 1800 3921 1899; baseline 0.003 -27"><span class='ocrx_word' id='word_1_280' title='bbox 2374 1800 2910 1874; x_wconf 88' lang='lat' dir='ltr'>humiditatem</span> <span class='ocrx_word' id='word_1_281' title='bbox 2965 1801 3204 1897; x_wconf 89' lang='lat' dir='ltr'>possit</span> <span class='ocrx_word' id='word_1_282' title='bbox 3265 1802 3675 1894; x_wconf 85' lang='lat' dir='ltr'>remittere,</span> <span class='ocrx_word' id='word_1_283' title='bbox 3739 1802 3921 1899; x_wconf 90' lang='lat' dir='ltr'>quia</span> 
     </span>
     <span class='ocr_line' id='line_1_57' title="bbox 2373 1918 3921 2014; baseline 0.001 -23"><span class='ocrx_word' id='word_1_284' title='bbox 2373 1918 2706 2014; x_wconf 86' lang='lat' dir='ltr'>aliquem</span> <span class='ocrx_word' id='word_1_285' title='bbox 2751 1919 3073 2013; x_wconf 89' lang='lat' dir='ltr'>gradum</span> <span class='ocrx_word' id='word_1_286' title='bbox 3137 1918 3614 1993; x_wconf 90' lang='lat' dir='ltr'>humiditatis</span> <span class='ocrx_word' id='word_1_287' title='bbox 3665 1943 3921 1993; x_wconf 80' lang='lat' dir='ltr'>ncces·</span> 
     </span>
     <span class='ocr_line' id='line_1_58' title="bbox 2372 2035 3913 2129; baseline 0.001 -21"><span class='ocrx_word' id='word_1_288' title='bbox 2372 2036 2576 2109; x_wconf 90' lang='lat' dir='ltr'>sario</span> <span class='ocrx_word' id='word_1_289' title='bbox 2611 2035 2756 2109; x_wconf 91' lang='lat' dir='ltr'>sibi</span> <span class='ocrx_word' id='word_1_290' title='bbox 2828 2036 3310 2128; x_wconf 88' lang='lat' dir='ltr'>determinat,</span> <span class='ocrx_word' id='word_1_291' title='bbox 3383 2037 3562 2109; x_wconf 91' lang='lat' dir='ltr'>dum</span> <span class='ocrx_word' id='word_1_292' title='bbox 3631 2047 3913 2129; x_wconf 86' lang='lat' dir='ltr'>manet,</span> 
     </span>
     <span class='ocr_line' id='line_1_59' title="bbox 2374 2153 3919 2247; baseline 0.002 -21"><span class='ocrx_word' id='word_1_293' title='bbox 2374 2153 2549 2226; x_wconf 89' lang='lat' dir='ltr'>licet</span> <span class='ocrx_word' id='word_1_294' title='bbox 2629 2177 2783 2227; x_wconf 89' lang='lat' dir='ltr'>non</span> <span class='ocrx_word' id='word_1_295' title='bbox 2873 2154 3373 2227; x_wconf 54' lang='lat' dir='ltr'>detern’ninate</span> <span class='ocrx_word' id='word_1_296' title='bbox 3455 2156 3690 2247; x_wconf 87' lang='lat' dir='ltr'>hunc,</span> <span class='ocrx_word' id='word_1_297' title='bbox 3777 2180 3919 2230; x_wconf 87' lang='lat' dir='ltr'>nec</span> 
     </span>
     <span class='ocr_line' id='line_1_60' title="bbox 2374 2268 3168 2345; baseline -0.001 -3"><span class='ocrx_word' id='word_1_298' title='bbox 2374 2268 2874 2345; x_wconf 89' lang='lat' dir='ltr'>determinate</span> <span class='ocrx_word' id='word_1_299' title='bbox 2927 2269 3168 2343; x_wconf 90' lang='lat' dir='ltr'>illum.</span> 
     </span>
    </p>
   </div>
   <div class='ocr_carea' id='block_1_9' title="bbox 2909 2561 3381 2618">
    <p class='ocr_par' dir='ltr' id='par_1_20' title="bbox 2909 2561 3381 2618">
     <span class='ocr_line' id='line_1_61' title="bbox 2909 2561 3381 2618; baseline -0.002 0"><span class='ocrx_word' id='word_1_300' title='bbox 2909 2561 3275 2618; x_wconf 80' lang='lat' dir='ltr'><strong>SGHOLIUM</strong></span> <span class='ocrx_word' id='word_1_301' title='bbox 3311 2562 3381 2617; x_wconf 85' lang='lat'>11.</span> 
     </span>
    </p>
   </div>
   <div class='ocr_carea' id='block_1_10' title="bbox 2439 2712 3916 2778">
    <p class='ocr_par' dir='ltr' id='par_1_21' title="bbox 2439 2712 3916 2778">
     <span class='ocr_line' id='line_1_62' title="bbox 2439 2712 3916 2778; baseline 0 -9"><span class='ocrx_word' id='word_1_302' title='bbox 2439 2713 2734 2769; x_wconf 71' lang='lat' dir='ltr'>Elementa</span> <span class='ocrx_word' id='word_1_303' title='bbox 2783 2712 3098 2768; x_wconf 78' lang='lat' dir='ltr'>formaliter</span> <span class='ocrx_word' id='word_1_304' title='bbox 3150 2729 3264 2769; x_wconf 90' lang='lat' dir='ltr'>non</span> <span class='ocrx_word' id='word_1_305' title='bbox 3326 2729 3558 2768; x_wconf 85' lang='lat' dir='ltr'>manere</span> <span class='ocrx_word' id='word_1_306' title='bbox 3610 2713 3667 2768; x_wconf 90' lang='lat' dir='ltr'>in</span> <span class='ocrx_word' id='word_1_307' title='bbox 3716 2716 3916 2778; x_wconf 75' lang='lat' dir='ltr'>mixt0.</span> 
     </span>
    </p>
   </div>
   <div class='ocr_carea' id='block_1_11' title="bbox 2369 2799 3921 2873">
    <p class='ocr_par' dir='ltr' id='par_1_22' title="bbox 2369 2799 3921 2873">
     <span class='ocr_line' id='line_1_63' title="bbox 2369 2799 3921 2873; baseline -0.001 -18"><span class='ocrx_word' id='word_1_308' title='bbox 2369 2800 2572 2873; x_wconf 78' lang='lat' dir='ltr'>probat</span> <span class='ocrx_word' id='word_1_309' title='bbox 2601 2799 2787 2855; x_wconf 85' lang='lat' dir='ltr'>tribus</span> <span class='ocrx_word' id='word_1_310' title='bbox 2836 2799 3185 2868; x_wconf 84' lang='lat' dir='ltr'>rationibus,</span> <span class='ocrx_word' id='word_1_311' title='bbox 3258 2800 3532 2854; x_wconf 89' lang='lat' dir='ltr'>dicuntur</span> <span class='ocrx_word' id='word_1_312' title='bbox 3576 2804 3766 2855; x_wconf 80' lang='lat' dir='ltr'>tamen</span> <span class='ocrx_word' id='word_1_313' title='bbox 3814 2801 3921 2853; x_wconf 76' lang='lat' dir='ltr'>vir-</span> 
     </span>
    </p>
   </div>
   <div class='ocr_carea' id='block_1_12' title="bbox 2360 2888 3915 3321">
    <p class='ocr_par' dir='ltr' id='par_1_23' title="bbox 2360 2888 3915 3321">
     <span class='ocr_line' id='line_1_64' title="bbox 2367 2888 3914 2959; baseline -0.001 -15"><span class='ocrx_word' id='word_1_314' title='bbox 2367 2889 2601 2944; x_wconf 82' lang='lat' dir='ltr'>tualiter</span> <span class='ocrx_word' id='word_1_315' title='bbox 2626 2905 2862 2944; x_wconf 75' lang='lat' dir='ltr'>manere</span> <span class='ocrx_word' id='word_1_316' title='bbox 2897 2892 3132 2959; x_wconf 87' lang='lat' dir='ltr'>propter</span> <span class='ocrx_word' id='word_1_317' title='bbox 3167 2888 3655 2953; x_wconf 81' lang='lat' dir='ltr'>convenientiam,</span> <span class='ocrx_word' id='word_1_318' title='bbox 3711 2895 3774 2942; x_wconf 88' lang='lat' dir='ltr'>ut</span> <span class='ocrx_word' id='word_1_319' title='bbox 3806 2890 3914 2942; x_wconf 84' lang='lat' dir='ltr'>irn-</span> 
     </span>
     <span class='ocr_line' id='line_1_65' title="bbox 2366 2978 3915 3051; baseline 0.001 -17"><span class='ocrx_word' id='word_1_320' title='bbox 2366 2979 2678 3051; x_wconf 82' lang='lat' dir='ltr'>perl&#39;ectius</span> <span class='ocrx_word' id='word_1_321' title='bbox 2737 2980 2795 3034; x_wconf 90' lang='lat' dir='ltr'>in</span> <span class='ocrx_word' id='word_1_322' title='bbox 2857 2995 2961 3034; x_wconf 90' lang='lat' dir='ltr'>suo</span> <span class='ocrx_word' id='word_1_323' title='bbox 3029 2978 3393 3049; x_wconf 79' lang='lat' dir='ltr'>perfectiore.</span> <span class='ocrx_word' id='word_1_324' title='bbox 3474 2979 3740 3034; x_wconf 83' lang='lat' dir='ltr'>Ostendit</span> <span class='ocrx_word' id='word_1_325' title='bbox 3799 2996 3915 3035; x_wconf 85' lang='lat' dir='ltr'>non</span> 
     </span>
     <span class='ocr_line' id='line_1_66' title="bbox 2365 3068 3913 3128; baseline -0.002 -2"><span class='ocrx_word' id='word_1_326' title='bbox 2365 3070 2694 3128; x_wconf 78' lang='lat' dir='ltr'>necessario</span> <span class='ocrx_word' id='word_1_327' title='bbox 2728 3070 2926 3126; x_wconf 84' lang='lat' dir='ltr'>omnin</span> <span class='ocrx_word' id='word_1_328' title='bbox 2956 3068 3243 3126; x_wconf 85' lang='lat' dir='ltr'>elementa</span> <span class='ocrx_word' id='word_1_329' title='bbox 3275 3073 3626 3125; x_wconf 81' lang='lat' dir='ltr'>concurrere</span> <span class='ocrx_word' id='word_1_330' title='bbox 3656 3068 3726 3124; x_wconf 85' lang='lat' dir='ltr'>ad</span> <span class='ocrx_word' id='word_1_331' title='bbox 3765 3070 3913 3123; x_wconf 75' lang='lat' dir='ltr'>mix-</span> 
     </span>
     <span class='ocr_line' id='line_1_67' title="bbox 2366 3157 3911 3234; baseline -0.003 -15"><span class='ocrx_word' id='word_1_332' title='bbox 2366 3172 2504 3230; x_wconf 88' lang='lat' dir='ltr'>tum,</span> <span class='ocrx_word' id='word_1_333' title='bbox 2541 3177 2728 3234; x_wconf 86' lang='lat' dir='ltr'>neque</span> <span class='ocrx_word' id='word_1_334' title='bbox 2782 3160 2888 3217; x_wconf 90' lang='lat' dir='ltr'>hoc</span> <span class='ocrx_word' id='word_1_335' title='bbox 2937 3158 3093 3232; x_wconf 69' lang='lat' dir='ltr'>gigni</span> <span class='ocrx_word' id='word_1_336' title='bbox 3148 3160 3218 3215; x_wconf 85' lang='lat' dir='ltr'>ab</span> <span class='ocrx_word' id='word_1_337' title='bbox 3262 3157 3589 3225; x_wconf 72' lang='lat' dir='ltr'>elementiS‚</span> <span class='ocrx_word' id='word_1_338' title='bbox 3643 3159 3777 3230; x_wconf 79' lang='lat' dir='ltr'>quia</span> <span class='ocrx_word' id='word_1_339' title='bbox 3827 3159 3911 3214; x_wconf 86' lang='lat' dir='ltr'>sic</span> 
     </span>
     <span class='ocr_line' id='line_1_68' title="bbox 2360 3251 3251 3321; baseline -0.002 -13"><span class='ocrx_word' id='word_1_340' title='bbox 2360 3256 2516 3308; x_wconf 77' lang='lat' dir='ltr'>esset</span> <span class='ocrx_word' id='word_1_341' title='bbox 2547 3268 2578 3304; x_wconf 74' lang='lat' dir='ltr'>a</span> <span class='ocrx_word' id='word_1_342' title='bbox 2604 3267 2719 3308; x_wconf 91' lang='lat' dir='ltr'>non</span> <span class='ocrx_word' id='word_1_343' title='bbox 2752 3257 2879 3307; x_wconf 83' lang='lat' dir='ltr'>ente</span> <span class='ocrx_word' id='word_1_344' title='bbox 2920 3251 3251 3321; x_wconf 75' lang='lat' dir='ltr'>aliquando,</span> 
     </span>
    </p>
   </div>
   <div class='ocr_carea' id='block_1_13' title="bbox 2341 3425 3904 5746">
    <p class='ocr_par' dir='ltr' id='par_1_24' title="bbox 2342 3425 3904 5484">
     <span class='ocr_line' id='line_1_69' title="bbox 2459 3425 3902 3525; baseline 0.001 -27"><span class='ocrx_word' id='word_1_345' title='bbox 2459 3427 2645 3500; x_wconf 90' lang='lat' dir='ltr'>Dico</span> <span class='ocrx_word' id='word_1_346' title='bbox 2743 3425 2834 3500; x_wconf 90' lang='lat' dir='ltr'>ad</span> <span class='ocrx_word' id='word_1_347' title='bbox 2936 3427 3472 3525; x_wconf 83' lang='lat' dir='ltr'>quaestionem,</span> <span class='ocrx_word' id='word_1_348' title='bbox 3570 3426 3902 3500; x_wconf 86' lang='lat' dir='ltr'>tenendo</span> 
     </span>
     <span class='ocr_line' id='line_1_70' title="bbox 2359 3539 3904 3640; baseline 0.001 -26"><span class='ocrx_word' id='word_1_349' title='bbox 2359 3542 2790 3640; x_wconf 89' lang='lat' dir='ltr'>oppositum</span> <span class='ocrx_word' id='word_1_350' title='bbox 2903 3539 3272 3640; x_wconf 85' lang='lat' dir='ltr'>utrisque,</span> <span class='ocrx_word' id='word_1_351' title='bbox 3364 3542 3567 3639; x_wconf 88' lang='lat' dir='ltr'>quod</span> <span class='ocrx_word' id='word_1_352' title='bbox 3663 3543 3904 3616; x_wconf 81' lang='lat' dir='ltr'>forma</span> 
     </span>
     <span class='ocr_line' id='line_1_71' title="bbox 2356 3658 3898 3733; baseline -0.001 -1"><span class='ocrx_word' id='word_1_353' title='bbox 2356 3660 2883 3733; x_wconf 87' lang='lat' dir='ltr'>substantialis</span> <span class='ocrx_word' id='word_1_354' title='bbox 2916 3658 3275 3733; x_wconf 90' lang='lat' dir='ltr'>elementi</span> <span class='ocrx_word' id='word_1_355' title='bbox 3310 3681 3464 3732; x_wconf 90' lang='lat' dir='ltr'>non</span> <span class='ocrx_word' id='word_1_356' title='bbox 3515 3668 3770 3733; x_wconf 88' lang='lat' dir='ltr'>manet</span> <span class='ocrx_word' id='word_1_357' title='bbox 3826 3660 3898 3731; x_wconf 94' lang='lat' dir='ltr'>in</span> 
     </span>
     <span class='ocr_line' id='line_1_72' title="bbox 2357 3776 3904 3874; baseline 0.002 -26"><span class='ocrx_word' id='word_1_358' title='bbox 2357 3776 2615 3866; x_wconf 87' lang='lat' dir='ltr'>mixto,</span> <span class='ocrx_word' id='word_1_359' title='bbox 2680 3776 2862 3873; x_wconf 91' lang='lat' dir='ltr'>quia</span> <span class='ocrx_word' id='word_1_360' title='bbox 2943 3797 3340 3872; x_wconf 90' lang='lat' dir='ltr'>nunquam</span> <span class='ocrx_word' id='word_1_361' title='bbox 3434 3786 3613 3852; x_wconf 92' lang='lat' dir='ltr'>sunt</span> <span class='ocrx_word' id='word_1_362' title='bbox 3678 3778 3904 3874; x_wconf 86' lang='lat' dir='ltr'>plura</span> 
     </span>
     <span class='ocr_line' id='line_1_73' title="bbox 2353 3892 3898 3992; baseline -0.001 -25"><span class='ocrx_word' id='word_1_363' title='bbox 2353 3893 2713 3992; x_wconf 89' lang='lat' dir='ltr'>ponenda</span> <span class='ocrx_word' id='word_1_364' title='bbox 2778 3892 2946 3967; x_wconf 91' lang='lat' dir='ltr'>sine</span> <span class='ocrx_word' id='word_1_365' title='bbox 3007 3892 3464 3968; x_wconf 84' lang='lat' dir='ltr'>necessitate</span> <span class='ocrx_word' id='word_1_366' title='bbox 3513 3894 3698 3987; x_wconf 86' lang='lat' dir='ltr'>3sed</span> <span class='ocrx_word' id='word_1_367' title='bbox 3743 3918 3898 3966; x_wconf 90' lang='lat' dir='ltr'>non</span> 
     </span>
     <span class='ocr_line' id='line_1_74' title="bbox 2352 4008 3901 4108; baseline 0 -25"><span class='ocrx_word' id='word_1_368' title='bbox 2352 4018 2467 4083; x_wconf 90' lang='lat' dir='ltr'>est</span> <span class='ocrx_word' id='word_1_369' title='bbox 2497 4008 2785 4106; x_wconf 85' lang='lat' dir='ltr'>aliquid</span> <span class='ocrx_word' id='word_1_370' title='bbox 2823 4008 2895 4082; x_wconf 94' lang='lat' dir='ltr'>in</span> <span class='ocrx_word' id='word_1_371' title='bbox 2925 4009 3371 4108; x_wconf 84' lang='lat' dir='ltr'>composite,</span> <span class='ocrx_word' id='word_1_372' title='bbox 3411 4011 3608 4085; x_wconf 91' lang='lat' dir='ltr'>unde</span> <span class='ocrx_word' id='word_1_373' title='bbox 3643 4020 3901 4108; x_wconf 86' lang='lat' dir='ltr'>posset</span> 
     </span>
     <span class='ocr_line' id='line_1_75' title="bbox 2352 4125 3901 4224; baseline 0.001 -26"><span class='ocrx_word' id='word_1_374' title='bbox 2352 4125 2710 4198; x_wconf 83' lang='lat' dir='ltr'>concludi</span> <span class='ocrx_word' id='word_1_375' title='bbox 2756 4125 3012 4221; x_wconf 84' lang='lat' dir='ltr'>ignem</span> <span class='ocrx_word' id='word_1_376' title='bbox 3070 4148 3379 4201; x_wconf 83' lang='lat' dir='ltr'>manere</span> <span class='ocrx_word' id='word_1_377' title='bbox 3439 4126 3514 4199; x_wconf 90' lang='lat' dir='ltr'>in</span> <span class='ocrx_word' id='word_1_378' title='bbox 3582 4150 3901 4224; x_wconf 89' lang='lat' dir='ltr'>compo-</span> 
     </span>
     <span class='ocr_line' id='line_1_76' title="bbox 2350 4242 3899 4343; baseline 0.002 -26"><span class='ocrx_word' id='word_1_379' title='bbox 2350 4242 2521 4332; x_wconf 88' lang='lat' dir='ltr'>sito,</span> <span class='ocrx_word' id='word_1_380' title='bbox 2588 4243 2770 4340; x_wconf 90' lang='lat' dir='ltr'>quia</span> <span class='ocrx_word' id='word_1_381' title='bbox 2829 4268 3101 4318; x_wconf 91' lang='lat' dir='ltr'>omnes</span> <span class='ocrx_word' id='word_1_382' title='bbox 3159 4245 3674 4342; x_wconf 81' lang='lat' dir='ltr'>operationeS,</span> <span class='ocrx_word' id='word_1_383' title='bbox 3722 4269 3899 4343; x_wconf 84' lang='lat' dir='ltr'>quae</span> 
     </span>
     <span class='ocr_line' id='line_1_77' title="bbox 2349 4361 3900 4457; baseline 0.002 -24"><span class='ocrx_word' id='word_1_384' title='bbox 2349 4369 2748 4457; x_wconf 87' lang='lat' dir='ltr'>apparent,</span> <span class='ocrx_word' id='word_1_385' title='bbox 2830 4369 3010 4434; x_wconf 91' lang='lat' dir='ltr'>sunt</span> <span class='ocrx_word' id='word_1_386' title='bbox 3077 4361 3377 4436; x_wconf 78' lang='lat' dir='ltr'>mediae.</span> <span class='ocrx_word' id='word_1_387' title='bbox 3441 4363 3553 4436; x_wconf 90' lang='lat' dir='ltr'>Ad</span> <span class='ocrx_word' id='word_1_388' title='bbox 3608 4364 3750 4437; x_wconf 90' lang='lat' dir='ltr'>hoc</span> <span class='ocrx_word' id='word_1_389' title='bbox 3784 4375 3900 4438; x_wconf 87' lang='lat' dir='ltr'>est</span> 
     </span>
     <span class='ocr_line' id='line_1_78' title="bbox 2349 4477 3899 4569; baseline 0.005 -21"><span class='ocrx_word' id='word_1_390' title='bbox 2349 4477 2570 4569; x_wconf 90' lang='lat' dir='ltr'>ratio,</span> <span class='ocrx_word' id='word_1_391' title='bbox 2608 4478 2849 4552; x_wconf 84' lang='lat' dir='ltr'>forma</span> <span class='ocrx_word' id='word_1_392' title='bbox 2880 4477 3406 4553; x_wconf 90' lang='lat' dir='ltr'>substantialis</span> <span class='ocrx_word' id='word_1_393' title='bbox 3437 4489 3692 4555; x_wconf 87' lang='lat' dir='ltr'>atoma</span> <span class='ocrx_word' id='word_1_394' title='bbox 3719 4493 3899 4555; x_wconf 89' lang='lat' dir='ltr'>nata</span> 
     </span>
     <span class='ocr_line' id='line_1_79' title="bbox 2349 4596 3892 4694; baseline 0.001 -24"><span class='ocrx_word' id='word_1_395' title='bbox 2349 4604 2462 4670; x_wconf 91' lang='lat' dir='ltr'>est</span> <span class='ocrx_word' id='word_1_396' title='bbox 2521 4596 2986 4670; x_wconf 90' lang='lat' dir='ltr'>constituere</span> <span class='ocrx_word' id='word_1_397' title='bbox 3064 4620 3200 4694; x_wconf 90' lang='lat' dir='ltr'>per</span> <span class='ocrx_word' id='word_1_398' title='bbox 3275 4620 3355 4671; x_wconf 91' lang='lat' dir='ltr'>se</span> <span class='ocrx_word' id='word_1_399' title='bbox 3410 4599 3892 4692; x_wconf 71' lang='lat' dir='ltr'>‚subsisten3‚</span> 
     </span>
     <span class='ocr_line' id='line_1_80' title="bbox 2347 4712 3893 4810; baseline 0.005 -26"><span class='ocrx_word' id='word_1_400' title='bbox 2347 4712 2479 4787; x_wconf 93' lang='lat' dir='ltr'>sed</span> <span class='ocrx_word' id='word_1_401' title='bbox 2513 4736 2668 4785; x_wconf 89' lang='lat' dir='ltr'>non</span> <span class='ocrx_word' id='word_1_402' title='bbox 2711 4722 2824 4787; x_wconf 90' lang='lat' dir='ltr'>est</span> <span class='ocrx_word' id='word_1_403' title='bbox 2850 4713 3050 4787; x_wconf 90' lang='lat' dir='ltr'>idem</span> <span class='ocrx_word' id='word_1_404' title='bbox 3097 4736 3234 4810; x_wconf 91' lang='lat' dir='ltr'>per</span> <span class='ocrx_word' id='word_1_405' title='bbox 3290 4736 3371 4787; x_wconf 89' lang='lat' dir='ltr'>se</span> <span class='ocrx_word' id='word_1_406' title='bbox 3435 4717 3893 4810; x_wconf 81' lang='lat' dir='ltr'>subsistenS‚</span> 
     </span>
     <span class='ocr_line' id='line_1_81' title="bbox 2346 4828 3898 4929; baseline 0.003 -27"><span class='ocrx_word' id='word_1_407' title='bbox 2346 4828 2552 4923; x_wconf 90' lang='lat' dir='ltr'>quod</span> <span class='ocrx_word' id='word_1_408' title='bbox 2604 4838 2719 4902; x_wconf 90' lang='lat' dir='ltr'>est</span> <span class='ocrx_word' id='word_1_409' title='bbox 2774 4829 2851 4902; x_wconf 92' lang='lat' dir='ltr'>in</span> <span class='ocrx_word' id='word_1_410' title='bbox 2915 4829 3217 4904; x_wconf 88' lang='lat' dir='ltr'>duabus</span> <span class='ocrx_word' id='word_1_411' title='bbox 3277 4832 3682 4929; x_wconf 84' lang='lat' dir='ltr'>speciebus</span> <span class='ocrx_word' id='word_1_412' title='bbox 3741 4845 3898 4906; x_wconf 86' lang='lat' dir='ltr'>ato-</span> 
     </span>
     <span class='ocr_line' id='line_1_82' title="bbox 2348 4943 3898 5048; baseline 0.008 -34"><span class='ocrx_word' id='word_1_413' title='bbox 2348 4943 2492 5017; x_wconf 88' lang='lat' dir='ltr'>mis</span> <span class='ocrx_word' id='word_1_414' title='bbox 2527 4972 2545 5037; x_wconf 86' lang='lat'>3</span> <span class='ocrx_word' id='word_1_415' title='bbox 2585 4944 2818 5041; x_wconf 88' lang='lat' dir='ltr'>igitur</span> <span class='ocrx_word' id='word_1_416' title='bbox 2852 4945 2912 5019; x_wconf 92' lang='lat' dir='ltr'>si</span> <span class='ocrx_word' id='word_1_417' title='bbox 2972 4947 3045 5018; x_wconf 94' lang='lat' dir='ltr'>in</span> <span class='ocrx_word' id='word_1_418' title='bbox 3111 4947 3343 5020; x_wconf 88' lang='lat' dir='ltr'>mixto</span> <span class='ocrx_word' id='word_1_419' title='bbox 3399 4959 3655 5023; x_wconf 81' lang='lat' dir='ltr'>essent</span> <span class='ocrx_word' id='word_1_420' title='bbox 3705 4974 3898 5048; x_wconf 90' lang='lat' dir='ltr'>qua-</span> 
     </span>
     <span class='ocr_line' id='line_1_83' title="bbox 2345 5061 3892 5160; baseline 0.006 -28"><span class='ocrx_word' id='word_1_421' title='bbox 2345 5069 2519 5132; x_wconf 90' lang='lat' dir='ltr'>tuor</span> <span class='ocrx_word' id='word_1_422' title='bbox 2571 5061 2979 5153; x_wconf 89' lang='lat' dir='ltr'>elementa,</span> <span class='ocrx_word' id='word_1_423' title='bbox 3046 5062 3121 5134; x_wconf 93' lang='lat' dir='ltr'>in</span> <span class='ocrx_word' id='word_1_424' title='bbox 3204 5062 3370 5160; x_wconf 88' lang='lat' dir='ltr'>ipso</span> <span class='ocrx_word' id='word_1_425' title='bbox 3431 5077 3892 5142; x_wconf 87' lang='lat' dir='ltr'>essentactu</span> 
     </span>
     <span class='ocr_line' id='line_1_84' title="bbox 2344 5177 3896 5276; baseline 0.004 -25"><span class='ocrx_word' id='word_1_426' title='bbox 2344 5177 2692 5275; x_wconf 90' lang='lat' dir='ltr'>quinque</span> <span class='ocrx_word' id='word_1_427' title='bbox 2725 5178 3122 5276; x_wconf 89' lang='lat' dir='ltr'>supposita</span> <span class='ocrx_word' id='word_1_428' title='bbox 3184 5180 3633 5256; x_wconf 64' lang='lat' dir='ltr'>substantiae</span> <span class='ocrx_word' id='word_1_429' title='bbox 3681 5207 3896 5257; x_wconf 89' lang='lat' dir='ltr'>com—</span> 
     </span>
     <span class='ocr_line' id='line_1_85' title="bbox 2345 5293 3894 5392; baseline 0.006 -26"><span class='ocrx_word' id='word_1_430' title='bbox 2345 5293 2642 5390; x_wconf 79' lang='lat' dir='ltr'>positae,</span> <span class='ocrx_word' id='word_1_431' title='bbox 2726 5303 2807 5367; x_wconf 92' lang='lat' dir='ltr'>ut</span> <span class='ocrx_word' id='word_1_432' title='bbox 2907 5304 3240 5391; x_wconf 91' lang='lat' dir='ltr'>quatuor</span> <span class='ocrx_word' id='word_1_433' title='bbox 3315 5297 3722 5392; x_wconf 89' lang='lat' dir='ltr'>elementa,</span> <span class='ocrx_word' id='word_1_434' title='bbox 3820 5312 3894 5376; x_wconf 88' lang='lat' dir='ltr'>et</span> 
     </span>
     <span class='ocr_line' id='line_1_86' title="bbox 2342 5411 2692 5484; baseline 0 -1"><span class='ocrx_word' id='word_1_435' title='bbox 2342 5411 2692 5484; x_wconf 82' lang='lat' dir='ltr'>mixtum.</span> 
     </span>
    </p>

    <p class='ocr_par' dir='ltr' id='par_1_25' title="bbox 2341 5528 3889 5746">
     <span class='ocr_line' id='line_1_87' title="bbox 2441 5528 3889 5630; baseline 0.006 -30"><span class='ocrx_word' id='word_1_436' title='bbox 2441 5528 2654 5617; x_wconf 86' lang='lat' dir='ltr'>Item,</span> <span class='ocrx_word' id='word_1_437' title='bbox 2719 5529 3084 5604; x_wconf 88' lang='lat' dir='ltr'>rationale</span> <span class='ocrx_word' id='word_1_438' title='bbox 3134 5539 3245 5604; x_wconf 90' lang='lat' dir='ltr'>est</span> <span class='ocrx_word' id='word_1_439' title='bbox 3311 5533 3514 5628; x_wconf 88' lang='lat' dir='ltr'>quod</span> <span class='ocrx_word' id='word_1_440' title='bbox 3576 5537 3889 5630; x_wconf 87' lang='lat' dir='ltr'>quanti-</span> 
     </span>
     <span class='ocr_line' id='line_1_88' title="bbox 2341 5649 3888 5746; baseline 0.007 -29"><span class='ocrx_word' id='word_1_441' title='bbox 2341 5653 2458 5717; x_wconf 88' lang='lat' dir='ltr'>tas</span> <span class='ocrx_word' id='word_1_442' title='bbox 2510 5657 3029 5744; x_wconf 88' lang='lat' dir='ltr'>consequatur</span> <span class='ocrx_word' id='word_1_443' title='bbox 3086 5649 3625 5746; x_wconf 88' lang='lat' dir='ltr'>compositum,</span> <span class='ocrx_word' id='word_1_444' title='bbox 3690 5651 3888 5727; x_wconf 90' lang='lat' dir='ltr'>sicut</span> 
     </span>
    </p>
   </div>
   <div class='ocr_carea' id='block_1_14' title="bbox 4079 3448 4152 3512">
    <p class='ocr_par' dir='ltr' id='par_1_26' title="bbox 4079 3448 4152 3512">
     <span class='ocr_line' id='line_1_89' title="bbox 4079 3448 4152 3512; baseline -0.014 0"><span class='ocrx_word' id='word_1_445' title='bbox 4079 3448 4152 3512; x_wconf 82' lang='lat'>5.</span> 
     </span>
    </p>
   </div>
   <div class='ocr_carea' id='block_1_15' title="bbox 3934 3562 4267 3865">
    <p class='ocr_par' dir='ltr' id='par_1_27' title="bbox 3934 3562 4267 3865">
     <span class='ocr_line' id='line_1_90' title="bbox 3978 3562 4251 3614; baseline 0.015 -4"><span class='ocrx_word' id='word_1_446' title='bbox 3978 3562 4251 3614; x_wconf 76' lang='lat' dir='ltr'>Auctoris</span> 
     </span>
     <span class='ocr_line' id='line_1_91' title="bbox 3934 3627 4254 3676; baseline 0.009 -4"><span class='ocrx_word' id='word_1_447' title='bbox 3934 3627 4254 3676; x_wconf 77' lang='lat' dir='ltr'>sententia.</span> 
     </span>
     <span class='ocr_line' id='line_1_92' title="bbox 3951 3688 4252 3738; baseline 0 0"><span class='ocrx_word' id='word_1_448' title='bbox 3951 3688 4252 3738; x_wconf 78' lang='lat' dir='ltr'>Elementa</span> 
     </span>
     <span class='ocr_line' id='line_1_93' title="bbox 3935 3763 4267 3802; baseline 0.009 -3"><span class='ocrx_word' id='word_1_449' title='bbox 3935 3763 4053 3800; x_wconf 86' lang='lat' dir='ltr'>nou</span> <span class='ocrx_word' id='word_1_450' title='bbox 4083 3767 4267 3802; x_wconf 55' lang='lat' dir='ltr'>mane‘</span> 
     </span>
     <span class='ocr_line' id='line_1_94' title="bbox 3934 3814 4264 3865; baseline 0.003 -1"><span class='ocrx_word' id='word_1_451' title='bbox 3934 3814 4068 3864; x_wconf 85' lang='lat' dir='ltr'>rein</span> <span class='ocrx_word' id='word_1_452' title='bbox 4084 3816 4264 3865; x_wconf 82' lang='lat' dir='ltr'>mixto</span> 
     </span>
    </p>
   </div>
  </div>
 </body>
</html>
