4295 6326
183 4539 250 4606 3.

43 4653 122 4703 Ad
153 4654 198 4704 1
225 4668 372 4718 quoe·

73 4716 335 4768 stionem.

1539 494 1767 564 DIST.
1817 496 1941 566 XI.
1992 495 2411 576 QUAESTIO
2460 499 2547 570 11.

529 672 1011 771 Oppositum,
1109 669 1172 743 si
1267 665 1643 760 ChristuS,
1706 691 1973 741 secun-

427 789 609 863 dum
704 787 909 885 quod
1016 788 1273 879 home,
1383 794 1498 859 est
1589 792 1963 873 creatura,

425 930 607 1004 ergo
676 907 1103 981 secundum
1175 903 1379 1001 quod
1486 902 1624 977 iste
1704 904 1962 995 liomO,

425 1024 606 1122 quia
678 1047 832 1097 non
902 1033 1015 1097 est
1095 1020 1292 1096 alius
1375 1021 1605 1093 homo
1660 1047 1679 1112 3
1736 1019 1968 1114 igitur

420 1142 848 1216 secundum
940 1139 1143 1238 quod
1232 1138 1372 1213 iste
1489 1139 1751 1230 hom0,
1833 1136 1962 1233 qui

420 1268 534 1333 est
613 1258 1012 1351 Christus3
1057 1278 1544 1353 consequens
1642 1263 1756 1329 est
1842 1255 1968 1327 sal-

416 1399 615 1465 sum,
654 1376 836 1473 quia
867 1374 974 1447 illi
1029 1374 1232 1471 quod
1291 1371 1792 1468 subsequitur
1833 1395 1966 1445 no·

413 1502 566 1567 tam
638 1490 1298 1590 reduplicationis,
1345 1490 1545 1563 inest
1602 1488 1965 1586 praedica-

413 1620 575 1685 tum
616 1638 632 1702 3
679 1609 915 1705 igitur
982 1608 1045 1682 si
1114 1608 1465 1682 Christus
1532 1606 1959 1681 secundum

416 1727 619 1824 quod
687 1726 825 1800 iste
885 1728 1118 1799 homo
1182 1734 1297 1799 est
1377 1733 1754 1810 creatura,
1821 1722 1959 1796 iste

415 1841 649 1913 homo
692 1848 894 1914 esset
932 1849 1308 1913 creatura.

517 1956 735 2049 ltem,
784 1954 987 2051 quod
1022 1953 1382 2027 convenit
1412 1952 1644 2026 alicui
1678 1975 1960 2027 secun-

412 2070 592 2145 dum
647 2069 1329 2168 reduplicationem
1388 2068 1698 2166 speciei,
1772 2066 1962 2140 sim-

413 2187 711 2285 pliciter
753 2187 859 2284 fet
917 2186 1263 2261 absolute
1332 2185 1476 2260 sibi
1542 2184 1953 2278 convenit3

412 2302 651 2399 igitur
702 2302 766 2376 si
837 2301 1184 2376 Christus
1265 2301 1692 2377 secundum
1752 2300 1956 2398 quod

412 2421 644 2494 homo
706 2431 819 2495 est
879 2429 1257 2513 creatura,
1305 2418 1540 2516 igitur
1607 2418 1956 2493 absolute

404 2537 757 2612 Christus
784 2546 987 2613 esset
1013 2546 1390 2612 creatura.

954 2842 1319 2900 SCHOLlUM
1361 2842 1403 2897 1.

477 2997 540 3047 D.
572 2993 821 3050 Thomas
850 2992 949 3057 ait,
985 2993 1111 3047 ideo
1142 2990 1435 3048 Christum
1470 3006 1582 3045 non
1617 3003 1746 3044 esso
1791 3002 1953 3044 crea·

409 3088 621 3153 turam,
681 3083 818 3154 quia
872 3083 994 3138 haec
1038 3081 1259 3154 incepit
1312 3096 1462 3147 esse,
1523 3077 1778 3135 Verbum
1812 3092 1950 3139 non.

399 3175 685 3246 rejicitur,
717 3176 854 3246 quia
887 3174 1007 3231 haec
1041 3191 1152 3231 non
1191 3174 1317 3246 ptus
1369 3176 1723 3246 repugnant,
1775 3187 1948 3242 quam

399 3281 527 3322 esse
556 3274 874 3322 creatorem
909 3275 962 3321 ct
1017 3271 1370 3332 creaturam,
1428 3267 1486 3319 et
1538 3262 1827 3329 Christus,
1883 3278 1952 3317 ex

398 3355 780 3423 Damascene,
811 3361 900 3412 est
933 3360 1266 3427 utrumque.
1304 3354 1468 3419 Item,
1526 3351 1802 3409 Christus
1852 3350 1949 3406 ha·

396 3446 520 3502 buit
550 3463 658 3502 non
692 3462 805 3502 6336
835 3451 963 3518 post
1005 3462 1161 3514 esse3
1206 3460 1343 3517 ergo
1392 3459 1506 3499 non
1560 3447 1848 3514 repugnat
1896 3440 1946 3497 ei

394 3552 503 3592 6336
535 3542 666 3607 post
709 3553 819 3593 non
865 3552 1001 3592 esse.
1051 3534 1164 3591 Alii
1212 3535 1435 3602 dicunt,
1487 3539 1817 3589 creaturam
1894 3537 1952 3586 et

397 3631 678 3682 aeternum
711 3627 927 3700 opponi
955 3625 1258 3699 privative.
1286 3627 1522 3690 Contra,
1558 3622 1859 3695 passibilis
1891 3625 1948 3678 et

397 3715 784 3787 impassibilis
814 3716 1092 3772 dicuntur
1126 3716 1195 3771 de
1235 3713 1486 3779 Christo,
1538 3715 1594 3768 et
1647 3727 1834 3768 caecus
1894 3713 1950 3765 et

397 3806 598 3861 videns
631 3823 745 3862 nun
779 3809 1187 3879 opponuntur,
1219 3805 1334 3860 nisi
1366 3807 1630 3875 respectu
1682 3802 1944 3872 ejusdem

397 3899 642 3951 naturae.
675 3895 783 3951 Alii
815 3897 1021 3952 dicunt
1071 3912 1195 3967 quae
1246 3896 1568 3966 important
1618 3898 1944 3963 respectum

398 3987 470 4042 sd
512 3993 724 4052 creata,
758 4004 872 4042 non
908 3987 1197 4057 pertinere
1230 3987 1298 4040 sd
1352 3982 1944 4040 communicationem

398 4076 768 4132 idiomatum.
808 4076 919 4132 Sed
959 4081 1184 4142 contra,
1232 4074 1372 4146 quia
1423 4073 1689 4129 Christus
1732 4073 1949 4128 dicitur

402 4166 593 4221 minor
651 4167 835 4233 Patre,
890 4170 947 4222 et
1004 4164 1312 4221 minoritas
1369 4163 1606 4235 respicit
1662 4171 1942 4218 creatum.

400 4257 533 4325 Alii,
568 4265 628 4315 ut
658 4262 857 4327 Varro,
901 4257 1212 4314 admittunt
1264 4256 1559 4312 Christum
1610 4254 1720 4310 dici
1775 4271 1944 4326 posse

403 4352 748 4405 creaturam.

505 4524 798 4598 Dicitur
851 4524 944 4598 ad
1014 4524 1339 4622 primam
1401 4523 1938 4619 quaestionem,

405 4639 608 4736 quod
637 4638 984 4712 Christus
1016 4663 1171 4713 non
1205 4648 1320 4712 est
1350 4648 1726 4731 creatura,
1772 4638 1947 4712 licet

401 4763 679 4828 natura
717 4756 1059 4828 humana
1121 4754 1197 4825 in
1251 4753 1551 4827 Christo
1584 4753 1678 4827 sit
1728 4777 1945 4827 crea-

399 4882 597 4959 tura,
691 4872 873 4970 quia
951 4895 1105 4946 non
1184 4871 1267 4945 fit
1348 4873 1942 4948 communicatio

400 4987 881 5081 idiomatum,
927 4987 1057 5062 ubi
1110 4995 1223 5062 est
1265 4988 1668 5063 manifesta
1709 5011 1943 5087 repu-

399 5103 716 5199 gnantia
760 5131 776 5191 ;
815 5103 947 5178 sed
990 5104 1113 5176 hic
1146 5113 1260 5178 est
1295 5104 1694 5179 manifesta
1724 5129 1944 5204 repu-

399 5222 742 5317 gnantia,
789 5221 973 5320 quia
1004 5230 1356 5297 creatura
1397 5221 1684 5320 incepit
1712 5247 1933 5299 esse:

20 5339 736 5414 D.Thomasve1hum
820 5363 972 5413 non
1042 5339 1328 5438 incepit
1395 5364 1562 5416 esse
1621 5369 1639 5434 3
1706 5342 1940 5437 igitur

22 5409 150 5468 p..3
184 5421 241 5470 q.
283 5409 360 5456 16.

68 5475 175 5519 art.
215 5473 292 5519 11.

395 5466 770 5553 quantum
806 5457 897 5531 ad
927 5456 1147 5550 illud,
1181 5481 1336 5530 non
1371 5468 1484 5531 est
1516 5459 1938 5533 communi-

393 5574 589 5650 catio
617 5574 1097 5649 idiomatum.

490 5693 772 5766 Contra
823 5691 1037 5785 illud,
1107 5716 1260 5766 non
1323 5694 1497 5790 plus
1557 5694 1936 5791 repugnat

531 5837 668 5896 Tou.
701 5836 897 5892 xxm.

3500 516 3622 582 321

2081 690 2248 743 esse
2290 678 2667 746 aeternum
2736 684 2809 749 et
2867 681 3318 776 temporale,
3386 705 3618 780 quam
3678 698 3797 752 Non
3825 704 3947 767 pius

2079 786 2283 881 quod
2321 799 2670 865 creatura
2721 792 2818 866 sit
2849 806 3172 891 creator,
3235 801 3355 874 vel
3411 803 3616 898 quod
3649 772 3957 880 essssffiffi‘.

2078 905 2497 999 temporale
2578 908 2857 983 habeat
2942 913 3318 989 actionem
3389 898 3970 1015 aete1·-te¹1³1¹1¹;¹›¹{›ra‘ii2‚

2077 1042 2311 1112 nam3
2372 1023 2503 1096 sed
2572 1028 3051 1123 Augustinus
3118 1033 3445 1131 loquens
3523 1037 3616 1111 de
3648 1027 3969 1129 qffirffi‘ffi'

2077 1134 2407 1232 Christe,
2490 1140 2673 1215 dicit
2744 1168 2759 1217 :
2832 1146 3009 1243 Ipse
3090 1158 3201 1224 est
3268 1146 3966 1248 Creamr’creatumm.

2073 1252 2215 1327 isle
2252 1279 2455 1351 puer
2511 1263 2800 1336 creavzc
2834 1265 3116 1341 stellas.
3179 1270 3386 1345 Idem
3454 1274 3620 1346 vult

2073 1369 2604 1451 Damascenus
2664 1381 2911 1477 capite
2966 1382 3085 1457 50.
3143 1388 3348 1483 quod
3405 1412 3618 1464 crea-

2071 1493 2249 1560 tura
2287 1498 2400 1562 est
2441 1503 2761 1567 cr.eator

2179 1603 2390 1699 Item,
2428 1631 2579 1681 non
2621 1612 2864 1708 magis
2907 1630 3285 1714 repugnat
3317 1622 3618 1698 Chlisto

2071 1742 2232 1793 6336
2295 1733 2462 1819 post
2510 1749 2665 1801 non
2710 1752 2870 1805 6336
2936 1755 3165 1830 quam
3246 1760 3398 1811 non
3462 1762 3620 1814 6336

2069 1847 2244 1934 post
2293 1862 2504 1934 6336;
2588 1844 2717 1918 sed
2789 1846 3139 1924 Christus
3196 1851 3405 1929 filius
3479 1857 3618 1949 Dei

2071 1952 2429 2030 suitvere
2483 1970 2880 2059 mortuus;
2931 1965 3167 2061 igitur
3224 1980 3418 2097 post
3438 1948 3675 2051 6336·ἑ

2069 2068 2344 2142 habuit
2373 2096 2527 2147 non
2561 2098 2780 2150 6336·
2763 2078 3065 2174 ,igitur
3104 2084 3268 2181 pari
3323 2086 3671 2163 ratione*

2071 2186 2317 2281 potuit
2343 2209 2509 2264 esse
2552 2202 2722 2289 post
2756 2134 2909 2269 iton
2951 2220 3135 2272 6336.
3742 2278 3753 2286 .

2165 2306 2332 2381 Alia
2375 2309 2567 2384 ratio
2610 2313 2951 2410 ponitur,
2980 2341 3219 2416 quare
3264 2322 3615 2401 Christus
3730 2342 3737 2347 ’

2071 2445 2223 2495 non
2260 2423 2538 2499 dicitur
2577 2440 2954 2528 creatura,
3002 2436 3183 2534 quia
3235 2437 3390 2534 illa,
3437 2424 3661 2538 quae*
3824 2416 3832 2424 ⁰

2067 2538 2485 2638 important
2525 2548 3044 2647 negationem,
3103 2580 3257 2630 non
3327 2560 3613 2657 praedi·
3727 2576 3743 2585 “

2066 2669 2341 2732 cantur
2380 2662 2473 2735 de
2517 2687 2598 2738 se
2649 2676 2945 2763 mutu0‚
3006 2682 3317 2771 propter
3388 2677 3613 2752 unio-

2065 2795 2244 2846 nem
2314 2783 2615 2853 naturae
2688 2780 2784 2854 ad
2853 2780 3218 2872 Verbum,
3288 2788 3471 2885 quia
3546 2791 3609 2865 si

2064 2899 2444 2985 quantum
2476 2895 2569 2967 ad
2603 2897 2748 2970 hoc
2776 2908 2976 2974 esset
3016 2906 3610 2983 communicatio

2063 3003 2548 3104 idiomatum,
2620 3036 2794 3087 cum
2875 3038 2967 3090 ex
3018 3019 3416 3114 privativis
3484 3046 3610 3098 se-

2063 3133 2349 3219 quatur
2457 3131 2984 3227 contradictio,
3076 3136 3138 3209 si
3234 3138 3613 3233 privativa

2060 3242 2587 3336 praedicantur
2617 3247 2709 3321 de
2743 3249 3071 3341 Christo,
3110 3256 3610 3331 contradicto-

2059 3354 2174 3428 ria
2206 3360 2838 3454 praedicabuntur
2870 3393 2888 3458 3
2947 3368 3389 3482 hujusmodi
3426 3386 3609 3450 sunt

2058 3484 2412 3550 creatura
2444 3487 2516 3551 et
2557 3488 2962 3556 aeternum.

2154 3590 2292 3666 Vel
2327 3594 2641 3690 ponitur
2667 3597 2815 3671 alia
2857 3601 3075 3696 rati0,
3115 3627 3290 3702 quae
3325 3604 3604 3707 impor-

2055 3716 2219 3780 tant
2261 3722 2688 3807 respectum
2718 3716 2807 3789 ad
2844 3727 3197 3794 naturam
3232 3736 3595 3823 cieatam,

2056 3847 2211 3897 non
2262 3826 2647 3922 pertinent
2679 3831 2772 3904 ad
2814 3838 3595 3918 communicationem

2055 3938 2560 4039 idiomatum3
2606 3946 2974 4024 habitudo
3035 3953 3238 4027 enim
3295 3967 3595 4035 naturae

2056 4056 2147 4129 ad
2208 4069 2564 4134 naturam
2615 4063 2933 4163 impedit
2991 4070 3594 4151 verificationem

2053 4173 2284 4248 talem
2325 4175 2418 4251 de
2460 4178 2807 4272 Christ03
2846 4194 3196 4262 creatura
3236 4187 3596 4290 importat

2053 4302 2484 4390 respectum
2514 4322 2530 4382 ;
2568 4296 2827 4393 igitur,
2858 4313 2999 4377 etc.

2152 4407 2457 4503 Contra,
2543 4414 2793 4508 prima
2877 4419 3068 4494 ratio
3145 4446 3298 4497 non
3355 4429 3589 4523 valet,
3742 4433 3810 4500 4·

2053 4524 2237 4620 quia
2286 4526 2345 4598 si
2396 4527 2869 4636 intelligatur
2914 4539 3118 4633 quod
3179 4539 3338 4636 illa,
3418 4568 3593 4643 quae

2051 4640 2469 4737 important
2571 4649 3089 4747 negationem,
3193 4655 3298 4732 ita
3390 4662 3594 4757 quod

2052 4757 2400 4834 absolute
2486 4765 3162 4845 contradictorium
3246 4777 3591 4877 alteriuS,

2052 4873 2185 4948 illa
2225 4898 2376 4950 non
2414 4879 2798 4974 pertinent
2838 4884 2932 4958 ad
2974 4892 3598 4973 communicatio·
3643 4964 3651 4971 .

2053 5014 2229 5067 nem
2276 4992 2754 5092 idiomatum,
2795 5000 2936 5075 hoc
2971 5013 3086 5078 est
3109 5031 3403 5084 verum
3445 5014 3595 5089 Sed

2050 5109 2244 5183 nihil
2319 5112 2408 5185 ad
2481 5117 2987 5214 propositum,
3053 5123 3235 5220 quia
3284 5128 3394 5203 sic
3435 5156 3592 5206 non

2048 5225 2409 5326 importat
2457 5243 2807 5309 creatura
2856 5250 3206 5336 respectu
3278 5246 3584 5323 Christi.

2048 5344 2127 5419 Si
2184 5354 2433 5422 tamen
2472 5347 2947 5446 intelligatur
3012 5357 3104 5432 de
3173 5365 3586 5458 negatione

2046 5461 2452 5561 importata
2485 5489 2619 5562 per
2658 5468 3194 5570 privationem,
3233 5501 3587 5580 assump-

2044 5587 2205 5653 tum
2241 5589 2355 5654 est
2390 5580 2696 5677 falsum,
2740 5586 2923 5681 quia
2975 5593 3400 5670 secundum
3442 5597 3587 5672 Da-

2048 5718 2522 5791 mascenum,
2583 5700 2830 5797 capite
2886 5702 3006 5778 50.
3054 5708 3401 5786 Christus
3470 5727 3580 5790 est

3293 5861 3359 5914 21

3662 5347 3910 5400 Christus

3617 5414 3940 5524 {aptat

3617 5536 3917 5600 passibilis.
