4295 6326
284 2624 348 2689 5.

176 2711 360 2761 Antio

198 2789 267 2837 po
274 2724 453 2826 tuoni?

222 2837 418 2886 rediim

177 2901 351 2950 sines
329 2901 480 2951 hatis

179 2962 445 3014 facio.tue

264 4292 330 4357 6.

171 4382 234 4432 lu
242 4385 361 4430 stau
369 4381 441 4430 tia

217 4458 319 4493 co
289 4449 408 4493 tr

1496 460 1720 529 DIST.
1771 459 1928 527 XX.
1965 456 2391 539 ,QUAESTIO
2445 455 2676 525 UNIC.

617 628 728 704 De
796 631 1074 729 primo,
1136 633 1564 708 ostenditur
1639 633 1842 732 quod
1922 655 2062 707 ne-

520 767 730 820 cesse
809 747 948 822 fuit
1018 750 1408 825 hominem
1497 750 1792 844 redimi,
1878 749 2059 847 quia

519 860 797 938 frustra
833 874 995 939 erat
1051 867 1446 942 rationalis
1487 877 1863 955 creatura,
1909 866 2055 939 nisi

519 992 776 1078 posset
829 987 1555 1061 summum‘bonum
1619 996 1928 1085 propter
1978 1008 2058 1059 se

516 1122 802 1191 amare,
859 1110 933 1175 et
981 1102 1049 1175 ei
1109 1102 1487 1178 inhaerere
1523 1127 1658 1201 per
1697 1102 2060 1200 cognitio-

516 1236 691 1287 nem
771 1224 846 1287 et
911 1239 1251 1291 amorem
1320 1217 1710 1313 diligendo
1771 1217 2053 1313 ipsum.

513 1332 663 1403 Aut
712 1353 897 1426 ergo
936 1331 1148 1407 Deus
1189 1333 1497 1407 deducit
1536 1333 1928 1407 hominem
1962 1332 2056 1406 ad

515 1449 716 1521 hunc
804 1447 1068 1543 finem,
1177 1459 1308 1524 aut
1396 1450 1622 1525 non?
1698 1451 1776 1525 Si
1868 1469 2052 1537 non,

515 1563 792 1637 frustra
861 1566 1055 1640 tacta
1144 1567 1434 1641 suisset.
1506 1566 1587 1641 Si
1671 1566 1807 1660 sic,
1879 1589 2054 1640 cum

502 1679 661 1776 jam
707 1682 922 1779 lapsa
961 1682 1187 1757 fuerit
1243 1708 1379 1782 per
1431 1693 1859 1782 peccatum,
1923 1707 2060 1758 ne-

512 1820 724 1873 cesse
781 1810 893 1873 est
963 1800 1203 1898 ipsam
1279 1802 1644 1900 reparari.
1709 1801 1873 1876 Hoc
1933 1803 2060 1874 ha-

513 1914 736 1989 betur
791 1939 957 2014 cap.
1007 1916 1073 1989 1.
1121 1924 1194 1991 et
1223 1918 1291 1990 2.
1345 1919 1504 1992 Cur
1539 1919 1754 1992 Deus
1805 1918 2055 2003 hom-0,

509 2039 584 2105 et
623 2030 704 2104 in
746 2036 1016 2129 quarto
1059 2032 1393 2130 capitulo
1437 2034 1826 2108 concludit
1862 2057 1877 2108 :
1923 2033 2059 2107 Ea:

508 2145 645 2220 his·
685 2153 795 2220 est
848 2146 1083 2245 facile
1140 2173 1611 2247 coquoscere,
1669 2150 1876 2249 quod
1927 2155 2060 2223 aut

508 2262 647 2337 hoc
711 2263 804 2337 de
858 2264 1201 2342 humana
1228 2266 1593 2365 perficiat
1651 2269 1872 2342 Deus
1928 2292 2059 2343 ηα-

509 2387 711 2475 tura,
782 2383 988 2480 quod
1046 2385 1357 2482 incepit,
1415 2394 1549 2461 αιιί
1612 2387 1693 2460 in
1769 2410 2054 2461 vanum

506 2495 784 2594 fecerit
831 2504 984 2573 tam
1022 2499 1427 2575 sublimem
1470 2508 1854 2577 naturam.

608 2614 993 2692 Praeterea
1058 2643 1195 2716 pro
1278 2620 1617 2694 secundo
1701 2621 2049 2716 articuIO,

511 2731 803 2808 scilicet
842 2737 1046 2832 quod
1107 2761 1261 2811 non
1296 2748 1547 2867 potest
1584 2738 1854 2812 redimi
1888 2739 2054 2816 sine

511 2848 1057 2939 satisfactione,
1103 2853 1356 2949 arguit
1395 2853 1532 2941 sic,
1561 2854 1681 2927 25.
1711 2877 1878 2952 cap.
1915 2855 2046 2930 lib.

513 2966 578 3039 1.
643 2967 798 3043 Cur
870 2970 1082 3046 Deus
1163 2974 1455 3048 110111οε
1541 2974 1881 3073 Injuslus
1948 2983 2057 3050 est

509 3087 787 3181 omnis,
845 3089 981 3187 qui
1050 3113 1204 3163 non
1291 3091 1545 3166 reddit
1616 3092 1783 3167 Deo
1853 3092 2060 3192 quod

506 3202 748 3298 debet,
794 3204 974 3302 quia
1017 3207 1348 3306 injustas
1383 3215 1493 3284 est
1528 3209 1768 3294 Deus,
1805 3210 1879 3284 si
1912 3209 2052 3284 hoc

502 3344 655 3394 non
708 3322 978 3398 reddat
1003 3323 1327 3419 homini,
1373 3326 1580 3424 quod
1602 3325 1757 3401 sibi
1792 3326 2053 3412 debet,-

503 3438 636 3512 sed
722 3441 986 3515 nullus
1055 3441 1388 3538 injustus
1471 3444 1897 3519 admittitur
1954 3446 2047 3520 ad

507 3552 1058 3630 beatitudinem
1128 3566 1563 3654 oeternam3
1645 3583 1827 3655 ergo
1913 3561 2045 3658 qui

503 3693 658 3744 non
760 3672 985 3747 solvit
1053 3673 1212 3749 Deo
1282 3676 1487 3772 quod
1557 3676 1807 3766 debet,
1890 3701 2044 3751 non

502 3787 981 3883 salvabitur-3
1027 3791 1157 3865 sed
1214 3792 1466 3866 omnis
1507 3801 1861 3890 peccator
1924 3794 2048 3868 ab·

501 3904 718 3978 stulit
773 3907 1145 3982 honorem
1189 3908 1531 3983 debitum
1586 3909 1802 4003 Deo;
1862 3934 2044 4005 ergo

503 4043 908 4118 quousque
985 4021 1461 4118 satisfecerit,
1533 4034 1649 4099 est
1714 4025 2039 4120 debitor,

502 4147 576 4211 et
631 4138 1020 4234 injustus;
1084 4163 1296 4236 ergO,
1343 4151 1486 4214 etc.

601 4254 749 4328 Sed
805 4254 1011 4329 dices
1079 4257 1174 4330 ad
1252 4259 1395 4331 hoc
1464 4268 2038 4390 argumentum,

501 4371 704 4467 quod
741 4395 891 4444 non
934 4381 1231 4470 oportet
1271 4397 1437 4449 csse
1479 4373 1850 4506 injustum
1893 4376 2042 4451 nisi

138 4507 259 4556 Ans
263 4507 401 4556 imu
381 4520 459 4618 rm
500 4487 934 4579 satisfaciat,
982 4489 1166 4585 quia
1205 4499 1452 4587 potest
1492 4492 1840 4565 excusari
1906 4516 2042 4591 per

196 4569 310 4620 tolli
318 4575 371 4619 tu

409 4602 1092 4701 impotentiam,
1076 4633 1091 4649 ·
1165 4614 1413 4703 potest
1459 4607 1686 4682 etiam
1748 4607 2039 4685 offensa

498 4720 774 4793 remitti
810 4745 947 4819 per
1004 4747 1386 4797 summam
1432 4723 2031 4800 misericordiam

489 4834 626 4909 Dei
664 4836 829 4930 sin-e
864 4839 1404 4915 satisfactione.

587 4951 937 5027 Occurrit
1053 4956 1490 5047 A,nselmus
1614 4958 2032 5033 excludens

490 5079 934 5171 utrumque,
1000 5076 1274 5173 primo,
1330 5077 1650 5174 primam
1714 5101 2034 5175 respon-

484 5195 811 5284 sionem,
859 5193 1040 5291 quia
1092 5192 1155 5266 si
1209 5192 1660 5290 impotentia
1718 5216 2032 5268 excusa-

485 5323 624 5405 ret,
660 5321 735 5384 et
774 5321 957 5384 tunc
989 5321 1258 5407 sponte
1299 5310 1716 5384 ceciderit
1698 5335 1773 5383 m
1820 5311 2026 5384 illam

486 5429 1045 5528 impotentiam,
1092 5430 1256 5527 ipsa
1287 5428 1737 5528 impotentia
1770 5453 2031 5528 pecca-

485 5553 644 5618 tum
698 5555 838 5639 est,
876 5545 1059 5642 quia
1109 5545 1332 5619 debet
1379 5569 1548 5620 eam
1595 5570 1747 5620 non
1803 5546 2030 5621 habe-

487 5684 592 5754 re,
639 5662 823 5759 quia
879 5663 1106 5736 debet
1139 5686 1364 5760 posse
1418 5663 1736 5737 reddere
1792 5665 2028 5737 hono-

3590 458 3711 525 411

2181 654 2338 705 rem
2398 653 2627 727 quem
2668 629 2960 728 accepit
3009 652 3054 704 a
3094 630 3283 723 De0,
3319 639 3393 703 et
3442 628 3610 703 ideo
3653 627 3716 702 s‘i

2176 772 2313 845 per
2364 758 2762 846 peccatum
2838 747 3013 822 fecit
3078 770 3159 822 se
3218 745 3714 844 impotentem

2175 865 2522 958 reddere,
2579 864 2656 937 in
2714 865 2859 938 hoc
2902 888 3054 938 non
3099 872 3535 955 excusatur,
3581 861 3713 936 sed

2171 982 2677 1080 vituperatur.
2728 984 2815 1055 Et
2857 982 3068 1079 ponit
3115 983 3578 1078 exemplum,
3652 979 3711 1052 si

2174 1098 2534 1171 dominus
2574 1097 2970 1195 praecipiat
3022 1118 3245 1170 servo
3303 1096 3546 1170 facere
3586 1093 3718 1167 ali-

2171 1215 2377 1310 quod
2427 1238 2623 1311 opus
2654 1214 2974 1306 bonum,
3012 1222 3087 1287 et
3124 1211 3520 1310 praecipiat
3564 1204 3713 1284 sibi

2176 1342 2256 1405 ut
2326 1354 2476 1404 non
2551 1353 2632 1405 se
2691 1330 2997 1425 dejiciat
3062 1329 3140 1402 in
3202 1334 3498 1402 foveam
3567 1327 3713 1402 sibi

2175 1459 2701 1533 monstratam,
2748 1448 2952 1521 unde
3010 1471 3161 1519 non
3221 1447 3494 1544 poterit
3539 1469 3714 1520 sur-

2169 1587 2378 1661 gere,
2424 1564 2489 1638 si
2530 1587 2801 1637 servus
2831 1564 2958 1637 ille
3000 1572 3270 1661 sponte
3329 1584 3409 1636 se
3453 1562 3714 1659 praeci-

2168 1681 2357 1778 pitet
2396 1682 2471 1754 in
2511 1682 2835 1775 foveam,
2872 1689 3376 1755 contemnens
3416 1678 3707 1752 domini

2169 1799 2286 1872 sui
2361 1799 2835 1888 mandatum,
2908 1807 2981 1872 et
3055 1797 3165 1872 sic
3241 1820 3392 1870 non
3476 1796 3713 1893 possit

2168 1917 2536 2016 perficere
2596 1943 2793 2017 opus
2868 1941 2910 1992 a
2978 1917 3307 1991 Domino
3376 1916 3713 2013 impera-
3818 1908 3825 1913 ’

2167 2044 2357 2130 tum,
2404 2059 2557 2110 non
2619 2046 3029 2109 excusatur
3070 2058 3159 2108 ex
3229 2033 3706 2131 impotentia,

2167 2153 2351 2251 quia
2426 2152 2955 2251 impotentiam
3025 2151 3198 2227 fecit
3264 2151 3405 2226 sibi
3479 2154 3708 2225 homo

2167 2295 2305 2369 per
2344 2281 2740 2370 peccatum
2804 2282 2877 2345 et
2908 2269 3386 2367 injustitiam.
3432 2270 3712 2344 Nullus

2166 2397 2424 2462 autem
2467 2386 2801 2484 injustus
2842 2387 3268 2461 admittitur
3313 2386 3408 2460 ad
3469 2385 3712 2461 beati-

2163 2503 2541 2596 tudinem,
2606 2525 2844 2602 quare
2886 2512 3184 2600 oportet
3241 2501 3705 2597 satisfacere,

2169 2631 2250 2695 ut
2308 2620 2440 2695 fiat
2488 2621 2773 2717 justus.

2263 2736 2700 2811 Secundam
2797 2734 3028 2807 etiarn
3126 2733 3706 2831 responsionem
3790 2796 3793 2799 .

2165 2852 2502 2928 excludit
2540 2852 2678 2946 sic,
2724 2850 2906 2948 quia
2947 2859 3080 2924 aut
3119 2850 3433 2924 remittit
3489 2851 3710 2925 debi-

2161 2980 2355 3064 tum,
2411 2979 2491 3045 ut
2547 2993 2703 3044 non
2765 2977 3122 3045 teneatur
3181 2969 3271 3043 ad
3334 2970 3704 3043 honorem

2163 3090 2668 3182 reddendum,
2742 3087 3033 3182 scilicet
3102 3087 3304 3187 quod
3378 3085 3709 3161 remittat

2164 3206 2258 3291 id,
2293 3206 2495 3305 quod
2532 3205 2755 3279 debet
2787 3215 3056 3303 sponte
3091 3203 3406 3278 reddere
3442 3204 3701 3298 homo,

2161 3325 2453 3401 scilicet
2518 3326 2889 3397 honorem
2945 3322 3134 3415 Deo,
3189 3331 3263 3395 et
3322 3323 3464 3395 hoc
3533 3320 3703 3396 ideo

2160 3443 2341 3541 quia
2409 3441 2724 3517 reddere
2792 3464 2944 3513 non
3010 3448 3280 3538 potest,
3335 3440 3481 3513 hoc
3545 3463 3697 3513 non

2156 3570 2271 3635 est
2309 3559 2513 3634 aliud
2555 3559 2836 3652 dicere,
2886 3557 3033 3632 nisi
3065 3557 3311 3633 Deum
3355 3556 3697 3631 debitum

2155 3677 2562 3770 dimittere,
2636 3676 2818 3774 quia
2874 3674 3139 3749 haberi
3195 3698 3348 3748 non
3393 3683 3691 3772 potest;

2155 3795 2383 3868 talem
2436 3803 2687 3867 autem
2746 3791 3350 3867 misericordiam
3393 3791 3553 3864 Deo
3595 3799 3699 3865 at-

2155 3911 2515 4003 tribuere,
2551 3907 2832 3983 derisio
2861 3917 3000 3982 est.
3048 3907 3128 3981 Si
3187 3916 3443 3981 autem
3485 3905 3697 3981 emit-

2154 4038 2259 4102 tat
2299 4051 2634 4126 poenam,
2696 4037 2770 4102 et
2813 4025 3032 4100 faciat
3091 4025 3483 4100 hominem
3525 4025 3697 4100 bea-

2152 4154 2343 4240 tum,
2388 4155 2570 4219 tunc
2610 4142 2991 4219 beatificat
3034 4142 3424 4216 hominem
3477 4166 3698 4240 prop-

2151 4273 2265 4337 ter
2342 4273 2769 4361 peccatum,
2842 4261 3026 4359 quia
3100 4259 3389 4334 scilicet
3465 4260 3694 4335 habet

2150 4379 2676 4477 impotentiam
2773 4375 3290 4452 satisfaciendi
3358 4386 3430 4450 et
3516 4377 3691 4451 red-

2150 4496 2406 4591 dendi,
2498 4519 2727 4593 quam
2821 4518 2972 4567 11011
3070 4493 3295 4568 debet
3370 4493 3684 4585 habere,

2147 4613 2351 4711 quod
2441 4620 2555 4686 est
2630 4611 2911 4686 habere
2998 4617 3425 4707 peccatum,
3507 4610 3690 4707 quia

2143 4729 2437 4803 scilicet
2523 4727 2751 4802 habet
2840 4725 3398 4824 impotentiam,
3479 4726 3684 4822 quod

2144 4845 2435 4918 fatuum
2495 4854 2609 4918 est
2645 4842 2924 4917 dicere.

2236 4962 2377 5036 Ter
2387 4960 2512 5050 tio,
2559 4960 2988 5035 ostenditur
3024 4956 3229 5056 quod
3262 4957 3673 5032 satisfactio

2140 5077 2309 5172 ista,
2346 5077 2699 5175 quamvis
2726 5078 2973 5169 detur,
3027 5099 3178 5148 non
3223 5085 3469 5173 potest
3508 5074 3674 5150 fieri

2138 5311 2502 5385 satisfacit
2541 5310 2821 5407 aliquis
2864 5334 2998 5407 pro
3045 5321 3354 5407 peccato
3428 5310 3677 5382 homi-

2138 5426 2284 5520 nis,
2396 5427 2542 5499 nisi
2658 5425 2922 5499 reddat
3015 5425 3302 5522 aliquid
3401 5425 3671 5519 majuS,

2142 5567 2371 5641 quam
2430 5543 2526 5617 sit
2584 5542 2770 5616 illud
2855 5566 2992 5642 pro
3060 5564 3212 5638 quo
3282 5551 3677 5639 peccatum

2135 5663 2382 5736 facere
2442 5685 2595 5735 non
2657 5661 3051 5754 debuerat,
3096 5660 3226 5734 sed
3284 5684 3420 5757 pro
3464 5658 3674 5733 omni

3709 5063 3873 5113 Homo
3917 5076 4025 5115 non

3756 5132 3940 5188 potera
3911 5132 3963 5176 61

2137 5195 2233 5269 ab
2279 5195 2589 5269 homine
2631 5217 2852 5291 puio,
2899 5203 2971 5267 et
3003 5194 3145 5266 hoc
3188 5192 3471 5288 arguit:
3501 5188 4009 5311 Non⁸132⁸f⁶²rg³g

3839 4974 3901 5040 7.

3782 5314 3958 5377 culpa.
