4295 6326
327 553 392 605 Et
419 568 648 618 quomo-

452 617 540 670 do.

681 353 809 422 226

776 527 925 602 Sed
954 537 1233 603 suntne
1295 529 1448 604 iltae
1494 527 1857 627 potentiae
1889 526 2109 601 aliter
2140 524 2220 599 in

675 653 1045 743 potestate
1078 645 1523 739 voluntatiS,
1569 668 1799 742 quam
1835 667 1970 743 per
2009 643 2222 740 prin-

673 759 959 858 cipium
1033 762 1400 835 motivum
1450 761 1490 833 ‘2
1556 761 1742 835 Dico
1822 760 2024 857 quod
2078 758 2215 850 sic,

673 876 857 972 quia
887 877 1297 974 perfectius
1328 886 1653 975 possunt
1712 876 1785 950 in
1841 885 2092 950 actum
2127 899 2221 949 ex

670 1015 787 1083 e0,
835 993 1038 1089 quod
1081 996 1441 1069 voluutas
1474 991 2220 1086 habetactumssirca

671 1107 873 1182 idern
908 1109 1338 1206 objectum3
1398 1121 1599 1209 patet
1640 1111 1715 1184 in
1784 1111 1981 1184 visu.
2020 1109 2214 1182 Nam

670 1234 920 1299 stante
953 1227 1220 1302 eadem
1262 1228 1762 1326 dispositione
1817 1226 2094 1324 obJecti
2144 1235 2219 1299 et

668 1345 903 1438 oculi,
950 1355 1197 1443 potest
1264 1346 1476 1421 visus
1535 1346 1895 1445 imperari
1975 1369 2019 1420 a
2076 1368 2218 1418 vo-

670 1462 984 1551 luntate,
1022 1473 1103 1537 ut
1177 1464 1467 1561 absque
1539 1473 1750 1538 motu
1812 1462 2032 1537 locali
2092 1461 2217 1534 in-

666 1590 974 1654 tueatur
1013 1581 1348 1679 aliquem
1390 1591 1761 1679 punctum
1804 1579 2215 1679 perfectius

573 1769 577 1774 .
669 1697 894 1771 modo
929 1721 1158 1795 quam
1220 1698 1462 1796 priuS,
1500 1708 1574 1773 et
1616 1700 1758 1772 hoc
1795 1698 1874 1770 in
1943 1696 2211 1771 eadem

336 2073 616 2135 Quomodo

339 2142 420 2189 est
454 2139 508 2188 in
539 2137 617 2188 eis

353 2201 559 2252 malitia
586 2203 611 2251 ‘1

357 2903 436 2954 Ad
467 2904 581 2968 pri-

308 2979 455 3015 mum
486 2981 546 3017 ar
585 3005 597 3018 .

334 3035 520 3092 quaest.
588 3065 600 3080 .

334 4397 588 4448 Ob'eetio.

334 4461 403 4511 So
431 4460 559 4512 utio.
609 4470 613 4475 ’

295 5216 376 5269 Ad
400 5228 597 5266 secun-

394 5283 544 5338 dum,

668 1814 1088 1911 pyramide,
1131 1825 1205 1889 et
1267 1815 1463 1888 infra
1526 1814 1872 1889 eamdem
1932 1811 2209 1906 basim,

670 1940 981 2027 propter
1011 1931 1574 2028 copulationem
1616 1929 2057 2005 voluntatis.

772 2045 921 2120 Sed
953 2047 1338 2143 quomodo
1393 2057 1507 2121 est
1558 2047 1843 2120 malitia
1902 2046 1977 2118 in
2025 2044 2136 2119 eis
2174 2043 2214 2116 ‘2

673 2161 861 2236 Dico
895 2163 1098 2260 quod
1126 2162 1619 2237 materialiter
1649 2163 1915 2238 eodem
1952 2162 2206 2254 mod0,

671 2278 976 2353 sicutin
1020 2278 1216 2372 aliis,
1250 2279 1326 2352 in
1405 2302 1759 2354 sermone
1801 2288 1875 2354 et
1937 2279 2215 2375 cogita-

667 2397 905 2489 tione,
942 2395 1234 2470 scilicet
1266 2396 1573 2493 quando
1605 2420 1755 2469 non
1805 2404 1983 2470 sunt
2035 2417 2208 2468 cum

666 2512 943 2587 debitis
983 2513 1578 2587 circumstantiis
1618 2513 1919 2606 elicitae,
1966 2521 2039 2587 et
2083 2535 2214 2585 ca-

664 2636 836 2704 rent
917 2629 1371 2705 rectitudine
1461 2630 1911 2727 participata
1979 2652 2212 2726 quam

666 2746 1036 2821 deberent
1077 2747 1385 2822 habere.

760 2863 873 2937 Ad
995 2864 1330 2961 primum
1453 2874 2021 2961 argumentum¹
2116 2865 2208 2938 de

660 2981 1054 3077 Apost010,
1102 2980 1270 3055 dico
1304 2980 1509 3078 quod
1553 2980 1739 3053 illud
1800 2990 1915 3055 est
1980 2980 2211 3056 intel—

661 3096 1060 3194 ligendum
1120 3097 1374 3196 quoad
1443 3097 1733 3196 primos
1784 3107 2064 3191 motus,
2135 3106 2211 3172 et

659 3215 751 3290 de
796 3214 917 3288 his
949 3238 1105 3288 non
1161 3214 1384 3289 video
1439 3216 1645 3312 quod
1721 3215 1873 3289 sint
1948 3239 2209 3314 pecca-

657 3340 846 3415 tum,
881 3331 1062 3429 quia
1102 3331 1554 3428 praecedunt
1585 3355 1892 3405 omnem
1950 3342 2202 3406 actum

624 3446 1102 3540 voluntati&
1140 3456 1213 3521 et
1246 3449 1459 3521 nulla
1527 3448 1717 3521 ratio
1784 3449 2031 3547 culpae
2090 3458 2205 3523 est

655 3564 731 3636 in
767 3564 1027 3661 aliquo
1059 3564 1540 3662 praecedente
1573 3574 1827 3640 actum
1861 3568 2206 3655 volunta-

654 3682 773 3755 tis.
819 3682 1384 3757 Delectationes
1426 3707 1636 3776 vere,
1675 3707 1849 3781 qufe
1898 3694 2079 3759 sunt
2124 3686 2202 3757 in

654 3798 1074 3891 voluntate,
1137 3807 1319 3872 sunt
1387 3808 1814 3896 peccatum,
1889 3803 2201 3898 quando

650 3923 831 3988 sunt
872 3915 963 3988 de
999 3914 1291 4002 illicito,
1345 3925 1424 3989 ut
1479 3916 1789 4013 quaudo
1852 3918 2202 3992 voluntas

650 4032 1076 4106 delectatur
1125 4032 1498 4130 appetitui
1577 4033 1973 4128 sensitivo,
2020 4036 2203 4132 quia

651 4147 805 4221 illae
839 4171 991 4221 non
1074 4157 1256 4223 sunt
1320 4147 1487 4222 sine
1549 4160 1719 4224 actu
1773 4151 2088 4226 rationis
2128 4163 2204 4227 et

651 4265 1072 4340 voluntatis
1111 4265 1620 4364 praecedente.

751 4381 829 4455 Si
863 4381 1074 4455 dicas
1120 4381 1325 4479 quod
1404 4381 1626 4479 primi
1702 4393 1953 4458 motus
2020 4395 2201 4459 sunt

649 4509 987 4597 peccata,
1045 4523 1134 4573 ex
1191 4522 1281 4573 eo
1350 4500 1549 4597 quod
1625 4502 1978 4576 voluntas
2041 4527 2196 4577 non

651 4615 1055 4712 praevenit,
1106 4616 1274 4689 dico
1344 4615 1550 4713 quod
1618 4625 1801 4688 tunc
1861 4639 2012 4691 non
2086 4630 2199 4694 est

651 4732 961 4829 aliquod
991 4741 1385 4829 peccatum
1418 4733 2008 4828 commissioniS,
2062 4737 2197 4811 sed

652 4848 838 4922 forte
908 4848 1376 4942 omissionis,
1421 4859 1496 4924 et
1561 4849 1669 4923 sic
1733 4849 1865 4924 illa
1930 4875 2190 4949 opera,

650 4987 825 5060 qnae
893 4973 1072 5038 sunt
1141 4974 1453 5062 peccata
1511 4965 1955 5059 formaliter,
2014 4978 2196 5042 sunt

649 5082 779 5155 illa
822 5105 1057 5179 opera
1099 5081 1486 5155 interiora.

746 5196 857 5272 Ad
949 5198 1403 5291 secundum,
1484 5196 1893 5272 dicendum
1985 5203 2192 5297 quod

647 5315 1032 5414 appetitus
1075 5324 1333 5391 noster
1388 5314 1830 5409 sensitivus,
1894 5316 1969 5389 in
2036 5342 2189 5415 quo

2101 348 2340 418 LlBRI
2387 348 2474 421 ΙΙ.

2329 524 2834 599 convenimus
2887 549 3062 600 cum
3156 526 3429 620 brutis,
3494 538 3606 601 est
3687 525 3879 603 liber

2291 664 2464 737 *per
2532 641 3227 739 participationem,
3308 652 3382 718 et
3476 643 3877 718 rationalis

2327 780 2463 853 per
2543 756 3236 855 participationem,
3310 760 3494 858 quia
3611 761 3877 835 subest

2325 875 2728 968 voluntati,
2810 888 2884 950 et
2958 877 3308 953 similiter
3374 888 3619 976 potest
3701 904 3876 953 con-

2326 991 2518 1065 verti
2564 992 2655 1066 ad
2713 993 3032 1086 bonum,
3101 996 3479 1069 et·ave1·ti
3525 1020 3570 1070 a
3636 996 3865 1071 bonO.

2323 1109 2492 1182 Non
2547 1120 2798 1184 tamen
2867 1111 2945 1183 in
3015 1111 3241 1185 nobis
3295 1122 3410 1187 est
3472 1113 3869 1188 rationalis

2323 1249 2461 1322 per
2581 1227 3246 1326 participationem
3367 1253 3502 1327 per
3613 1239 3866 1305 actum

2323 1368 2580 1437 suum,
2608 1345 2740 1418 sed
2783 1368 2919 1442 per
2951 1354 3205 1420 actum
3240 1347 3558 1421 alterius
3598 1358 3871 1445 poten-

2321 1461 2488 1553 tiae3
2524 1460 2601 1533 in
2636 1461 2883 1536 brutis
2923 1486 3106 1537 vero
3142 1463 3317 1538 licet
3346 1463 3444 1537 sit
3482 1465 3867 1563 appetitus

2321 1577 2768 1671 sensitivuS,
2827 1603 2980 1653 non
3015 1589 3272 1655 tamen
3328 1591 3442 1656 est
3481 1581 3865 1679 particeps

2322 1692 2638 1768 rationis
2667 1694 2738 1767 in
2786 1694 2921 1780 eis,
2968 1695 3270 1769 sicutin
3313 1696 3562 1771 nobiS.

2422 1809 2526 1882 Ad
2582 1810 3088 1907 quaestionem
3154 1824 3535 1910 quartam,
3599 1812 3861 1887 dicen-

2318 1923 2501 1998 dum
2530 1926 2733 2023 quod
2769 1927 3290 2026 Hieronymus
3331 1929 3453 2002 hic
3517 1953 3669 2002 non
3741 1929 3859 2002 di-

2316 2041 2506 2114 vidit
2563 2053 2958 2140 peccatum
3036 2046 3332 2121 actuale
3409 2046 3853 2141 formaliter,

2317 2180 2459 2231 nec
2500 2158 2728 2233 etiam
2762 2160 3192 2257 subjectum
3241 2163 3530 2261 peccati
3579 2165 3860 2238 forma-

2315 2274 2435 2368 lis,
2466 2276 2649 2372 quia
2689 2279 2832 2352 boc
2873 2288 2987 2352 est
3021 2287 3237 2354 actus
3299 2282 3741 2374 voluntatis,
3787 2292 3860 2355 et

2317 2396 2470 2465 no'n
2503 2393 2889 2488 cogitatio,
2923 2418 3064 2469 nec
3111 2419 3390 2489 serino,
3455 2420 3596 2471 nec
3665 2422 3859 2496 opus

2314 2508 2675 2601 exterius,
2745 2533 2883 2585 nec
2956 2511 3330 2607 originale
3426 2522 3853 2611 peccatum,

2313 2623 2496 2720 quia
2536 2626 2681 2699 hoc
2746 2636 2860 2701 est
2916 2636 3213 2702 tantum
3273 2629 3346 2701 in
3392 2629 3677 2721 anima,
3724 2630 3858 2705 sed

2316 2738 2716 2838 distinguit
2762 2749 3054 2816 tantum
3126 2745 3557 2841 subjectum
3619 2756 3861 2820 mate-

2313 2856 2500 2932 riale
2533 2859 2849 2955 peccati.
2890 2861 2978 2933 Et
3009 2869 3268 2957 posset
3298 2860 3675 2935 contineri
3728 2862 3861 2938 illa

2312 2971 2587 3048 divisio
2619 2975 2909 3073 peccati
2967 2977 3383 3052 materialis
3424 2979 3568 3053 sub
3599 2979 3859 3077 dupli-

2313 3090 2380 3163 ci
2415 3092 2786 3188 membro,
2843 3094 3132 3170 scilicet
3190 3096 3396 3194 quod
3456 3106 3851 3195 peccatum

2312 3208 2696 3304 quoddam
2736 3211 3084 3285 consistit
3148 3212 3225 3284 in
3270 3222 3437 3287 actu
3484 3213 3854 3300 interiori,

2312 3333 2385 3397 et
2417 3326 2802 3422 quoddam
2836 3327 2913 3400 in
2958 3322 3130 3403 actu
3173 3329 3555 3403 exteriori.
3596 3330 3853 3403 Primo

2315 3442 2536 3515 modo
2569 3452 2683 3517 est
2716 3455 3109 3540 peccatum
3171 3446 3679 3542 cogitationis.
3728 3447 3856 3522 Se-

2257 3606 2263 3611 -
2311 3558 2563 3631 cundo
2623 3559 2849 3633 modo
2919 3561 3460 3655 subdividitur,
3523 3562 3707 3660 quia
3744 3562 3853 3636 sic

2311 3672 2651 3748 continet
2685 3675 3148 3751 locutionem
3183 3688 3257 3751 et
3295 3678 3849 3776 operationem,

2309 3796 2383 3859 et
2415 3788 2970 3864 rationabiliter
3001 3791 3403 3889 distinguit
3445 3793 3633 3868 illud
3673 3817 3854 3890 pec-

2309 3912 2562 3977 catum
2618 3905 3027 3980 locutionis
3085 3930 3131 3981 a
3205 3918 3514 4006 peccato
3566 3909 3845 4008 operiS,

2309 4020 2488 4118 quia
2547 4023 2828 4096 locutio
2881 4025 3209 4099 maxime
3295 4026 3657 4102 convenit
3713 4029 3854 4101 ho-

2313 4138 2525 4232 mini,
2565 4149 2644 4212 ut
2694 4140 3084 4217 rationalis
3151 4152 3291 4236 est,
3327 4154 3402 4218 et
3471 4153 3552 4218 ut
3617 4147 3848 4220 homo

2307 4265 2446 4348 est,
2493 4256 2675 4353 quia
2708 4258 2928 4332 utsic
2987 4270 3099 4335 est
3153 4262 3848 4338 communicativus

2306 4382 2379 4447 et
2410 4375 2760 4449 amabilis
2801 4403 2819 4469 ;
2867 4377 3147 4451 locutio
3224 4380 3430 4453 enim
3510 4381 3689 4456 facit
3752 4382 3845 4456 ad

2305 4490 3083 4567 communicationem
3117 4504 3191 4569 et
3221 4495 3314 4568 ad
3349 4496 3842 4591 amationem,

2305 4617 2377 4680 et
2408 4608 2518 4681 sic
2559 4606 3245 4708 circumloquimur
3311 4623 3565 4688 actum
3641 4624 3849 4688 exte-

2304 4723 2582 4800 riorem
2617 4751 2754 4824 per
2793 4729 2945 4802 duo
2981 4732 3353 4824 membra,
3382 4742 3454 4806 et
3485 4733 3710 4808 debet
3741 4733 3852 4805 in-

2303 4840 2542 4936 telligi
2585 4841 2860 4916 divisio
2892 4845 3219 4941 positive
3262 4848 3515 4944 quoad
3572 4870 3852 4946 pecca-

2304 4967 2462 5032 tum
2512 4960 3106 5055 commissioniS,
3168 4964 3522 5059 negative
3593 4965 3843 5062 quoad

2300 5087 2699 5173 peccatum
2742 5080 3215 5173 omissionis,
3249 5082 3325 5154 in
3354 5081 3841 5178 cogitatione,

2299 5190 2684 5267 locutione
2725 5202 2797 5266 et
2848 5218 3104 5291 opere.

3936 1827 4157 1880 Solutio

3950 1895 4168 1955 quurtae

3927 1954 4192 2018 quaestio-

3983 2016 4089 2068 nis.
