4295 6326
618 384 748 454 246

725 556 913 631 Item
970 561 1232 635 relatio
1286 585 1440 635 non
1496 561 1899 658 distinguit
1955 562 2172 637 abso-

632 672 876 747 lutum
903 674 1180 773 igit0r3
1214 678 1414 754 idern
1449 679 1885 753 absolutum
1922 679 2174 777 potest

630 814 799 867 6336
866 793 1452 872 fundamentum
1504 796 1984 872 diversarum
2051 820 2176 872 re-

639 912 1039 988 lationum.

732 1032 1011 1109 Modus
1042 1036 1375 1133 ponendi
1407 1045 1521 1112 est
1552 1035 1736 1111 iste:
1775 1036 1991 1111 Sicut
2021 1036 2173 1109 duo

640 1170 960 1245 corpora
999 1162 1324 1248 possunt
1364 1175 1530 1228 esse
1564 1152 1820 1243 simul,
1866 1161 1940 1226 et
1980 1152 2178 1226 sicut

640 1266 839 1340 idem
932 1268 1286 1345 accidens
1370 1270 1601 1345 simul
1694 1270 1772 1343 in
1851 1269 2177 1345 diversis

640 1383 1029 1480 subjectis,
1066 1386 1177 1461 sic
1208 1388 1473 1463 eadem
1509 1397 1787 1463 natura
1825 1386 2053 1462 simul
2097 1386 2175 1460 in

641 1499 966 1575 diversis
997 1503 1373 1600 personis.

740 1618 1221 1694 Contrarium
1265 1621 1499 1719 hujus
1553 1630 1803 1697 tamen
1854 1620 2182 1696 ostendi·

644 1742 793 1826 tur,
843 1734 1027 1831 quia
1088 1737 1150 1811 si
1219 1738 1484 1812 eadem
1542 1746 1819 1812 natura
1857 1759 2180 1812 numero

644 1863 845 1929 esset
910 1855 1136 1930 simul
1198 1856 1274 1930 in
1343 1857 1666 1933 diversis
1734 1856 2176 1957 suppositiS,

644 1970 808 2068 ipsa
851 1964 1408 2068 essetinfinita,
1455 1975 1652 2049 sicut
1691 1984 1897 2073 patet
1935 1975 2026 2049 de
2061 1998 2183 2049 es-

642 2090 888 2165 sentia
917 2090 1220 2185 divina3
1260 2092 1493 2189 igitur
1534 2102 1809 2167 natura
1839 2095 1941 2166 hu
1958 2117 2184 2167 mana

535 2236 538 2239 ’
641 2216 842 2281 esset
883 2207 1208 2284 infinita.

283 2340 605 2454 Responsgq.
735 2326 1031 2401 Dicitur
1093 2329 1298 2425 quod
1344 2330 1692 2427 sequitur
1759 2330 1849 2405 de
1908 2339 2185 2404 natura

304 2410 581 2533 Vssru‘firgf
639 2440 926 2536 divina,
986 2444 1192 2542 quod
1260 2454 1375 2519 est
1440 2444 1767 2536 infinita,
1815 2445 2001 2542 quia
2068 2453 2184 2519 est

638 2557 906 2632 eadem
934 2558 1326 2635 identitate
1357 2561 1437 2634 in
1471 2560 1796 2636 diversis
1828 2585 1912 2635 su
1929 2561 2184 2659 pposi-

647 2673 781 2767 tis3
828 2675 960 2749 sed
992 2675 1136 2750 ista
1176 2686 1451 2752 natura
1482 2679 1852 2771 humana,
1888 2701 2030 2752 nec
2071 2686 2186 2752 est

645 2791 912 2864 eadem
974 2791 1302 2868 identice
1380 2794 1799 2893 suppositis
1868 2792 2178 2888 divinis,

646 2930 787 2981 nec
830 2906 1271 2984 formaliter.

425 3041 492 3106 6,
743 3025 1048 3118 Contra,
1103 3049 1194 3100 ex
1234 3026 1364 3100 illo
1433 3026 1783 3123 sequitur
1830 3023 2186 3125 proposi-

296 3155 579 3220 Rejicitur·
649 3151 834 3230 tum,
872 3141 977 3217 ita
1015 3141 1488 3242 impossibile
1532 3153 1645 3219 est
1678 3143 2035 3220 accidens
2064 3166 2186 3218 es·-

643 3284 724 3335 se
759 3259 1255 3355 illimitatum,
1293 3261 1491 3336 sicut
1540 3261 2000 3359 subjectum,
2059 3260 2181 3335 vel

647 3377 918 3474 magis,
964 3378 1162 3452 sicut
1192 3378 1623 3454 substantia
1668 3379 1963 3471 eadem,
2011 3399 2185 3476 quoe

643 3505 757 3571 est
785 3495 864 3568 in
902 3497 1044 3570 hac
1086 3508 1327 3595 parte,
1374 3507 1488 3573 est
1528 3498 1605 3570 in
1666 3493 1823 3591 illa,
1862 3498 2188 3594 loquen-

628 3612 738 3685 do
799 3613 890 3687 de
947 3613 1439 3701 intellectiva,
1500 3636 1971 3712 quamquam
2027 3638 2185 3688 non

648 3730 914 3803 eadem
950 3732 1116 3828 pari
1161 3732 1553 3832 identitate
1581 3760 1600 3826 3
1652 3732 1713 3806 si
1767 3741 2022 3807 tamen
2056 3732 2189 3805 illa

646 3855 904 3919 essent
969 3846 1273 3921 diversa
1339 3848 1763 3946 supposita,
1820 3871 2190 3945 sequere-

648 3972 771 4036 tur
803 3962 1008 4060 quod
1038 3964 1297 4039 anima
1335 3963 1801 4040 intellectiva
1841 3975 2042 4040 esset
2082 3964 2187 4037 in-

331 4097 530 4148 Natura
560 4093 603 4144 si
651 4079 864 4155 finita
897 4109 914 4174 3
952 4080 1187 4177 igitur
1223 4081 1330 4156 sic
1364 4105 1456 4156 ex
1505 4091 1717 4180 parte
1750 4082 1926 4158 alia.
1973 4083 2184 4176 Item,

362 4165 585 4274 ῗιῖἷὲιξιῖἑ]
651 4191 916 4272 contra
957 4198 1362 4293 rationem,
1434 4198 1565 4274 illa
1608 4210 1880 4276 natura
1930 4209 2193 4299 posset

300 4299 619 4421 ξῗῗῗοοζξρῗ
651 4337 817 4389 6336
859 4313 936 4387 in
981 4316 1241 4389 multis
1271 4315 1691 4413 suppositis
1730 4316 1988 4410 simul,
2025 4340 2194 4414 pos·

303 4414 359 4463 ³⁰
392 4413 620 4527 ζξξξηη
649 4441 764 4506 set
806 4432 1010 4507 enim
1053 4431 1130 4505 in
1173 4432 1494 4507 infinitis
1524 4443 1899 4531 quantum
1946 4442 2058 4508 est
2099 4457 2193 4508 ex

650 4560 863 4649 parte
896 4549 1044 4644 sui,
1090 4549 1272 4646 quia
1299 4549 1439 4625 etsi
1472 4574 1625 4625 non
1662 4549 1813 4636 sint
1853 4549 2185 4644 infinita,

647 4669 726 4741 in
762 4667 1043 4765 quibus
1076 4667 1313 4764 possit
1361 4670 1557 4759 esse,
1605 4691 1760 4742 non
1806 4678 2063 4743 tamen
2099 4691 2192 4743 ex

646 4796 860 4883 parte
902 4784 1022 4859 sui
1065 4793 1203 4880 est,
1250 4785 1437 4883 quin
1469 4786 1707 4884 possit
1762 4809 1927 4861 esse
1961 4785 2035 4858 in
2068 4784 2193 4859 in-

645 4900 911 4996 finitis,
956 4902 1018 4976 si
1069 4910 1349 4995 essent,
1415 4911 1488 4978 et
1549 4905 1693 4977 hoc
1776 4903 2185 5001 probatur:

647 5022 1144 5118 Repugnaret
1173 5020 1318 5095 sibi
1360 5021 1589 5097 simul
1648 5019 2061 5096 sustentari
2112 5020 2189 5094 in

652 5162 760 5232 se,
799 5148 872 5213 et
902 5138 977 5211 in
1014 5138 1203 5212 Filio
1239 5166 1258 5233 3
1306 5138 1539 5235 igitur
1566 5139 1729 5237 pari
1776 5139 2069 5214 ratione
2113 5137 2191 5210 in

653 5255 845 5329 Filio
890 5259 1072 5330 etin
1106 5255 1358 5330 Patre.

751 5372 938 5446 Dico
1008 5371 1242 5467 igitur
1298 5372 1393 5445 ad
1470 5373 1677 5446 hunc
1750 5372 2190 5468 articulum,

656 5494 861 5594 quod
890 5492 953 5567 si
989 5492 1178 5567 ratio
1224 5491 1686 5568 terminandi
1746 5502 1994 5591 potest
2025 5515 2193 5567 esse

651 5620 733 5695 in
800 5611 1153 5714 pluribus
1244 5609 1595 5709 personis
1689 5609 1948 5705 simul,
2012 5618 2196 5685 tunc

332 1653 549 1704 Contra.

1985 393 1989 397 ’
2035 388 2275 458 LIBRI
2323 387 2446 458 111.

2281 562 2884 661 possentplures
2913 588 3268 662 personae
3327 564 3555 638 simul
3599 586 3819 637 assu-

2284 704 2493 757 mere
2518 682 2923 757 eamdemn
2948 693 3245 758 aturam
3275 711 3293 778 3
3321 684 3386 758 si
3414 706 3600 776 non,
3623 705 3775 756 non
3803 707 3821 773 ;

2283 800 2481 874 sicut
2521 799 2583 874 si
2610 800 2880 876 albedo
2937 813 3189 900 potest
3247 825 3416 878 esse
3473 801 3703 876 simul
3746 800 3820 872 in

2283 919 2530 994 tribus
2593 919 3180 1017 superficiebuS,
3244 929 3491 1021 potest
3557 941 3826 994 omnes

2285 1036 2513 1111 simul
2569 1036 3012 1133 informare,
3077 1048 3151 1114 et
3198 1050 3381 1113 tunc
3441 1038 3534 1113 ad
3594 1060 3825 1136 quam

2288 1155 2657 1230 unitatem
2691 1156 2833 1230 erit
2863 1156 3354 1232 terminatio?
3383 1156 3569 1230 Dico
3621 1155 3824 1253 quod

2288 1274 2432 1346 hoc
2461 1273 2886 1369 supposito,
2917 1272 3547 1370 distinguendum
3581 1281 3694 1346 est
3733 1272 3827 1347 de

2290 1388 2631 1482 unitate;
2678 1413 2835 1463 una
2875 1399 2988 1464 est
3032 1389 3341 1463 unionis
3368 1388 3697 1487 partium
3748 1387 3829 1460 in

2286 1512 2495 1597 toto;
2542 1504 2692 1578 alia
2746 1515 2860 1580 est
2926 1505 3374 1598 identitatis,
3431 1502 3614 1602 quia
3654 1526 3828 1577 cum

2288 1644 2382 1695 ex
2438 1620 2755 1695 materia
2817 1629 2890 1696 et
2951 1621 3193 1696 forma
3256 1620 3342 1693 fit
3403 1644 3675 1714 unum,
3719 1627 3834 1694 est

2288 1738 2728 1814 terminatio
2771 1739 2863 1814 ad
2925 1740 3293 1814 unionem
3365 1739 3696 1838 partium
3750 1737 3826 1811 in

2287 1867 2473 1948 tot0‚
2518 1882 2673 1932 non
2719 1858 2811 1932 ad
2861 1858 3228 1933 unionem
3264 1856 3726 1949 identitatis3
3759 1864 3833 1930 et

2289 1974 2433 2048 ista
2478 1973 2907 2048 terminatio
2962 1983 3077 2048 est
3143 1974 3235 2049 ad
3283 1973 3648 2047 unionem
3698 1972 3833 2046 de-

2289 2090 2756 2189 pendentiae,
2819 2100 2893 2165 et
2945 2114 3082 2189 per
3149 2112 3633 2187 consequens
3690 2111 3832 2164 ne-

2289 2231 2438 2305 que
2489 2207 2947 2282 terminatur
2995 2207 3085 2282 ad
3150 2207 3520 2281 unitatem
3562 2228 3832 2304 perso-

2289 2351 2440 2422 nae,
2487 2350 2738 2425 neque
2781 2328 2874 2401 ad
2918 2327 3290 2402 unitatem
3328 2337 3652 2418 naturae,
3698 2325 3829 2400 sed

2288 2445 2382 2519 ad
2410 2444 2786 2518 'unitatem
2832 2444 3254 2519 identitatis
3294 2444 3416 2518 vel
3458 2442 3829 2541 composi-

2287 2559 2519 2633 tionis
2560 2568 2857 2633 naturae
2899 2560 3261 2633 humanae
3325 2566 3400 2632 et
3438 2557 3824 2650 essentiae,

2288 2685 2361 2751 et
2430 2677 2573 2749 hoc
2641 2674 3025 2771 significat
3099 2674 3176 2766 vi
3235 2673 3829 2749 constructionis

2289 2792 2926 2868 GrammaticaliS.

2384 2909 2639 3004 DiceS,
2673 2932 2879 2983 nunc
2920 2919 3035 2983 est
3067 2908 3322 2984 unitas
3355 2918 3652 2984 naturae
3692 2908 3831 2984 hu·

2292 3049 2540 3101 manae
2565 3026 2658 3101 ad
2701 3049 3140 3123 personam,
3172 3033 3248 3101 et
3277 3035 3531 3100 tamen
3574 3049 3828 3124 neque

2289 3145 2898 3245 compositionis,
3007 3169 3264 3246 neque
3361 3144 3854 3241 identitatis3-

2289 3261 2524 3361 igitur
2555 3273 2736 3339 tunc
2784 3273 3045 3363 posset
3110 3286 3278 3338 esse
3345 3263 3517 3337 talis
3575 3262 3832 3338 unitas

2290 3387 2587 3455 naturae
2616 3380 2979 3456 humanae
3030 3388 3106 3455 et
3161 3379 3546 3471 essentiae,
3584 3388 3660 3456 et
3715 3387 3835 3454 ta-

2291 3518 2466 3570 men
2503 3518 2644 3570 nec
2696 3494 3303 3594 compositionis,
3370 3518 3514 3571 nec
3563 3493 3837 3569 identi-

2289 3612 2493 3705 tatis,
2525 3622 2687 3687 esto
2728 3612 2933 3711 quod
2975 3612 3488 3710 dependentia
3534 3621 3833 3687 naturae

2293 3729 2657 3803 humanae
2720 3712 2968 3826 primo
3032 3727 3492 3803 terminetur
3548 3728 3645 3802 ad
3711 3748 3840 3804 es-

2292 3845 2648 3920 sentiam.

2388 3963 2601 4050 Dico,
2661 3962 2866 4060 quod
2964 3986 3118 4036 non
3188 3963 3564 4062 sequitur,
3654 3961 3836 4061 quia

2294 4101 2467 4153 cum
2494 4102 2827 4177 persona
2852 4079 3211 4154 terminat
3242 4078 3833 4179 dependentiam

2291 4207 2592 4271 naturae
2626 4197 3015 4292 humanae,
3052 4220 3205 4271 non
3241 4196 3624 4293 significat
3676 4194 3843 4268 uni-

2295 4324 2524 4390 tatem
2570 4315 3012 4403 identitatis,
3057 4338 3311 4413 neque
3358 4312 3841 4413 compositio·

2298 4431 2446 4525 nis,
2483 4440 2556 4506 et
2595 4433 2741 4506 hoc
2793 4431 2869 4505 vi
2912 4432 3552 4525 constructionis3
3599 4442 3674 4507 et
3724 4440 3842 4505 ta·-

2299 4549 2572 4624 mensi
2624 4549 3079 4625 terminetur
3139 4550 3656 4649 dependentia
3712 4574 3841 4624 na-
3939 4570 3942 4573 ·

2297 4673 2492 4740 turae
2527 4666 2889 4740 humanae
2922 4666 3015 4740 ad
3048 4666 3490 4761 essentiam,
3519 4667 3842 4741 denota-

2299 4792 2425 4857 tur
2455 4782 2707 4858 unitas
2737 4781 3342 4881 compositionis,
3396 4783 3518 4858 vel
3559 4781 3843 4857 identi-

2298 4900 2474 4975 tatis
2521 4901 2815 4975 ratione
2885 4900 3241 5010 essentiae
3302 4900 3378 4973 vi
3440 4908 3841 4975 construc-

2300 5017 2558 5093 tionis.

2851 5280 3209 5340 SCHOLIUM
3251 5281 3297 5337 Ι.

2373 5452 2460 5512 Ad
2483 5449 2867 5524 quaestionem
2916 5450 3152 5507 tertiam
3200 5451 3533 5524 respondet,
3568 5454 3837 5507 naturam

2301 5551 2547 5601 creatam
2572 5558 2684 5598 non
2714 5557 2885 5612 posse
2916 5540 3137 5597 assumi
3169 5557 3202 5597 a
3234 5540 3501 5612 pluribus
3548 5540 3836 5630 personis,

2299 5632 2439 5707 quia
2470 5630 2750 5705 complete
2779 5632 3129 5689 terminatur
3155 5631 3283 5701 ejtxs
3325 5632 3722 5705 dependentia
3764 5631 3836 5689 ab
