4295 6326
112 870 246 917 Potens

98 943 249 979 caus-re

88 994 280 1048 micetius.

92 1062 207 1117 potent
228 1060 269 1103 et.

89 1117 272 1189 imperiec-

136 1189 222 1229 tius.

137 2872 178 2933 5.

1328 436 1557 507 DIST.
1607 435 1864 507 XVIII.
1916 435 2334 517 QUAESTIO
2382 437 2438 507 l.

329 611 644 705 cesserit,
698 614 1049 712 sequitur
1123 616 1329 712 quod
1398 614 1585 688 illud
1633 636 1851 689 crea-

331 738 460 801 tur.

409 846 618 939 Item,
656 848 842 922 illud
876 850 1354 947 praecedenS,
1404 848 1609 945 quod
1653 845 1848 920 dici-

323 971 429 1035 tur
476 988 653 1060 pars
696 967 959 1041 formae
1010 966 1498 1059 inducendae,
1553 974 1664 1040 est
1700 965 1845 1037 im-

321 1080 715 1176 perfectius
748 1105 976 1179 quam
1014 1084 1111 1158 sit
1151 1084 1394 1158 forma
1433 1082 1838 1179 completa,

319 1217 475 1292 quae
545 1197 943 1272 inducitur
1026 1201 1121 1275 ab
1208 1207 1512 1296 agente,
1581 1206 1656 1273 et
1729 1207 1844 1272 est

316 1312 641 1409 ejusdem
686 1315 1032 1411 rationis,
1080 1317 1301 1392 aliter
1365 1315 1568 1392 enirn
1628 1337 1843 1389 com-

314 1442 714 1529 poneretur
744 1432 989 1509 forma
1054 1459 1146 1510 ex
1196 1433 1545 1532 partibus
1585 1433 1843 1507 diver·-

311 1572 548 1624 sarum
594 1551 1029 1646 rationum3
1067 1551 1298 1626 sedin
1346 1550 1567 1647 cujus
1607 1549 1844 1624 virtu-

310 1677 371 1742 te
407 1666 655 1741 activa
686 1678 800 1743 est
839 1669 1278 1767 perfectius,
1352 1668 1427 1741 in
1474 1667 1641 1766 ejus
1681 1667 1844 1741 vir-

310 1793 448 1858 tute
510 1795 628 1859 est
699 1785 1248 1883 imperfectius.
1341 1786 1533 1860 Cum
1606 1784 1842 1881 igitur

309 1925 527 1999 agens
571 1905 931 1978 naturale
966 1905 1244 1979 habeat
1276 1903 1354 1976 in
1389 1903 1557 2001 ejus
1599 1902 1844 1975 virtu-

311 2030 369 2093 te
408 2021 661 2096 activa
716 2020 1039 2095 formam
1075 2023 1556 2120 completam,
1608 2020 1844 2117 igitur

309 2148 534 2235 potest
569 2162 863 2236 ponere
906 2139 981 2211 in
1040 2162 1198 2213 6336
1254 2139 1441 2212 illud
1497 2140 1843 2236 comple-

308 2264 449 2328 tum
494 2256 846 2352 ejusdem
881 2254 1229 2348 rationiS,
1267 2266 1341 2330 et
1373 2255 1561 2330 illud
1595 2266 1845 2352 potest

308 2372 725 2466 destruere,
772 2382 848 2447 et
889 2372 993 2445 ita
1023 2372 1214 2445 nihil
1250 2371 1417 2468 ejus
1446 2373 1845 2470 praecessit

306 2510 430 2563 nec
481 2488 783 2585 aliquid
846 2488 1273 2563 remanebit
1303 2499 1475 2586 post
1520 2512 1844 2587 corrup-

305 2607 631 2697 tionem3
725 2605 960 2701 igitur
1025 2605 1213 2679 illud
1283 2614 1522 2678 totum
1597 2614 1846 2703 potest

304 2745 545 2797 creare
582 2730 663 2795 et
695 2721 1153 2796 annihilare.

391 2849 610 2941 Item,
696 2871 961 2945 quoero
1030 2848 1123 2923 de
1191 2848 1535 2923 secunda
1628 2858 1843 2945 parte

88 2963 584 3053 animatormae,
665 2962 757 3037 de
809 2962 1030 3061 cujus
1097 2961 1436 3060 potentia
1483 2960 1846 3060 produci-

93 3056 205 3096 ussitnr
231 3050 280 3098 de

95 3116 254 3172 menn.
309 3088 416 3153 tur
442 3081 482 3153 ¹?
520 3082 607 3156 Si
644 3082 738 3156 de
771 3081 1111 3181 potentia
1153 3079 1522 3175 materiae,
1572 3080 1848 3154 frustra

95 3175 257 3237 ancujus,

106 3249 181 3294 qusn
199 3248 257 3288 ert

90 3301 239 3360 ejusdem

91 3365 252 3413 rationu.

310 3200 610 3296 ponitur
654 3223 831 3298 pars
882 3200 1227 3297 ejusdem
1278 3199 1598 3273 rationis
1661 3223 1848 3297 prae-

309 3320 597 3412 cedere,
657 3319 842 3417 quia
908 3318 1000 3392 de
1059 3319 1226 3414 ejus
1285 3318 1624 3416 potentia
1690 3341 1844 3392 non

308 3437 679 3511 educitur.
764 3436 842 3511 Si
901 3435 1253 3511 educitur
1328 3436 1421 3510 de
1508 3435 1849 3533 potentia

311 3557 528 3652 partis
636 3553 938 3653 prioriS,
1047 3553 1394 3650 sequitur
1492 3553 1849 3626 inconve-

306 3674 543 3756 niens,
594 3672 784 3770 quia
831 3681 1014 3747 tunc
1040 3670 1327 3768 aliquid
1371 3669 1725 3745 educitur
1755 3669 1847 3745 de

306 3792 638 3887 potentia
695 3789 933 3888 partis
983 3813 1176 3882 suae,
1238 3811 1413 3886 quae
1474 3798 1587 3863 est
1644 3787 1851 3884 ejus-

304 3906 470 3980 dem'
531 3905 889 3999 rationis,
960 3906 1082 3979 vel
1138 3904 1230 3979 de
1316 3904 1633 3979 materia
1713 3929 1851 4003 per

305 4033 582 4120 partem
674 4046 922 4096 suam.
989 4020 1139 4096 Sed
1202 4019 1676 4119 impossibile
1736 4031 1851 4095 est

305 4141 493 4236 quod
563 4137 861 4237 aliquid
926 4137 1297 4213 educatur
1363 4137 1454 4212 de
1510 4136 1849 4234 potentia

304 4255 653 4353 alicujus,
693 4254 896 4352 quod
941 4263 1056 4328 est
1094 4252 1442 4350 ejusdem
1478 4251 1843 4345 rationis3

307 4375 408 4449 vel
471 4374 684 4472 quod
737 4371 1026 4470 aliquid
1103 4371 1447 4468 ejusdem
1529 4369 1848 4444 rationiS

307 4492 390 4563 sit
429 4492 627 4566 ratio
688 4487 1111 4589 recipiendi
1183 4487 1399 4581 illud,
1472 4486 1678 4584 quod
1735 4496 1851 4560 est

305 4606 646 4702 ejusdem
689 4605 1033 4680 rationis.

395 4726 642 4821 Igitur
690 4724 970 4799 dicitur
1031 4722 1237 4820 quod
1287 4729 1583 4818 oportet
1632 4729 1714 4793 ut
1752 4721 1850 4793 sit

310 4867 538 4918 unum
594 4843 948 4933 istorum,
1004 4840 1127 4914 vel
1179 4838 1383 4936 quod
1435 4860 1668 4913 causa
1724 4859 1850 4910 se-

307 4964 552 5037 cunda
583 4960 777 5034 nihil
814 4956 1191 5057 producit,
1226 4959 1345 5032 vel
1381 4956 1584 5053 quod
1619 4978 1852 5029 causa

309 5081 641 5155 secunda
717 5075 1008 5174 aliquid
1095 5084 1327 5168 creat,
1416 5075 1537 5149 vel
1643 5073 1846 5169 quod

309 5198 591 5295 aliquid
657 5192 1036 5294 producit,
1096 5191 1317 5288 cujus
1392 5189 1584 5264 nihil
1645 5214 1852 5288 prae-

311 5315 581 5401 existit,
652 5322 725 5387 et
799 5320 1053 5384 tamen
1109 5331 1260 5382 nou
1346 5317 1575 5399 creat,
1667 5309 1849 5406 quia

310 5432 586 5506 creatio
654 5438 766 5505 est
824 5426 1074 5527 prima
1159 5425 1587 5523 productio,
1675 5426 1845 5503 ideo

310 5547 642 5624 excludit
691 5567 998 5623 omnem
1053 5543 1576 5619 causalitatem
1638 5545 1850 5649 prio-7

315 5690 464 5741 rem
525 5675 807 5765 praeter
871 5662 1207 5738 finalem.
1274 5661 1420 5737 Ubi
1462 5661 1695 5758 igitur
1734 5672 1872 5737 est‘

3422 427 3505 495 85

1961 615 2279 708 creatio,
2353 637 2494 689 nec
2570 611 3196 713 praesupponitur
3272 624 3506 678 causa

1962 731 2411 825 materialis,
2458 755 2599 807 nec
2641 730 3007 815 formalis,
3080 724 3312 821 igitur
3370 740 3506 817 per

1958 848 2395 946 oppositum
2442 848 2571 922 ubi
2609 848 2926 922 materia
2974 834 3506 943 praesupponi-

1956 978 2108 1061 tur,
2174 991 2325 1041 non
2400 975 2514 1041 est
2589 966 2899 1041 creatio.
2989 965 3177 1037 Cum
3271 956 3505 1053 igitur
3594 967 3819 1025 Quando

1956 1086 2201 1159 forma
2233 1083 2701 1181 producatur
2738 1077 3294 1182 praesupposita
3338 1094 3504 1145 ma-
3536 1027 3853 1141 spiifflufflffi

1953 1200 2145 1275 teria
2186 1200 2402 1299 prius
2469 1210 2770 1294 natura,
2843 1199 2982 1274 etsi
3041 1219 3193 1271 non
3265 1191 3502 1265 dura·
3530 1168 3851 1291 giffssffi‘ff'

1954 1316 2189 1406 tione,
2237 1341 2391 1392 non
2432 1327 2689 1392 tamen
2724 1316 2817 1392 de
2867 1316 3127 1414 aliquo
3191 1309 3339 1403 sui,
3394 1307 3499 1382 ita
3529 1294 3848 1401 ῃῗῗῃὲῗῖῗῃ

1953 1434 2162 1533 quod
2265 1434 2553 1532 aliquid
2667 1434 2931 1509 formae
3029 1429 3491 1530 praeexistat,
3558 1409 3788 1457 mum·

1952 1574 2208 1649 neque
2284 1551 2378 1626 de
2471 1550 2729 1648 aliquo
2811 1549 2930 1625 sui
3029 1546 3284 1631 totiuS,
3362 1565 3496 1641 per

1952 1668 2174 1765 cujus
2243 1667 2822 1766 productionem
2874 1666 3119 1739 forma
3185 1670 3301 1736 est
3363 1680 3499 1757 per

1951 1785 2335 1878 accidens,
2378 1784 2510 1858 sed
2571 1784 2664 1859 de
2724 1782 3065 1880 potentia
3125 1775 3493 1866 materiae,

1952 1913 2026 1977 et
2054 1901 2224 1977 ideo
2267 1903 2358 1975 de
2394 1901 2665 1993 nihilo,
2699 1903 2848 1975 hoc
2880 1910 3018 1986 est,
3083 1904 3255 1995 post
3302 1891 3497 1968 nihil

1951 2029 2498 2118 praeexactum,
2571 2017 2775 2116 quod
2889 2019 2986 2092 sit
3074 2038 3252 2115 pars
3346 2012 3496 2107 sui,

1951 2137 2401 2236 producitur
2439 2136 2528 2211 ad
2603 2160 2787 2230 6336,
2847 2145 3017 2233 post
3070 2158 3223 2209 non
3310 2154 3495 2223 6336,

1952 2255 2122 2331 ideo
2211 2256 2453 2329 forma
2535 2277 2690 2328 non
2779 2262 3108 2347 creatur,
3207 2260 3282 2326 et
3365 2272 3501 2346 per

1952 2395 2440 2471 consequens
2471 2370 2884 2446 destructio
2917 2367 3317 2469 compositi
3345 2390 3497 2441 non

1953 2503 2066 2567 est
2138 2490 2595 2565 annihilatio
2701 2490 2990 2563 formoe.
3088 2485 3498 2562 Generatio

1953 2623 2208 2688 tamen
2243 2608 2618 2684 naturalis
2649 2607 2898 2683 differt
2930 2631 2972 2682 a
3002 2606 3498 2704 generatione

1960 2727 2475 2805 artificialium
2521 2726 2994 2802 sufficienter
3049 2747 3185 2823 per
3227 2721 3500 2822 princi-

1954 2846 2166 2946 pium
2209 2844 2602 2944 passivum
2672 2842 3203 2917 intrinsecum.
3277 2837 3494 2927 Quod
3528 2866 3703 2919 Motus
3738 2879 3848 2916 non

1955 2964 2321 3063 probatur
2362 2962 2606 3061 primo
2640 2962 2774 3050 sic,
2820 2959 3246 3036 secundum
3285 2958 3499 3033 Aris-
3530 2934 3850 3068 efissnpss‘ssfgss

1958 3085 2263 3159 totelem
2307 3084 2376 3155 8.
2420 3081 2737 3182 Physic.
2768 3086 2950 3155 teoet.
2996 3102 3188 3154 com.
3235 3078 3305 3150 3.
3363 3077 3499 3150 Illa
3563 3061 3813 3108 “mma'‘

1956 3201 2409 3277 naturaliter
2439 3201 2814 3287 feruntur,
2851 3220 3027 3294 quae
3087 3196 3196 3271 sic
3247 3195 3498 3269 ferun-

1954 3330 2107 3412 tur,
2163 3318 2362 3392 sicut
2428 3326 2607 3391 nata
2681 3325 2864 3390 sunt
2922 3313 3344 3406 transferri,
3421 3323 3500 3386 ut

1954 3447 2163 3534 patet
2228 3435 2320 3509 de
2378 3433 2744 3531 gravibus
2822 3443 2896 3507 et
2967 3431 3290 3506 levibus.
3348 3429 3497 3504 Sed

1956 3556 2101 3628 hoc
2143 3576 2295 3626 non
2351 3551 2605 3649 arguit
2652 3550 3114 3651 principium
3164 3548 3497 3624 activum

1955 3671 2489 3763 intrinsecum,
2526 3667 2893 3766 quianon
2946 3675 3258 3766 propter
3310 3665 3491 3739 acti·

1953 3810 2134 3860 vum
2198 3795 2313 3860 est
2381 3794 2633 3859 motus
2709 3782 3111 3877 naturalis,
3189 3780 3350 3855 sive
3406 3781 3502 3855 sit

1955 3901 2488 3995 intrinsecum,
2569 3899 2730 3975 sive
2820 3923 3006 3992 non,
3100 3896 3232 3972 sed
3321 3898 3503 3995 quia

1958 4030 2221 4095 natum
2270 4030 2382 4095 est
2432 4019 2541 4094 sic
2594 4017 2910 4108 moveri,
2949 4041 3101 4092 non
3164 4017 3272 4092 sic
3331 4017 3500 4091 arti-

1954 4138 2259 4214 ficialia.

2053 4257 2270 4350 Item,
2306 4262 2583 4330 natura
2614 4261 2723 4329 est
2742 4254 3221 4352 principium
3253 4258 3497 4327 motus
3664 4253 3730 4319 6.

1955 4381 2027 4449 et
2054 4373 2332 4473 quietis
2363 4375 2555 4472 esua,
2592 4372 2849 4470 inquo
2880 4379 2991 4445 63ί
3009 4393 3155 4467 per
3199 4393 3307 4463 36,
3352 4375 3490 4443 etc.

1953 4492 2190 4589 igitur
2231 4491 2724 4590 principium,
2761 4512 2998 4587 quare
3066 4498 3318 4562 motus
3385 4496 3500 4563 est

1955 4608 2330 4683 naturalis
2370 4617 2484 4682 est
2546 4607 3046 4681 intrinsecum
3108 4615 3336 4692 moto,
3393 4607 3504 4678 in-

1956 4736 2330 4823 quantum
2369 4735 2684 4801 motum.
2733 4725 2879 4799 Sed
2933 4725 3109 4799 licet
3164 4724 3499 4798 activum
3590 4713 3601 4723 “

1956 4843 2050 4917 sit
2084 4843 2586 4916 intrinsecum
2625 4852 2856 4929 moto,
2890 4864 3042 4914 non
3103 4851 3351 4915 tamen
3387 4853 3501 4916 est

1957 4959 2459 5058 intrinsecum
2533 4968 2760 5044 moto,
2821 4958 3276 5055 inquantum
3335 4982 3502 5033 mo-

1954 5086 2149 5171 tum,
2186 5077 2370 5173 quia
2420 5085 2499 5149 ut
2568 5076 2893 5150 habetur
2966 5076 3035 5147 2.
3098 5075 3494 5173 Physicor.

1961 5201 2134 5269 text.
2175 5216 2370 5267 com.
2408 5191 2477 5265 3.
2519 5191 2865 5267 Sanatur
2913 5191 3281 5282 medicuS,
3344 5216 3499 5267 non

1956 5313 2410 5411 inquantum
2453 5310 2820 5401 medicuS,
2866 5310 3003 5384 sed
3044 5311 3492 5409 inquantum

1953 5436 2344 5528 aeqrotu3‚·
2416 5429 2651 5525 igitur
2719 5438 2949 5520 mot0,
3016 5428 3491 5526 inquantum

1956 5556 2279 5640 motum,
2325 5546 2595 5622 accidit
2636 5547 2837 5643 quod
2883 5546 3160 5621 habeat
3204 5546 3494 5644 princi-

1951 5667 2162 5764 pium
2209 5665 2737 5742 intrinsecum.
