4295 6326
276 1405 449 1455 Homo
486 1416 597 1454 non

273 1473 477 1533 peccat,
488 1468 596 1518 Deo

269 1535 598 1594 *616616616-

275 1612 380 1663 que
415 1599 598 1650 nolen-

402 1665 472 1714 te.
630 1648 864 1743 lente,
927 1649 1059 1724 sed
1120 1650 1280 1725 Deo
1357 1674 1514 1725 non
1572 1653 1906 1741 volente,
1977 1653 2179 1730 sicut

621 422 747 488 198

621 591 999 691 tudinem,
1071 595 1204 670 sed
1255 597 1451 671 bene
1504 603 1751 694 potest
1819 619 1989 672 esse
2058 619 2173 669 36-

624 711 965 785 cundum
1001 715 1466 791 subtrahens
1502 742 1520 808 ;
1555 723 1868 813 propter
1907 716 2173 790 deme-

626 826 856 901 ritum
902 829 1133 927 primi
1175 832 1727 926 subtrahentiS,
1773 842 1846 907 et
1900 831 2008 907 sic
2058 841 2174 906 est

629 943 1133 1042 intelligenda
1206 948 1354 1024 alia
1436 949 1874 1036 auctoritas,
1966 948 2172 1046 quod

630 1057 835 1134 illud
860 1060 964 1136 ad
998 1064 1217 1160 cujus
1273 1064 1797 1140 causalitatem
1834 1066 2177 1164 pertinet

631 1197 790 1250 6336
830 1178 1035 1275 quod
1075 1186 1209 1274 est,
1267 1204 1422 1255 non
1467 1188 1720 1279 potest
1784 1205 1943 1256 6336
1996 1181 2175 1278 pri-

630 1315 843 1368 mum
868 1295 1346 1373 subtraham.

726 1411 841 1486 Ad
907 1414 1391 1510 Anselmum,
1427 1414 1599 1491 dico
1660 1417 1867 1514 quod
1918 1438 2173 1516 neque

630 1538 897 1626 peccat
925 1532 1155 1606 homo
1188 1532 1349 1608 Deo
1379 1534 1725 1628 volente,
1748 1557 2001 1633 neque
2046 1558 2178 1609 no·

630 1786 774 1839 nec
833 1766 1215 1843 annihilat
1281 1769 1578 1863 volenS,
1657 1793 1801 1846 nec
1866 1773 2170 1867 nolensi,

630 1881 763 1956 sed
806 1889 1104 1957 tantum
1155 1908 1310 1960 non
1351 1887 1624 1962 volens
1679 1910 2168 1964 conservare.

629 2001 921 2075 Etcum
960 2002 1084 2076 hic
1123 2002 1428 2091 dicitur,
1468 2005 1612 2078 hoc
1657 2013 1772 2080 est
1810 2007 2174 2080 volunta-

625 2125 779 2190 tem
827 2141 995 2192 esse
1065 2129 1375 2208 rectam,
1439 2122 1637 2195 velle
1698 2122 1901 2220 quod
1961 2123 2172 2198 Deus

622 2234 790 2307 vult
820 2256 989 2310 eam
1029 2236 1260 2330 velle,
1304 2261 1589 2334 verum?
1631 2248 1771 2332 est,
1808 2240 1940 2314 sed
2009 2263 2166 2314 non

622 2360 922 2450 oportet
966 2353 1172 2449 quod
1231 2353 1415 2429 velit
1457 2357 1628 2448 hoc,
1692 2356 1896 2452 quod
1957 2357 2168 2432 Deus

619 2468 785 2540 vult
837 2490 1005 2542 eam
1074 2471 1273 2546 velle
1335 2472 1729 2547 voluntate
1791 2473 2018 2570 signi.
2076 2477 2165 2549 Et

618 2583 727 2658 sic
760 2609 937 2660 cum
992 2587 1448 2664 rectitudine
1490 2591 1910 2667 voluntatis
1960 2617 2165 2668 crea-

615 2712 712 2778 tae
744 2712 916 2799 stat,
954 2706 1154 2804 quod
1209 2707 1393 2781 velit
1468 2710 1673 2806 quod
1731 2709 1938 2786 Deus
1995 2713 2162 2786 vult

611 2843 782 2895 eam
843 2822 1040 2897 velle
1081 2825 1475 2900 voluntate
1538 2826 2027 2925 beneplaciti,
2086 2839 2157 2904 et

613 2938 819 3034 quod
851 2963 1010 3014 non
1046 2941 1230 3015 velit
1274 2943 1479 3040 quod
1504 2944 1714 3018 Deus
1754 2946 1919 3019 vult
1984 2970 2155 3021 eam

617 3055 818 3129 velle
885 3058 1283 3134 voluntate
1369 3060 1597 3156 signi,
1668 3061 1866 3137 sicut
1944 3064 2156 3141 Deus

607 3174 856 3247 voluit
888 3175 1101 3250 Isaac
1159 3176 1517 3274 interfici,
1562 3189 1635 3253 et
1690 3204 1846 3254 non
1911 3181 2156 3257 inter-

2032 422 2274 492 LlBRI
2322 422 2409 490 11.

2280 618 2512 694 poena
2551 605 2666 671 est
2695 594 2769 668 in
2795 596 3193 670 voluntate
3230 618 3275 669 a
3324 596 3487 669 Deo
3520 598 3831 690 agente,

2283 735 2535 810 neque
2579 736 2732 786 non
2783 722 3087 809 agente,
3147 713 3256 787 sic
3315 713 3520 810 quod
3577 711 3675 786 sit
3749 713 3826 786 in

2282 831 2676 903 voluntate
2731 851 2823 903 ex
2899 830 3043 903 hoc
3111 828 3316 926 quod
3386 828 3594 903 Deus
3670 853 3827 904 non

2282 946 2463 1043 agit.
2538 944 2806 1021 Omnis
2858 955 3113 1020 tamen
3204 969 3434 1043 poena
3532 955 3647 1021 est
3749 948 3828 1019 in

2282 1061 2674 1134 voluntate
2707 1060 2801 1134 ab
2860 1060 3024 1159 ipsa
3065 1061 3458 1135 voluntate
3522 1069 3826 1158 agente,

2283 1176 2466 1275 quia
2552 1176 2802 1274 prima
2889 1200 3145 1275 poena,
3207 1201 3384 1276 quae
3480 1186 3594 1252 est
3669 1176 3832 1276 pri-

2286 1319 2491 1370 mum
2571 1306 2999 1394 peccatum,
3098 1305 3214 1372 est
3320 1319 3364 1370 a
3430 1296 3825 1370 voluntate

2283 1421 2539 1487 creata
2631 1412 2991 1508 totaliter,
3104 1413 3209 1488 ita
3284 1413 3488 1511 quod
3552 1435 3696 1486 nec
3782 1435 3829 1486 6

2281 1527 2472 1622 De0,
2536 1528 2720 1626 quia
2781 1527 3087 1626 infligit,
3179 1551 3323 1603 nec
3390 1528 3573 1626 quia
3639 1529 3829 1603 sub-

2283 1647 2516 1722 trahit
2591 1647 3182 1740 rectitudinem3
3236 1644 3404 1744 ipsa
3462 1645 3667 1722 enim
3701 1669 3827 1720 vo-

2282 1765 2540 1840 luntas
2581 1774 2835 1841 creata
2884 1775 3000 1840 est
3059 1773 3239 1839 nata
3297 1774 3498 1839 recte
3541 1773 3823 1861 agere,

2282 1891 2357 1957 et
2422 1883 2515 1956 ad
2594 1884 2739 1956 hoc
2797 1891 3124 1967 tenetur,
3186 1889 3260 1956 et
3318 1881 3480 1956 Deo
3549 1890 3825 1978 agente

2283 1998 2765 2073 uniformiter
2833 2000 3195 2072 voluntas
3245 2006 3499 2072 creata
3575 1996 3824 2095 primo

2279 2115 2662 2198 subtrahit
2710 2114 3276 2189 rectitudinem.
3352 2113 3531 2188 Ideo
3574 2114 3827 2188 omnis

2279 2230 2505 2327 culpa
2536 2240 2717 2306 esta
2746 2231 3142 2304 voluntate
3175 2238 3455 2323 creata,
3500 2228 3632 2303 sed
3670 2252 3823 2302 non

2277 2344 2528 2420 omnis
2579 2369 2624 2420 a
2663 2345 2823 2420 Deo
2886 2344 3385 2420 subtrahente
3431 2343 3823 2421 rectitudi-

2273 2485 2482 2556 nem,
2548 2462 2732 2559 quia
2794 2461 3044 2560 prima
3110 2460 3453 2535 carentia
3522 2469 3819 2535 tantum

2272 2591 2386 2654 est
2440 2603 2485 2654 a
2543 2582 2940 2656 voluntate
3001 2587 3255 2654 creata
3314 2579 3817 2654 subtrahente

2270 2697 2808 2773 rectitudinem
2836 2699 2998 2772 Deo
3024 2707 3300 2794 agente
3338 2696 3817 2770 uniformiter

2268 2815 2467 2890 sicut
2518 2816 2788 2915 prius;
2861 2815 2993 2892 sed
3063 2815 3405 2890 secunda
3470 2814 3812 2890 carentia

2265 2943 2515 3033 potest
2553 2958 2720 3010 6336
2762 2961 2807 3009 6
2859 2936 3020 3009 Deo
3046 2935 3543 3009 subtrahente
3578 2934 3809 3009 recti-

2265 3054 2607 3128 tudinem
2632 3052 2866 3150 juste.

2360 3182 2813 3279 Exemplum
2847 3180 2940 3255 ad
2983 3182 3130 3254 hoc
3168 3202 3183 3253 :
3230 3179 3312 3253 Si
3344 3178 3625 3276 aliquis
3666 3179 3803 3254 de-

251 3306 573 3423 Assssssss‘ssnii'
609 3287 762 3381 fici,
800 3315 974 3390 quoe
1000 3317 1155 3368 non
1193 3306 1651 3392 repugnant.
1688 3297 1877 3373 Dico
1919 3300 2154 3396 igitur
2256 3300 2434 3374 beat
2473 3301 2727 3396 legere
2783 3298 2860 3371 in
2913 3297 3136 3392 libro,
3200 3298 3352 3371 duo
3406 3306 3589 3370 sunt
3655 3295 3801 3371 sibi

262 3433 543 3497 voluntati,
608 3408 813 3505 quod
867 3411 1058 3485 ratio
1116 3412 1459 3486 Anselmi
1528 3437 1683 3488 non
1762 3418 2151 3491 concludit
2256 3416 2720 3503 necessaria,
2763 3415 3053 3513 apertio
3094 3415 3665 3513 palpebrarum,
3729 3423 3804 3487 et

248 3504 541 3612 cossissffl‘-
604 3524 737 3624 de]
778 3526 1120 3623 potentia
1195 3528 1546 3603 absoluta
1614 3531 1779 3626 Dei,
1853 3534 1986 3609 sed
2055 3535 2146 3610 de
2258 3535 2546 3610 lumen.
2587 3537 2764 3608 Esto
2821 3533 3056 3630 igitur
3085 3532 3290 3631 quod
3346 3532 3800 3607 illuminans

365 3624 458 3674 tio.

356 4839 458 4903 15.

602 3642 946 3741 potentia
1005 3643 1357 3719 ordinata
1410 3669 1566 3719 non
1622 3657 1871 3745 potest
1936 3650 2147 3727 Deus

601 3759 799 3832 velle
842 3767 1013 3833 actu
1058 3759 1387 3857 positivo
1421 3761 1951 3838 rectitudinem
1990 3790 2144 3841 non

605 3896 773 3948 esse
824 3873 901 3946 in
967 3874 1359 3950 voluntate
1404 3877 1693 3976 absque
1742 3880 2142 3977 demerito,

602 4013 745 4064 nec
805 3989 1106 4068 auferre
1157 3992 1611 4069 libertatem.
1666 3996 1948 4073 Tamen
2002 4001 2146 4074 hoc

601 4110 903 4183 auferre
946 4133 1103 4184 non
1148 4112 1539 4186 concludit
1601 4116 2146 4191 contradictio-

601 4248 809 4319 nem,
883 4225 1014 4300 sed
1086 4225 1646 4303 inconveniens
1696 4241 1811 4306 est
1896 4233 2143 4307 Deum

600 4344 798 4416 velle
847 4343 1242 4418 voluntate
1311 4344 1769 4443 beneplaciti
1843 4350 2146 4447 opposi-

601 4468 764 4532 tum
807 4458 1043 4550 illius,
1079 4460 1285 4557 quod
1353 4461 1519 4535 vult
1556 4463 1950 4539 voluntate
2001 4489 2146 4539 an-

601 4576 996 4651 tecedente
1073 4577 1239 4652 sine
1315 4578 1685 4654 demerito
1762 4581 2145 4680 recipien-

604 4694 725 4767 tis.

702 4811 811 4885 De
842 4810 1064 4884 tertio
1105 4811 1455 4904 articulO,
1505 4813 1709 4908 quod
1754 4815 1961 4891 Deus
2000 4842 2141 4915 po-

2256 3674 2412 3724 non
2456 3651 2855 3725 subtrahat
2897 3650 3190 3743 lumen,
3244 3649 3308 3722 si
3368 3649 3466 3723 sit
3503 3647 3795 3723 clausio

2255 3768 2825 3867 palpebrarum,
2862 3790 3017 3841 non
3052 3765 3443 3859 eritvisiO,
3490 3775 3562 3840 et
3611 3773 3794 3838 tunc

2255 3883 2427 3960 siin
2472 3884 2813 3958 secundo
2872 3882 3188 3957 instanti
3257 3892 3554 3957 naturae
3623 3881 3798 3956 sub·

2255 4003 2604 4075 trahatur
2643 4002 2905 4076 lumen
2947 4008 3261 4098 propter
3316 3999 3484 4096 ejus
3543 4000 3797 4073 deme-

2254 4118 2481 4191 ritum
2532 4117 2611 4191 in
2653 4116 2902 4215 primo
2944 4115 3260 4191 instanti
3310 4123 3636 4209 naturae,
3716 4113 3794 4187 in

2255 4235 2594 4310 secundo
2655 4234 2969 4309 instanti
3038 4234 3184 4307 erit
3243 4256 3398 4306 non
3458 4231 3653 4307 visio
3704 4255 3797 4306 ex

2254 4348 2542 4446 duplici
2573 4372 2833 4424 causa.
2873 4347 3000 4422 Sic
3040 4346 3120 4420 in
3172 4346 3418 4444 primo
3479 4344 3793 4420 instanti

2254 4474 2553 4540 naturae
2620 4466 2980 4539 voluntas
3075 4470 3332 4537 creata
3413 4461 3796 4536 subtrahit

2252 4581 2818 4674 rectitudinem,
2890 4589 2965 4655 et
3039 4588 3223 4654 tunc
3284 4579 3361 4651 in
3450 4578 3793 4653 secundo

2254 4696 2570 4772 instanti
2655 4705 2771 4772 est
2827 4719 2919 4772 ex
2981 4694 3269 4793 duplici
3339 4717 3601 4783 causa,
3685 4693 3795 4767 in·

2251 4824 2627 4913 quantum
2661 4824 2777 4889 est
2818 4837 2864 4888 a
2899 4814 3296 4888 voluntate
3347 4822 3632 4905 creata,
3677 4819 3792 4885 est

278 4954 538 5017 Loquitur
607 4936 748 5001 test
779 4950 946 5002 esse
993 4951 1227 5001 causa
1265 4929 1552 5026 peccati
1613 4933 1960 5029 secundi,
1997 4934 2142 5008 ali·
2248 4934 2513 5030 culpa3
2552 4932 3011 5030 inquantum
3063 4953 3108 5004 a
3155 4929 3342 5018 Dec,
3406 4937 3520 5003 est
3561 4951 3790 5025 poena

602 5068 754 5143 quo
816 5045 1037 5119 modo
1087 5044 1417 5139 videtur,
1499 5047 1682 5144 quia
1740 5063 2134 5148 peccatum
2246 5051 2538 5148 peccati
2573 5050 2651 5123 in
2696 5049 2944 5148 primo
2979 5046 3291 5121 instanti
3354 5055 3679 5121 naturae.

276 5016 342 5065 do
377 5030 542 5081 poena

245 5078 389 5140 large
427 5094 567 5130 sum-

63 5148 1019 5285 ffl‘ffecundum
1058 5169 1170 5235 est
1202 5185 1430 5258 poena
1470 5163 1696 5260 primi
1741 5194 1760 5261 3
1806 5168 1938 5241 sed
1966 5193 2137 5242 om-
2340 5170 2447 5243 Ad
2487 5169 2814 5264 primum
2851 5165 3271 5267 principale
3317 5186 3515 5260 nego
3556 5162 3778 5237 istam
3910 5173 4013 5239 16.

240 5270 541 5321 commodo.
594 5278 715 5351 nis
746 5301 976 5374 poena
1020 5285 1133 5351 est
1176 5301 1221 5351 a
1260 5278 1446 5351 Deo.
1506 5279 1692 5354 Dico
1754 5284 1957 5380 quod
2001 5309 2135 5360 ve-
2243 5285 2906 5383 consequentiam,
2973 5290 3377 5381 peccatum
3459 5279 3781 5379 inquan-
3813 5292 4041 5402 ssdssrc-
4071 5295 4141 5406 ὀἳ

591 5418 762 5467 rum
797 5403 910 5469 est
941 5393 1033 5467 de
1065 5416 1294 5491 poena
1320 5393 1674 5492 positiva,
1720 5399 1924 5494 quod
1968 5402 2133 5475 haec
2241 5409 2400 5475 tum
2445 5424 2673 5499 poena
2713 5409 2826 5474 est
2866 5422 2912 5473 a
2940 5398 3130 5492 De0,
3167 5396 3401 5495 igitur
3459 5395 3781 5492 inquan-
3864 5367 3989 5418 ⁰³⁰⁸
4028 5369 4078 5419 ‘¹'

590 5510 1069 5610 estspositive
1097 5534 1141 5584 a
1171 5510 1359 5599 De0,
1427 5521 1679 5587 tamen
1743 5514 1806 5588 si
1862 5540 2130 5614 pecca·
2238 5527 2402 5591 tum
2437 5519 2690 5614 culpa,
2728 5515 2912 5614 quia
2933 5514 3093 5611 Jam
3135 5522 3340 5612 patet
3380 5511 3585 5610 quod
3627 5511 3779 5585 alia

595 5638 751 5703 turn
815 5637 930 5702 est
998 5651 1227 5725 poena
1293 5630 1612 5726 peccati,
1674 5655 1826 5705 non
1877 5634 2129 5710 omnis
2239 5634 2532 5709 ratione
2599 5642 2714 5708 est
2779 5655 3035 5731 poena,
3107 5640 3181 5706 et
3256 5629 3406 5704 alia
3480 5626 3774 5703 ratione
