4295 6326
391 1747 473 1814 27

310 1835 387 1887 Ad
419 1798 571 1899 quin-

380 1902 511 1949 tum.

313 1961 584 2021 Quomodo

332 2026 559 2074 virtutes
641 2064 654 2078 .

324 2086 551 2158 Theolo-

377 2162 511 2214 giem

298 2211 600 2275 perficiunt,

288 2279 341 2325 et
373 2287 587 2337 quomo-

323 2337 391 2386 do
399 2350 573 2451 gisorc-

619 375 747 442 522

2035 377 2275 446 LIBRI
2322 374 2418 444 ΙΙΙ

622 544 747 620 tiae
828 548 1201 622 habentes
1302 550 1604 626 diversa
1689 575 2006 649 organa.
2076 553 2162 626 In
2277 566 2463 656 puta
2488 558 2809 632 honeste
2841 554 3132 646 vivere,
3196 561 3338 629 etc.
3386 548 3607 626 Unde
3650 571 3824 623 con-

622 671 834 759 parte
871 687 1048 738 vero
1112 665 1582 749 intellectiva
1622 679 1799 742 sunt
1840 669 2167 745 diversae
2281 699 2614 773 sequens
2689 685 2802 749 est
2867 673 3175 765 falsum,
3256 670 3463 768 quod
3521 678 3818 742 tantum

620 779 825 853 vires
858 792 1168 880 propter
1215 784 1731 860 diversitatem
1796 786 2008 883 prius
2047 812 2171 863 as·
2283 800 2632 889 respectu
2688 788 2916 863 unius
2957 788 3259 884 objecti,
3316 785 3604 861 scilicet
3657 782 3822 871 Dei,

627 897 1003 993 signatam
1038 901 1113 973 in
1185 901 1528 999 objectis,
1586 915 1659 979 et
1700 905 1868 980 ideo
1926 915 2171 1003 potest

631 1013 813 1110 poni
865 1015 1220 1091 fortitudo
1268 1018 1345 1091 in
1399 1019 1790 1109 irascibili,
1837 1022 2175 1118 inquan-

631 1141 793 1204 tum
839 1143 1272 1230 propugnat
1328 1135 1620 1210 bonum
1676 1138 1990 1213 rationis
2068 1162 2179 1213 re-

630 1247 1033 1343 primendo
1068 1250 1730 1348 impedimentum,
1774 1255 1849 1328 in
1905 1280 2182 1330 concu-

632 1365 963 1463 piscibili
1033 1367 1492 1465 inquantum
1552 1373 1993 1449 moderatur
2047 1374 2181 1449 de-

635 1481 1108 1575 lectationeS,
1154 1484 1498 1561 tristitias
1574 1489 1999 1564 secundum
2060 1513 2177 1565 re-

635 1598 892 1693 gimen
928 1598 1271 1674 rationis.

731 1715 843 1788 Ad
886 1715 1120 1804 aliud,
1154 1716 1565 1791 dicendum
1616 1722 1816 1819 quod
1861 1722 2181 1798 virtutes

633 1832 1117 1929 Theologicae
1155 1834 1562 1932 perficiunt
1628 1840 2045 1937 appetitum
2102 1841 2179 1914 in

635 1949 903 2024 ordine
924 1951 1018 2023 ad
1043 1951 1330 2025 bonum
1352 1962 1758 2047 aeternum,
1782 1968 1855 2030 et
1881 1957 1974 2030 ad
2000 1958 2176 2051 alia,

635 2076 1095 2162 inquantum
1180 2067 1615 2144 immediate
1643 2073 1930 2146 relucet
1962 2073 2035 2145 in
2073 2073 2185 2148 eis

633 2182 920 2255 bonum
994 2183 1372 2278 divinum,
1436 2196 1508 2260 et
1567 2189 1709 2261 hoc
1742 2198 1854 2262 est
1919 2212 2187 2263 secun-

637 2299 818 2373 dum
892 2300 1269 2398 principia
1344 2302 1779 2380 immediate
1859 2329 1950 2380 ex
2020 2307 2183 2404 ipso

637 2415 790 2489 fine
823 2429 1155 2514 sumpta.

734 2533 1074 2608 Virtutes
1128 2557 1310 2609 vero
1384 2539 1713 2612 morales
1781 2538 2189 2636 perficiunt

638 2649 1059 2747 appetitum
1106 2652 1529 2726 secundum
1601 2653 1934 2730 rationes
1989 2655 2183 2730 infe-

640 2767 881 2842 riores
929 2779 1276 2867 sumptas
1316 2794 1406 2844 ex
1461 2768 1640 2859 fine,
1696 2772 1898 2870 quod
1933 2782 2183 2871 potest

640 2886 870 2959 homo
939 2908 1031 2959 ex
1098 2887 1579 2964 naturalibus
1671 2889 2018 2987 adipisci,
2097 2899 2181 2966 ut

2286 905 2678 1004 perficitur
2711 929 2928 979 mens
2962 902 3434 978 sufficienter
3473 898 3609 998 per
3644 900 3829 973 The·

2286 1023 2573 1120 logicas
2623 1022 2970 1115 virtuteS,
3036 1028 3110 1096 et
3148 1019 3351 1093 circa
3421 1016 3575 1090 alia
3625 1017 3830 1090 bona

2288 1164 2442 1214 non
2488 1138 2904 1235 perficitur,
2944 1138 3090 1212 nisi
3127 1137 3582 1233 inquantum
3638 1132 3831 1207 rese-

2290 1266 2567 1330 runtur
2605 1255 2683 1328 in
2728 1254 2913 1328 illud
2983 1254 3302 1328 honum.
3368 1251 3536 1324 Non
3581 1246 3831 1345 sequi-

2293 1383 2414 1448 tur
2454 1372 2686 1458 enim,
2724 1371 2787 1445 si
2839 1394 2975 1469 per
3037 1370 3393 1444 virtutem
3466 1366 3830 1441 moralem

2291 1489 2611 1590 quiescit
2667 1488 2741 1560 in
2823 1486 2977 1562 fine
3035 1496 3314 1575 creat0,
3388 1484 3589 1581 quod
3671 1482 3838 1579 ejus

2294 1634 2445 1684 non
2492 1616 2605 1680 est
2649 1605 2967 1680 ulterius
3026 1606 3334 1696 referre,
3390 1601 3572 1700 quia
3614 1601 3839 1674 reser-

2289 1717 2417 1802 'tur
2465 1749 2601 1825 per
2666 1724 3010 1800 altiorem
3083 1724 3472 1815 virtutem,
3546 1730 3627 1795 ut
3703 1742 3837 1817 per

2294 1842 2769 1933 charitatem,
2816 1863 2989 1939 quae
3023 1839 3459 1913 immediate
3507 1837 3839 1931 conjun-

2295 1961 2402 2057 git
2433 1958 2564 2032 fini
2602 1957 2899 2050 ultimO,
2945 1966 3159 2031 actus
3199 1954 3546 2029 omnium
3594 1953 3840 2026 virtu-

2293 2087 2484 2168 tum,
2531 2099 2706 2172 quae
2748 2074 3184 2149 reseruntur
3259 2072 3333 2145 in
3381 2072 3628 2169 ipsum
3678 2095 3840 2146 me-

2296 2193 2683 2267 diantibus
2706 2190 3036 2290 propriis
3063 2189 3376 2279 finihuS,
3413 2199 3485 2263 et
3516 2188 3842 2285 inquan-

2295 2321 2454 2385 tum
2499 2309 2790 2383 scilicet
2832 2308 3145 2392 bonum,
3200 2307 3276 2379 in
3311 2305 3512 2403 quod
3565 2305 3837 2380 imme-

2295 2425 2494 2499 diate
2526 2423 3009 2515 terminatur,
3045 2433 3158 2497 est
3210 2422 3562 2518 quaedam
3600 2421 3837 2518 parti-

2294 2542 2573 2641 cipatio
2641 2541 2850 2616 illius
2910 2539 3153 2614 ultimi
3232 2563 3405 2615 cum
3488 2549 3834 2638 respectu

2295 2659 2625 2751 virtutiS,
2671 2666 2744 2733 et
2792 2658 2963 2732 ideo
3032 2657 3199 2755 ipsa
3249 2657 3496 2730 virtus
3530 2656 3840 2731 moralis

2294 2801 2445 2852 non
2480 2778 2704 2852 refert
2736 2775 3086 2868 ulteriUS,
3122 2774 3255 2850 sed
3279 2774 3637 2848 charitas,
