4295 6326
0 5325 484 5371 W

589 470 592 473 ’
665 457 791 525 158

661 642 823 707 turn
885 628 1262 727 originale
1308 633 1510 703 esset
1553 620 2208 721 concupiscentia.

640 748 1107 826 Secundum
1165 745 1389 820 aliam
1443 741 1886 840 opinionem
1939 738 2219 813 dicitur

667 865 873 964 quod
943 873 1057 939 est
1133 860 1550 936 formaliter
1625 856 1987 941 curvitaS,
2078 853 2213 928 se'u

667 981 1009 1058 carentia
1038 978 1244 1053 illius
1285 973 1792 1067 rectitudinis,
1839 980 1912 1047 et
1952 994 2041 1045 ex
2073 972 2217 1044 hoc

669 1097 1168 1197 consequitur
1256 1091 1599 1194 pronitas
1674 1090 1751 1163 in
1820 1089 2215 1162 voluntate

672 1212 1253 1292 condelectandi
1287 1207 1657 1310 appetitui
1700 1204 2097 1292 sensium,
2144 1212 2219 1278 et

671 1332 782 1407 sic
823 1328 1337 1406 communiter
1367 1335 1483 1403 est
1525 1322 1849 1425 privatio
1894 1320 2217 1419 justitiae

670 1456 1097 1554 originaliS,
1133 1463 1208 1529 et
1262 1463 1439 1527 tunc
1494 1474 1649 1525 non
1691 1456 1805 1523 est
1861 1444 2220 1543 concupi-

672 1575 991 1666 scentia,
1047 1571 1194 1645 nisi
1249 1566 1773 1653 materialiter,
1835 1563 2221 1659 necigno-

673 1691 947 1784 rantia,
984 1688 1132 1763 nisi
1163 1685 1598 1762 causaliter.

770 1811 862 1883 Et
949 1829 1086 1905 per
1179 1802 1541 1902 proedicta
1625 1808 1830 1898 patet
1935 1795 2219 1871 solutio

672 1932 969 2022 quartae
1002 1917 1476 2019 quaestioniS,
1509 1915 1798 1990 scilicet
1828 1937 1923 1988 an
1959 1935 2220 2010 pecca·

670 2050 831 2114 tum
875 2036 1248 2132 originale
1312 2032 1736 2106 remittatur
1787 2029 1865 2101 in
1927 2026 2218 2124 Baptis-

673 2181 823 2250 mo,
860 2155 1040 2253 quia
1072 2151 1428 2251 ponendo
1470 2147 1673 2247 quod
1718 2144 2051 2221 curvitas
2082 2143 2217 2218 illa

666 2274 764 2350 sit
802 2280 1200 2371 peccatum
1271 2265 1673 2362 originale,
1743 2268 1950 2360 patet
2006 2259 2210 2358 quod

665 2390 799 2464 illa
853 2387 1145 2462 tollitur
1207 2407 1343 2483 per
1418 2378 1980 2471 rectitudinem,
2036 2399 2213 2476 quae

666 2504 978 2580 advenit
1032 2525 1206 2577 cum
1272 2498 1517 2596 gratia
1626 2497 1703 2569 in
1788 2494 2207 2592 Baptismo.

661 2622 946 2696 Tamen
999 2618 1061 2694 si
1126 2625 1326 2693 esset
1385 2622 1781 2713 peccatum
1834 2608 2211 2706 originale

665 2737 1326 2837 concupiscentia,
1362 2743 1655 2810 certum
1698 2730 2046 2828 estquod
2081 2729 2211 2804 illa

664 2880 818 2930 non
860 2854 1155 2928 tollitur
1185 2876 1321 2951 per
1350 2849 1672 2948 gratiam
1706 2854 2082 2944 quantum
2115 2845 2210 2919 ad

665 2971 1110 3063 essentiam,
1142 2969 1313 3044 ideo
1357 2991 1510 3041 non
1544 2965 1841 3040 deletur
1868 2962 1948 3037 in
1980 2983 2212 3036 carne

669 3089 803 3165 illa
840 3086 1240 3187 dispositio
1274 3093 1649 3185 quantum
1700 3080 1795 3156 ad
1842 3079 2207 3168 fomitem,

665 3207 797 3305 qui
840 3216 1089 3281 tamen
1147 3204 1360 3303 prius
1421 3199 1795 3298 regnavit,
1860 3196 1993 3272 sed
2043 3205 2215 3295 post

663 3331 913 3422 potest
971 3320 1282 3396 retrahi.
1365 3316 1733 3393 Similiter
1800 3312 2014 3412 prius
2082 3311 2215 3386 illa

666 3434 1294 3537 concupiscentia
1395 3431 1945 3531 imputabatur,
2042 3436 2216 3527 post

667 3553 1133 3653 baptismum
1169 3574 1325 3624 non
1368 3548 1813 3645 imputatur.

766 3668 1135 3744 Similiter
1165 3673 1371 3767 patet
1413 3665 1507 3739 ad
1566 3661 1909 3738 ultimam
1968 3682 2217 3758 quaes-

317 3783 606 3907 3:522&ss
668 3786 986 3879 tionem,
1033 3782 1324 3860 scilicet
1365 3803 1516 3880 qua
1561 3777 1962 3877 punitione
1996 3775 2217 3875 puni-

319 3910 621 4021 ,ffii‘g'gg
668 3912 793 3976 tur
877 3910 1280 3999 peccatum
1364 3894 1737 3991 originale
1794 3893 1834 3964 ‘2
1916 3891 2214 3966 Dicitur

369 3985 572 4084 datgui.
670 4015 874 4113 quod
947 4015 1193 4088 solum
1278 4008 1618 4085 carentia
1707 4006 1914 4080 illius
1997 4003 2209 4100 boni,

670 4133 877 4232 quod
918 4140 1183 4206 natum
1238 4126 1505 4204 fuisset
1562 4126 1842 4220 inesse,
1897 4121 1961 4198 si
2011 4145 2218 4198 rece-

670 4249 908 4350 pisset
968 4246 1449 4345 Baptismum
1496 4272 1514 4338 3
1560 4242 1731 4317 ideo
1787 4240 2219 4339 puniuntur

669 4364 973 4465 parvuli
1007 4365 1172 4438 sola
1210 4384 1438 4461 poena
1470 4356 1760 4452 damni,
1826 4357 2009 4456 quia
2060 4380 2215 4430 non

670 4482 812 4557 fuit
876 4481 956 4555 in
1034 4480 1146 4554 eis
1213 4479 1477 4576 aliqua
1542 4476 1746 4550 mala
1784 4472 2213 4567 delectatio,

674 4601 807 4676 sed
876 4600 1038 4673 sola
1115 4597 1451 4671 curvitas
1509 4594 1824 4693 privans
1904 4591 2222 4688 rectitu-

673 4717 852 4792 dine
893 4713 1249 4791 naturali.

321 1812 528 1866 Decisio
557 1827 610 1876 q.

321 1883 369 1929 2.
405 1878 527 1929 dist.
561 1878 641 1927 30.

318 3657 621 3708 Resolvitur

350 3735 401 3794 q.
444 3718 607 3782 hujus

1199 4974 1562 5033 SCHOLIUM
1603 4973 1694 5030 lV.

753 5134 1064 5207 Impugnat
1092 5130 1400 5188 efficaciter
1431 5131 1585 5203 quod
1616 5130 1756 5186 dicit.
1783 5130 1980 5203 opinio
2010 5129 2219 5204 posita,

679 5224 1036 5283 voluntatem
1092 5237 1331 5277 causare
1389 5218 1720 5292 qualitatem
1780 5220 2107 5277 morbidam
2163 5222 2222 5277 in

681 5332 878 5384 carne,
910 5313 1046 5385 quia
1079 5312 1228 5367 hanc
1260 5326 1364 5382 per
1409 5309 1716 5381 imperium
1770 5326 1875 5368 nec
1914 5327 2224 5383 supremus

686 5407 936 5478 Angelus
970 5405 1153 5459 facere
1204 5404 1413 5473 potest,
1456 5416 1559 5456 nec
1617 5399 1717 5456 illa
1774 5400 2027 5474 qualitas
2073 5411 2223 5459 esset

686 5499 962 5564 coelestis,
992 5511 1097 5551 nec
1120 5491 1515 5561 elementaris,
1548 5509 1654 5550 nec
1693 5493 1864 5550 mixti.
1917 5496 2227 5569 Impugnat

687 5591 865 5649 etiam
898 5587 1053 5660 quod
1087 5583 1319 5650 dicitur,
1351 5598 1546 5638 semen
1588 5583 1769 5655 infici,
1811 5585 1946 5656 quia
1997 5585 2103 5642 hoc
2151 5588 2225 5644 ad

688 5681 837 5744 nihil
869 5677 1155 5737 deservire
1185 5675 1432 5745 videtur,
1463 5676 1602 5748 quia
1629 5676 1757 5734 eine
1801 5677 1917 5735 ullo
1964 5685 2224 5751 peccam,

2061 443 2299 515 LIBRI
2352 444 2439 515 11.

2321 636 2389 677 ex
2420 621 2550 693 ipsa
2571 626 2777 677 natura
2832 637 2962 693 para
3005 620 3247 677 infertor
3305 621 3609 678 rebellaret
3663 624 3868 676 contra

2321 711 2702 780 superiorem,
2735 710 2893 783 quod
2916 715 3130 768 norunt.
3167 710 3527 781 Philosophi,
3566 708 3666 783 qui
3717 707 3864 763 nihil

2323 801 2394 857 de
2422 802 2691 874 originali
2728 808 2961 875 peccato
2995 802 3423 858 intellexerunt.

2420 982 2701 1056 Contra
2767 991 3022 1056 tamen
3095 981 3227 1056 illa
3275 988 3455 1057 sunt
3505 980 3859 1079 quaedam
3926 990 4190 1042 Voluntas

2322 1099 2580 1174 dubia.
3894 1059 4221 1190 'amm‘

2422 1218 2640 1292 Circa
2689 1217 3021 1315 primum
3083 1216 3490 1292 articulum
3540 1226 3653 1291 est
3686 1239 3868 1314 quo·
3896 1180 4199 1292 'iii’rg'a'ffffl

2325 1334 2550 1409 modo
2658 1335 3018 1409 voluntas
3172 1342 3420 1430 potest
3550 1356 3867 1408 causare
3938 1392 3943 1395 .

2324 1450 2772 1549 qualitatem
2807 1449 3232 1524 morbidam
3265 1448 3341 1523 in
3388 1471 3645 1543 carne,
3692 1473 3866 1523 cum

2324 1571 2469 1646 ista
2506 1570 2604 1645 sit
2644 1569 2975 1667 qualitas
3025 1568 3470 1666 corporalis.
3521 1569 3689 1642 Non
3727 1592 3869 1665 po-

2322 1696 2467 1762 test
2491 1688 2633 1760 hoc
2664 1708 2982 1760 causare
3011 1708 3148 1782 per
3170 1684 3577 1784 imperium
3604 1708 3862 1777 suum,

2322 1802 2507 1902 quia
2565 1826 2705 1877 nec
2782 1824 3193 1899 supremus
3256 1803 3626 1898 AngeluS,
3725 1824 3865 1875 nec

2320 1923 2549 2000 etiam
2621 1928 2783 1994 esto
2843 1918 3044 2016 quod
3117 1928 3372 2015 posset
3432 1918 3711 2015 aliquis
3774 1940 3866 1991 ex

2321 2035 2873 2134 imaginatione
2908 2034 3197 2131 aliquid
3226 2035 3471 2108 facere
3496 2034 3699 2108 circa
3739 2034 3867 2107 ob-

2309 2156 2630 2255 jectum,
2701 2153 3123 2230 secundum
3189 2152 3390 2249 quod
3430 2151 3641 2249 ponit
3682 2151 3866 2225 Avi-

2318 2294 2591 2357 cenna,
2628 2278 2702 2345 et
2741 2269 3076 2366 Algazel,
3111 2267 3181 2340 5.
3226 2267 3544 2367 Physic.
3593 2292 3761 2366 cap.
3787 2269 3857 2341 9.

2318 2386 2527 2486 quod
2597 2388 2870 2460 oculus
2955 2382 3447 2459 vaticinantis
3542 2384 3864 2482 projecit

2317 2503 2652 2580 camelos
2693 2502 2769 2575 in
2816 2502 3139 2577 foveam.
3191 2500 3408 2576 Sicut
3463 2500 3689 2577 etiam
3737 2525 3861 2599 po-

2320 2630 2515 2696 nunt
2549 2618 2821 2694 medici
2854 2620 2899 2712 ⁰,
2953 2618 3155 2716 quod
3221 2619 3419 2693 mala
3466 2620 3726 2694 vetula
3765 2642 3857 2694 ex
3888 2619 3910 2641 ⁸
3941 2618 4209 2669 VideDffl·

3933 2683 4071 2731 rium
4104 2683 4170 2732 de

2318 2736 2652 2836 pessima
2681 2734 3230 2831 imaginatione
3262 2758 3405 2809 sua
3444 2733 3681 2809 inficit
3724 2737 3858 2811 hu·
3885 2744 4189 2872 ‚fquffssffss

2318 2878 2608 2929 morem
2651 2853 2727 2926 in
2762 2852 3006 2927 oculis
3047 2851 3235 2945 suis,
3291 2862 3363 2928 et
3401 2851 3530 2927 ille
3577 2855 3859 2943 humor
3888 2884 3943 2933 p.
3981 2877 4025 2922 ι.
4057 2884 4109 2933 q.
4140 2871 4187 2920 4.

2316 2970 2642 3046 infectus
2693 2968 2936 3057 inficit
2975 2991 3263 3062 aerem,
3307 2979 3382 3043 et
3438 2970 3547 3043 sic
3606 2994 3699 3044 ex
3740 2971 3857 3043 in·
3890 2935 4209 3046 „afflin-

2316 3086 2507 3162 tuitu
2612 3084 3065 3160 inficiuntur
3148 3085 3369 3185 pueri
3450 3087 3858 3186 passibiles
3889 3058 4212 3172 ¹332,ssssssss

2318 3204 2673 3295 multum,
2719 3209 2793 3275 et
2870 3200 3309 3299 frequenter
3366 3203 3622 3276 evenit
3669 3203 3860 3278 illud

2321 3318 2635 3409 malum,
2672 3316 2876 3414 quod
2930 3316 3033 3391 ita
3082 3316 3383 3392 intense
3429 3316 3866 3414 imaginan-

2317 3445 2467 3510 tur.
2539 3433 2810 3507 Adhuc
2869 3441 3125 3507 tamen
3192 3432 3324 3530 qui
3391 3456 3544 3507 non
3635 3436 3865 3511 habet

2319 3560 2574 3627 actum
2631 3550 2835 3624 circa
2888 3572 3130 3623 unum
3192 3548 3606 3647 objectum,
3669 3552 3864 3626 nihil

2319 3676 2583 3744 causat
2615 3666 2691 3739 in
2737 3665 2897 3759 illo,
2955 3687 3427 3765 quamquam
3478 3677 3732 3765 posset
3788 3669 3862 3742 in

2320 3786 2498 3880 ali0,
2543 3783 2747 3859 circa
2770 3782 2973 3880 quod
3018 3792 3132 3858 est
3171 3783 3394 3858 actio.
3435 3785 3585 3859 Sed
3624 3787 3864 3861 Adam

2320 3902 2396 3976 in
2440 3901 2585 3976 isto
2645 3898 2988 3993 instanti,
3026 3898 3101 3972 in
3140 3924 3292 3998 quo
3351 3901 3489 3976 fuit
3547 3902 3692 3978 ista
3747 3903 3868 3978 in-

2319 4018 2541 4094 fectio
2583 4017 2658 4090 in
2732 4016 3126 4091 voluntate
3169 4040 3337 4111 sua,
3399 4041 3554 4093 non
3599 4020 3870 4095 habuit

2319 4147 2575 4211 actum
2617 4134 2823 4208 circa
2852 4157 3134 4231 corpus
3178 4158 3435 4229 suum,
3472 4136 3606 4211 sed
3664 4137 3868 4212 circa

2325 4252 2756 4345 mulierem,
2828 4273 3061 4348 quam
3112 4260 3296 4326 tunc
3363 4252 3863 4331 immoderate

2323 4370 2611 4458 dilexit,
2651 4376 2732 4442 ut
2761 4367 2978 4466 prius
3036 4367 3323 4443 dictum
3367 4381 3482 4445 est
3520 4372 3564 4445 ⁹.

2421 4489 2639 4579 Item,
2673 4485 3096 4560 secundum
3135 4488 3332 4560 hanc
3355 4487 3556 4561 viam
3601 4512 3867 4587 seque-

2326 4612 2536 4677 retur
2602 4600 2807 4698 quod
2868 4601 3231 4675 voluntas
3297 4613 3552 4678 creata
3610 4617 3866 4702 posset

2326 4721 2694 4794 inducere
2726 4717 3170 4816 qualitatem
3238 4723 3744 4819 corporalem,
3798 4734 3873 4801 et

2329 4847 2582 4913 tamen
2662 4834 2829 4934 ipsa
2886 4857 3288 4932 nunquam
3386 4846 3634 4935 potest
3701 4865 3869 4917 eam

2329 4976 2851 5052 corrumpere,
2890 4975 3032 5027 nec
3071 4976 3163 5028 ex
3218 4976 3327 5047 se,
3373 4981 3515 5032 noc
3561 4959 3868 5036 aliunde

2329 5071 2591 5169 adjuta
2621 5094 2756 5169 per
2810 5069 3122 5168 aliquod
3181 5092 3419 5169 agens
3488 5080 3864 5174 naturale,

2332 5188 2541 5288 quia,
2586 5196 2670 5262 ut
2718 5185 3191 5282 conceditur,
3275 5211 3674 5289 nunquam
3733 5218 3871 5294 po-

2330 5316 2477 5382 test
2516 5304 2906 5402 corrumpi
2939 5304 3016 5377 in
3058 5306 3203 5380 hac
3244 5306 3425 5383 vita.

2429 5424 2646 5517 Item,
2693 5421 2838 5496 ista
2880 5421 3210 5520 qualitas
3243 5447 3386 5498 nec
3435 5436 3634 5501 esset
3676 5451 3871 5526 qua-

2331 5540 2505 5615 litas
2545 5538 2902 5633 coelestiS,
2946 5562 3089 5613 nec
3128 5540 3643 5638 elementariS,
3688 5548 3874 5644 quia

2334 5682 2510 5735 caro
2556 5656 2908 5734 neutrius
2961 5656 3351 5756 qualitatis
3409 5670 3523 5735 est
3554 5686 3875 5764 suscep-

3925 4360 3945 4382 ·
3979 4358 4112 4424 Sup.
4139 4359 4193 4409 d.

3894 4425 4140 4475 22.nnm.
4173 4425 4221 4472 2.
