4295 6326
656 385 783 453 258

656 558 871 632 randi
932 556 1260 653 gratuite
1316 555 1411 629 sit
1466 554 1543 627 in
1587 560 1957 652 potestate
1999 553 2195 649 ejus,

653 675 747 749 ad
805 677 946 748 hoc
989 674 1192 771 quod
1248 671 1589 770 operatio
1652 671 1750 744 sit
1811 670 2194 766 gratuita;

653 791 886 888 igitur
933 798 1231 888 oportet
1296 788 1501 886 quod
1561 787 1637 861 si.
1686 796 1959 861 natura
2002 795 2204 861 esset

652 915 1071 1004 assumpta,
1146 906 1395 978 adhuc
1469 904 1542 976 in
1588 904 1761 1000 'ejus
1830 911 2202 1000 potestate

652 1030 852 1095 esset
912 1020 1056 1093 frui
1100 1020 1414 1093 vel-non
1479 1016 1655 1110 frui,
1721 1016 1941 1090 aliter
1994 1015 2201 1090 enim

653 1162 809 1211 non
853 1146 1111 1236 posset
1168 1134 1468 1209 mereri.

750 1255 936 1330 Dico
979 1253 1211 1350 igitur
1251 1250 1455 1350 quod
1514 1274 1669 1323 non
1726 1259 1841 1324 est
1875 1249 2203 1346 [necesse

652 1382 1005 1447 naturam
1077 1370 1526 1444 rationalem
1598 1367 1888 1441 unitam
1950 1363 2204 1439 Verbo

326 1249 521 1300 Resolu
531 1250 602 1300 tio

332 1316 587 1365 Ductoris.

652 1490 796 1565 frui
854 1490 1041 1583 DeO,
1106 1485 1490 1584 loquendo
1549 1484 1641 1559 de
1691 1482 2032 1582 potentia
2084 1481 2210 1555 ab·

652 1608 902 1681 soluta
955 1605 1122 1697 Dei,
1169 1623 1637 1701 quamquam
1697 1599 1904 1673 aliud
1966 1598 2064 1672 sit
2111 1598 2204 1671 de

648 1729 875 1815 fact0,
940 1721 1120 1819 quia
1172 1719 1386 1818 prius
1453 1725 1702 1816 potest
1761 1714 2101 1814 separari
2163 1738 2207 1788 a

648 1838 1076 1938 posteriori,
1149 1845 1222 1911 et
1285 1836 1454 1909 ideo
1498 1857 1652 1906 non
1714 1843 1826 1906 est
1889 1854 2203 1905 neccsse

648 1980 936 2056 ponere
976 1957 1204 2028 talem
1267 1951 1613 2024 habitum
1669 1948 2200 2041 inclinantem,

651 2097 743 2148 ex
775 2074 919 2146 hoc
960 2070 1165 2168 quod
1209 2078 1485 2142 natura
1513 2074 1626 2141 est
1667 2065 1879 2139 unita
1917 2063 2198 2137 Verbo.

299 2192 538 2318 ggsifflg
563 2197 616 2310 ἐ·
746 2189 858 2263 Ad
891 2188 1224 2286 primum
1259 2208 1394 2282 pro
1434 2183 1560 2256 via
1590 2181 2000 2272 contraria,
2036 2180 2205 2254 dico

447 2320 494 2371 ³·
606 2294 856 2405 ‘quod
919 2302 1173 2376 deficit
1240 2298 1668 2398 dupliciter,
1728 2296 1910 2394 quia
1959 2296 2207 2392 objec-

654 2434 817 2497 tum
900 2417 1339 2494 beatificum
1419 2439 1509 2490 ex
1577 2417 1720 2487 hoc
1811 2411 2014 2509 quod
2092 2423 2208 2486 est

652 2559 1023 2636 praesens,
1071 2557 1224 2607 non
1281 2542 1393 2605 est
1434 2527 1955 2603 necessarium
1997 2527 2202 2623 quod

650 2649 1004 2727 immutet
1098 2650 1566 2722 intellectum
1652 2645 1746 2718 ad
1824 2643 2201 2720 actualem

647 2772 1026 2845 visionem
1075 2796 1092 2861 3
1152 2789 1287 2863 per
1348 2762 1751 2860 imperium
1796 2760 2002 2835 enim
2062 2783 2203 2832 vo-

649 2886 963 2962 luntatis
1021 2889 1268 2981 potest
1323 2878 1696 2976 negotiari
1757 2876 1960 2950 circa
2018 2876 2194 2969 alia,

644 3014 717 3078 et
768 3028 859 3077 ex
907 3003 1051 3074 hoc
1103 3000 1265 3072 solo
1307 2994 1512 3093 quod
1555 2993 2078 3092 suppositatur
2116 2991 2196 3064 in

640 3119 922 3212 Verbo,
975 3139 1125 3189 non
1172 3121 1468 3211 oportet
1508 3110 1711 3210 quod
1755 3109 1927 3207 plus
1968 3131 2198 3205 agno-

640 3248 801 3313 scat
832 3262 911 3311 se
960 3235 1159 3309 uniri
1204 3232 1453 3307 Verbo
1487 3252 1716 3328 quam
1774 3229 1978 3303 aliud
2023 3253 2197 3326 sup-

637 3357 1001 3455 positum,
1049 3353 1250 3451 quod
1302 3375 1461 3423 -non
1510 3350 1794 3424 unitur.

288 3485 605 3597 ffissffiffigg
740 3476 1147 3563 Praeterea,
1203 3474 1361 3543 esto
1405 3467 1609 3566 quod
1666 3475 1836 3540 actu
1907 3465 2194 3538 immu-

335 3625 575 3673 ussump·
643 3600 830 3666 taret
886 3589 1358 3663 intellectum
1414 3585 1504 3659 ad
1577 3583 1982 3674 visionem,
2054 3582 2192 3655 ad-

400 3681 530 3724 um
638 3712 790 3782 huc
880 3730 1032 3780 non
1098 3704 1446 3800 sequitur
1486 3699 1690 3797 quod
1755 3699 2190 3772 necessario

641 3825 955 3899 inclinet
1014 3823 1485 3895 voluntatem
1544 3817 1638 3891 ad
1698 3824 1951 3889 actum
2007 3815 2185 3908 frui,

638 3944 812 4017 licet
858 3941 1201 4015 habilitet
1244 3938 1713 4011 voluntatem
1765 3933 1857 4006 ad
1903 3932 2072 4006 frui.

409 4073 471 4137 5.
733 4061 841 4135 Ad
879 4058 1115 4150 aliud,
1175 4056 1343 4129 dico
1377 4053 1579 4150 quod
1616 4051 1677 4125 si
1711 4051 2023 4124 daretur
2055 4049 2188 4122 uni

281 4178 580 4291 Adgffian-
637 4188 1009 4253 creatura}
1066 4172 1429 4270 quaelibet
1469 4167 1827 4266 perfectio
1889 4174 2193 4239 natura-

518 4284 523 4291 ¹
638 4297 758 4388 lis,
820 4315 993 4391 quae
1050 4295 1297 4387 potest
1365 4283 1627 4357 haberi
1681 4283 1775 4356 ab
1830 4281 2191 4355 omnibus

638 4408 1037 4500 creaturis,
1110 4406 1275 4502 ipsa
1351 4410 1550 4475 esset
1640 4399 1894 4471 minus
1971 4399 2193 4470 beata

638 4550 866 4626 quam
925 4546 1159 4616 nunc,
1204 4519 1265 4593 si
1311 4542 1463 4592 non
1524 4515 1835 4589 daretur
1884 4513 2029 4587 sibi
2077 4514 2195 4586 ul-

639 4647 878 4721 terius
921 4641 1162 4738 major
1210 4642 1480 4733 gratia,
1529 4633 1711 4732 quia
1752 4631 2197 4728 simpliciter

639 4771 931 4838 careret
993 4756 1261 4853 majori
1296 4750 1786 4851 perfectione,
1833 4771 1986 4845 qua
2019 4757 2197 4820 nata

638 4890 751 4957 est
793 4876 1092 4976 perfici3
1141 4874 1308 4946 ideo
1372 4868 1518 4942 nisi
1562 4867 1881 4941 haberet
1920 4887 2197 4963 opera-

638 5000 922 5072 tionem
1021 4990 1479 5066 nobiliorem
1565 4984 1643 5056 in
1749 4982 2194 5078 attingendo

638 5114 870 5188 finem
979 5107 1360 5190 ultimum,
1478 5108 2193 5198 quantumcumque

640 5229 1086 5305 nobilitetur
1152 5218 1486 5298 essentia
1539 5218 1615 5290 in
1679 5227 1850 5291 actu
1912 5217 2188 5314 primo,

638 5376 792 5424 non
837 5355 1144 5448 propter
1177 5344 1320 5414 boc
1352 5345 1466 5412 est
1497 5336 1629 5410 illa
1660 5346 2012 5411 creatura
2046 5361 2195 5409 ma-

637 5468 755 5565 gis
798 5467 1046 5550 beata,
1093 5456 1276 5556 quia
1340 5451 1730 5527 beatitudo
1764 5462 1877 5528 est
1918 5452 1994 5525 in
2047 5454 2194 5527 hoc

640 5584 841 5682 quod
924 5574 1227 5671 attingit
1294 5570 1524 5644 finem
1595 5594 1731 5667 per
1807 5570 2195 5669 operatio-

2084 380 2327 448 LIBRI
2374 381 2495 450 111.

2310 569 2513 643 nem,
2584 563 2656 628 et
2722 554 2894 629 ideo
2963 553 3436 651 impossibile
3508 561 3622 627 est
3664 551 3869 650 quod

2309 671 2700 746 beatitudo
2755 671 2850 745 sit
2883 671 3130 768 primo
3166 672 3237 743 in
3283 670 3642 757 essentia,
3690 669 3872 768 quia

2313 787 2697 883 loquendo
2728 787 2818 861 de
2853 787 3161 884 illapsu,
3194 786 3620 861 secundum
3664 784 3868 883 quod

2311 902 2520 976 Deus
2600 901 2940 975 illabitur
3014 901 3092 973 in
3171 902 3504 977 essentia
3579 924 3863 988 rerum,

2312 1023 2715 1119 aequaliter
2756 1022 3096 1096 illabitur
3136 1045 3341 1095 nunc
3383 1022 3581 1095 sicut
3637 1021 3709 1094 in
3746 1044 3871 1119 pa-

2311 1140 2481 1213 tria.
2529 1138 2698 1212 Non
2730 1148 2981 1212 tamen
3029 1139 3258 1212 habet
3300 1138 3543 1211 viator
3573 1137 3678 1212 ita
3707 1161 3872 1235 per-

2316 1257 2582 1331 fectam
2627 1254 3181 1353 operationem,
3229 1255 3400 1328 ideo
3441 1277 3583 1329 nec
3624 1262 3872 1352 potest

2313 1395 2481 1447 esse
2542 1371 2647 1445 ita
2678 1372 2947 1445 beatus
2988 1372 3187 1445 sicut
3226 1371 3300 1443 in
3357 1370 3629 1467 patria,
3689 1370 3872 1467 quia

2313 1491 2530 1564 nulla
2617 1499 2969 1563 creatura
3048 1487 3326 1562 dicitur
3421 1487 3873 1585 simpliciter

2313 1607 2562 1699 beata,
2609 1605 2755 1679 nisi
2811 1629 2948 1704 per
2988 1614 3240 1679 actum
3303 1629 3559 1699 suum,
3621 1613 3696 1681 et
3747 1627 3872 1678 es-

2312 1722 2562 1797 sentia
2600 1731 2783 1796 tunc
2816 1722 2959 1796 erit
3015 1722 3263 1812 beata,
3310 1720 3507 1795 sicut
3549 1729 3726 1795 nata
3757 1728 3872 1796 est

2312 1863 2507 1933 esse,
2594 1840 2740 1913 hoc
2810 1848 2952 1933 est,
3041 1838 3115 1911 in
3191 1837 3637 1936 operatione
3699 1863 3719 1931 3
3798 1845 3874 1911 et

2312 1956 2482 2032 ideo
2515 1957 2762 2054 primo
2797 1965 2911 2031 est
2942 1955 3330 2031 beatitudo
3377 1954 3452 2028 in
3498 1953 3867 2052 potentia,

2310 2086 2385 2151 et
2439 2075 2816 2151 redundat
2874 2076 2951 2148 in
2995 2075 3436 2169 essentiam,
3494 2074 3693 2149 sicut
3729 2098 3875 2172 po-

2311 2201 2457 2268 test
2518 2193 2978 2276 redundare,
3025 2203 3099 2266 et
3165 2192 3272 2266 sic
3333 2191 3695 2289 perfectio
3745 2215 3872 2267 es-

2311 2308 2580 2383 sentiae
2640 2309 3019 2382 redundat
3090 2307 3163 2379 in
3237 2306 3654 2405 potentiam
3732 2330 3868 2405 per

2313 2425 3089 2499 communicationem
3162 2422 3643 2498 idiomatum.

2406 2541 2516 2614 Ad
2560 2541 2796 2634 aliud,
2834 2548 3038 2638 patet
3076 2539 3282 2636 quod
3338 2539 3659 2637 illapsus
3698 2564 3862 2638 spe-

2309 2659 2523 2734 cialis
2601 2667 2847 2755 potest
2932 2681 3097 2733 esse
3180 2657 3346 2732 sine
3415 2658 3860 2755 operatione

2307 2785 2856 2874 consequente,
2894 2798 3069 2873 quae
3111 2785 3225 2850 est
3257 2775 3430 2868 frui,
3465 2759 3586 2849 vel
3629 2775 3856 2849 etiarn

2304 2893 2528 2967 visio.
2619 2939 2621 2943 »

2403 3010 2510 3082 Ad
2581 3007 2814 3097 aliud,
2898 3006 3067 3081 dico
3137 3006 3340 3103 quod
3422 3006 3677 3080 minus
3745 3015 3859 3080 est
4030 3006 4102 3070 6.

2304 3124 2509 3222 quod
2553 3122 2832 3221 aliquis
2876 3122 3152 3197 habeat
3201 3121 3550 3219 gratiam,
3619 3144 3856 3220 quan·
3917 3121 3996 3171 Ad
4031 3134 4208 3187 quar·
4281 3186 4282 3191 ,

2301 3251 2462 3315 tum
2505 3240 2596 3313 ad
2640 3250 2893 3313 actum
2958 3238 3321 3335 primum,
3368 3261 3598 3336 quam
3641 3238 3856 3312 unio·
3934 3190 4200 3297 Αῗῗὸῑο

2302 3381 2474 3431 nem
2536 3357 2630 3430 ad
2671 3355 3040 3449 Verbum,
3100 3364 3355 3429 tamen
3406 3354 3855 3452 simpliciter
3887 3310 4205 3446 hgaei'i’ssissii}

2303 3459 2550 3569 majus
2590 3483 2704 3547 est
2760 3472 3044 3546 habere
3086 3471 3406 3567 gratiam
3464 3495 3639 3545 cum
3681 3441 3955 3570 ope·nt
4004 3437 4230 3549 iissuim

2300 3590 2622 3676 ratione,
2679 3611 2911 3685 quain
2982 3588 3262 3662 habere
3335 3587 3697 3662 unionem
3761 3589 3853 3663 ad

2299 3729 2708 3803 personam
2776 3704 3114 3777 divinam
3172 3712 3493 3778 tantum.
3539 3704 3851 3779 Mallem
3903 3699 4212 3758 Quomodo

3885 3762 4077 3826 majus
4116 3767 4206 3812 est

2297 3821 2530 3907 enim,
2588 3822 2650 3896 si
2691 3821 3002 3895 daretur
3045 3820 3231 3892 mihi
3274 3819 3508 3917 optio,
3570 3820 3850 3896 habere
3883 3822 4075 3938 ⁶¹{23
4107 3826 4210 3936 ¹351

2295 3939 2619 4035 gratiam
2679 3938 2921 4011 beatae
2989 3936 3358 4032 Virginis,
3411 3945 3487 4010 et
3553 3937 3853 4012 fruitio-
3914 3949 4057 4000 lium
4095 3951 4204 4023 Dei

2296 4078 2502 4147 nem,
2540 4078 2771 4152 quam
2814 4078 2980 4128 esse
3014 4053 3442 4128 subsistens
3482 4053 3556 4125 in
3594 4054 3847 4149 Patre,
3883 4014 4237 4134 effcimiia'iifn

2298 4180 2372 4246 et
2418 4171 2638 4265 Filio,
2698 4180 2772 4245 et
2828 4169 3117 4266 Spiritu
3160 4178 3420 4243 sancto
3474 4169 3639 4244 sine
3673 4170 3849 4265 frui,
3941 4151 4206 4253 33:3ae5
4281 4254 4282 4261 ,

2300 4292 2442 4363 hoc
2485 4298 2625 4381 est,
2669 4287 2818 4360 nisi
2864 4287 3227 4361 haberem
3297 4287 3851 4384 operationem,

2300 4414 2384 4479 ut
2439 4406 2817 4479 visionem
2860 4412 2933 4477 et
2973 4402 3438 4478 fruitionem.
3484 4403 3672 4479 Dico
3715 4429 3860 4480 au-

2299 4529 2450 4594 tem
2486 4519 2688 4618 quod
2731 4519 3210 4614 Augustinus
3251 4518 3612 4616 intelligit
3652 4522 3856 4619 quod

2305 4636 2549 4732 magis
2606 4644 2721 4710 est
2763 4634 3005 4708 filium
3040 4635 3179 4708 Dei
3222 4659 3389 4710 esse
3433 4634 3677 4710 filium
3731 4640 3859 4712 ho-

2306 4752 2560 4847 minis,
2597 4761 2972 4850 quantum
3023 4752 3115 4825 ad
3167 4761 3419 4826 actum
3487 4753 3854 4850 primum,

2302 4894 2533 4969 quam
2579 4868 2821 4943 filium
2857 4868 3195 4943 hominis
3236 4893 3404 4945 esse
3438 4868 3682 4944 filium
3718 4872 3857 4946 Dei

2303 5010 2439 5085 per
2480 4985 2833 5083 gratiam,
2894 4984 3025 5060 sed
3104 5008 3261 5058 non
3321 4994 3699 5082 quantum
3761 4989 3854 5062 ad

2302 5115 2559 5179 actum
2610 5104 3063 5180 secundum.

2402 5220 2514 5295 Ad
2557 5221 2765 5296 aliud
2797 5221 2889 5295 de
2922 5218 3217 5314 habitu,
3247 5220 3416 5295 dico
3450 5223 3653 5319 quod
3687 5222 3848 5299 sive
3888 5224 4262 5346 mit-nro?-

2298 5336 2614 5435 ponitur
2656 5337 2987 5429 habitus,
3027 5344 3108 5409 ut
3165 5336 3261 5409 sit
3327 5336 3640 5412 elevans
3704 5364 3848 5437 po-
4113 5327 4129 5341 ⁶
4211 5336 4226 5346 ’

2297 5454 2646 5548 tentiam,
2682 5455 2800 5527 vel
2867 5463 2947 5527 ut
3023 5464 3522 5550 repraesentat
3582 5456 3843 5553 objec-

2298 5579 2490 5665 tum,
2526 5579 2775 5668 potest
2842 5569 3021 5667 poni
3127 5570 3221 5643 ad
3299 5571 3841 5671 quodcumque

3948 2543 4035 2592 Ad
4072 2547 4179 2594 ter·

3980 2607 4148 2659 tium.
