4295 6326
214 1408 322 1473 23.

102 1524 180 1574 Ad
213 1537 399 1573 secun·

194 1586 341 1636 dum.

102 1650 395 1699 Prudentia

130 1712 402 1761 nobilissi-

102 1788 193 1825 ma
214 1776 402 1825 virtus.

138 3417 228 3467 Ad
250 3421 398 3468 turti-

219 3494 325 3530 um·

110 3545 281 3594 Error
314 3541 433 3592 Phi·

113 3605 411 3669 Iosophide

108 3670 232 3730 lege
264 3680 411 3718 men·

146 3733 391 3783 brorum.

1376 389 1604 459 DlST.
1657 384 1977 455 xxxin.
2036 377 2455 462 QUAESTIO
2507 375 2747 446 UNIC.

458 598 677 660 rum;
726 558 800 646 in
849 573 993 646 hoc
1042 569 1249 645 enim
1283 567 1485 665 quod
1565 564 1832 639 definit
1864 562 2012 635 vir-

457 700 694 765 tutem
772 712 939 763 esse
1001 688 1347 761 habitum
1427 682 1867 773 electivum,
1931 680 1999 750 2.

456 791 801 905 Ethioor,
839 830 1006 904 cap.
1042 806 1111 877 6.
1151 803 1335 879 satis
1386 800 1687 875 videtur
1718 820 2003 898 ponere

455 924 817 996 virtutem
854 922 929 994 in
973 921 1103 994 illa
1154 918 1519 1018 potentia,
1579 915 1800 1012 cujus
1840 938 2006 1012 pro·

457 1039 618 1137 prie
688 1047 800 1112 est
869 1038 1178 1134 eligere.
1269 1033 1637 1108 Similiter
1704 1029 2005 1105 videtur

456 1157 660 1230 idem
696 1179 978 1254 ponere
1005 1156 1207 1229 circa
1233 1152 1600 1243 medium,
1641 1150 1706 1231 1.
1747 1150 1994 1222 Elicio.

456 1298 621 1371 cap.
673 1273 738 1345 1.
790 1282 1292 1346 utostensum
1345 1278 1481 1343 est.

502 1391 663 1463 -Ad
730 1389 915 1463 illud
977 1390 1068 1463 de
1138 1384 1569 1485 prudentia,
1663 1393 1805 1458 etc.
1874 1385 2002 1455 Est

456 1508 934 1582 nobilissima
982 1506 1225 1579 virtus
1296 1504 1625 1587 moralis,
1687 1524 2000 1598 compa-

455 1625 696 1698 rando
763 1625 855 1699 ad
916 1624 1237 1697 virtutes
1305 1623 1379 1694 in
1463 1622 1851 1695 voluntate
1895 1618 2001 1690 in-

459 1751 836 1839 quantum
892 1743 1253 1837 regulans
1321 1762 1475 1814 eas.
1549 1738 1659 1810 Ad
1720 1714 2010 1834 proba--⁴

462 1859 774 1951 tionem,
832 1857 1241 1932 dicendum
1313 1855 1513 1955 quod
1587 1855 1783 1928 sicut
1859 1878 2000 1951 ego

460 1999 627 2049 sum
675 1975 1284 2068 nobiliorbrutO,
1319 1998 1471 2048 non
1511 1985 1771 2047 tamen
1805 1972 2004 2046 albe-

458 2092 554 2165 do
600 2114 767 2165 mea
823 2090 1156 2164 nobilior
1233 2113 1460 2187 quain
1494 2089 1763 2163 albedo
1804 2088 1996 2184 ejus.

558 2207 683 2281 Sic
746 2230 896 2280 non
976 2206 1324 2303 sequitur
1418 2206 1490 2278 in
1580 2206 1998 2303 propositO,

456 2312 816 2401 voluntas
857 2334 971 2401 est
1006 2325 1333 2399 nobilior
1392 2324 1731 2423 potentia
1771 2348 1999 2422 quain

462 2443 937 2536 intellectus3
983 2466 1165 2539 ergo
1199 2441 1607 2539 prudentia
1661 2441 1736 2513 in
1781 2441 2006 2515 intel-

463 2562 659 2634 lectu
728 2569 840 2633 est
897 2558 1310 2656 ignobilior
1375 2546 1789 2631 virtutibus
1837 2581 2006 2630 om-

464 2678 691 2752 nibus
732 2676 805 2749 in
874 2676 1314 2768 voluntate3
1396 2674 1527 2748 sed
1571 2673 2006 2772 perfectibi-

468 2792 567 2866 tia
608 2792 958 2866 ordinata
990 2790 1415 2866 secundum
1459 2790 2003 2889 perfectionem

467 2918 539 2983 et
615 2908 1299 3006 imperfectionem,
1371 2917 1444 2981 et
1501 2906 2007 3005 perfectiones

466 3049 849 3123 supremae
926 3026 1297 3100 ordinatae
1383 3033 1565 3099 sunt
1656 3023 2007 3097 similiter

467 3142 892 3217 secundum
953 3141 1429 3216 nobilitatem
1499 3149 1572 3216 et
1647 3138 2008 3236 ignobili-

471 3268 730 3335 tatem.

569 3378 676 3451 Ad
735 3378 943 3452 aliud
1025 3378 1339 3453 Politia.
1432 3379 1709 3454 dicitur
1803 3380 2007 3477 quod

473 3493 990 3592 Philosophus
1068 3493 1170 3568 ibi
1276 3495 1583 3569 erravit.
1675 3497 2011 3570 Credidit

471 3610 990 3708 Philosophus
1013 3613 1259 3707 legem
1297 3613 1813 3687 membrorum
1843 3637 2009 3688 esse

466 3738 764 3804 naturae
804 3753 1010 3804 verae
1051 3730 1447 3825 institutae,
1512 3741 1585 3806 et
1625 3732 1794 3807 ideo
1835 3757 2009 3807 cum

466 3845 849 3943 appetitus
925 3846 1340 3920 sensitivus
1400 3847 1496 3921 sit
1548 3860 1821 3946 potens
1892 3873 2013 3923 re-

464 3963 779 4055 bellare,
847 3963 1168 4038 credidit
1233 3964 1343 4039 sic
1417 3988 1584 4039 esse
1653 3991 1699 4039 a
1741 3975 2015 4040 natura

465 4077 834 4163 instituta,
869 4078 1000 4152 sed
1030 4080 1176 4152 hoc
1203 4087 1317 4153 est
1350 4081 1649 4154 falsum.
1715 4081 2007 4155 Etenim

469 4193 540 4266 in
588 4202 863 4267 natura
904 4193 1252 4268 instituta
1283 4195 2013 4294 quilibet-appetitus

464 4311 820 4385 tendebat
882 4309 1432 4386 delectabiliter
1496 4313 1571 4385 in
1628 4313 2007 4409 objectum

465 4428 890 4526 proprium,
916 4437 991 4503 et
1016 4428 1319 4503 sialiter
1347 4429 1481 4503 tuit
1504 4431 2006 4524 moderatum,

467 4552 652 4617 tunc
695 4543 836 4617 fuit
876 4568 1012 4641 per
1068 4544 1441 4642 justitiam
1525 4547 2005 4644 originalem,

467 4660 649 4757 quia
706 4685 975 4735 omnes
1017 4663 1379 4760 potentiae
1411 4664 1869 4739 obediebant
1904 4688 2014 4739 ra-

465 4777 684 4850 tioni.
739 4777 926 4851 Dico
992 4787 1245 4852 tamen
1329 4780 1532 4877 quod
1617 4780 1785 4854 ideo
1854 4805 2004 4855 non

469 4894 883 4984 concludit,
930 4893 1076 4969 nisi
1140 4896 1341 4993 quod
1405 4897 1501 4971 sit
1576 4898 2013 4972 necessaria

467 5011 713 5085 virtus
746 5011 820 5084 in
867 5013 1201 5106 subdito,
1238 5024 1311 5087 et
1345 5015 1487 5087 hoc
1521 5015 1880 5088 concedo.
1923 5018 2012 5088 Et

469 5131 612 5204 hoc
665 5130 826 5203 vult
869 5131 1388 5230 Philosophus
1440 5133 1507 5204 6.
1548 5134 1893 5207 Ethicor.
1942 5143 2014 5208 et

467 5259 873 5346 propterea
912 5249 1322 5325 dicendum
1382 5251 1585 5348 quod
1656 5251 2015 5324 Philoso-

466 5367 670 5462 phus
724 5366 935 5463 ponit
992 5366 1312 5442 virtutes
1345 5369 1419 5441 in
1466 5371 1883 5453 voluntate,
1944 5376 2014 5442 et

467 5480 545 5554 in
581 5491 793 5580 parte
859 5484 1255 5578 sensitiva,
1307 5494 1827 5583 etutrumque
1882 5509 2018 5559 ve-

469 5622 637 5671 rum
670 5608 820 5691 est3
850 5598 1020 5676 ideo
1052 5600 1122 5674 2.
1155 5601 1487 5677 Ethicor.
1527 5624 1692 5700 cap.
1731 5601 1801 5673 6.
1846 5600 2017 5676 Vir-

3544 368 3667 436 521

2119 562 2240 631 tus
2291 561 2403 630 est
2443 554 2744 630 habitus
2790 550 3174 633 alewicus,
3222 544 3391 618 ideo
3425 539 3673 639 ipsius

2115 684 2230 750 est
2262 674 2574 769 eligere,
2608 669 2814 766 quod
2844 677 2956 741 est
2987 662 3382 763 proprium
3411 660 3679 731 volun-

2114 792 2317 865 tatis.
2349 792 2437 863 Et
2466 789 2570 862 ita
2601 795 2807 885 patet
2836 783 3037 881 quod
3097 776 3351 874 arguit
3395 798 3677 872 propo-

2110 909 2371 1000 situm,
2406 906 2589 1004 quia
2617 903 2822 978 enim
2850 903 3207 975 voluntas
3230 893 3673 969 dominatur

2110 1025 2483 1123 appetitui
2533 1020 2902 1097 sensitivo
2948 1014 3381 1114 principatu
3426 1008 3668 1101 civili,

2108 1142 2279 1217 ideo
2334 1138 2751 1237 requiritur
2818 1136 3088 1218 virtus,
3135 1140 3219 1205 ut
3258 1130 3426 1226 ipsa
3469 1127 3667 1201 bene

2106 1259 2393 1356 praesit,
2429 1265 2502 1330 et
2529 1264 2608 1330 ut
2639 1255 2778 1328 iste
2807 1254 3000 1326 bene
3034 1246 3362 1322 obediat.

2202 1376 2314 1450 Ad
2349 1373 2556 1450 aliud
2590 1373 2682 1446 de
2738 1366 3173 1443 fortitudine
3235 1371 3308 1435 et
3373 1369 3656 1457 tempe·
3791 1388 3899 1453 25,

2108 1493 2381 1583 rantia,
2426 1489 2840 1563 dicendum
2878 1482 3083 1581 quod
3132 1481 3296 1578 ipsa
3340 1500 3649 1575 ponun-
3677 1502 4018 1577 Adqunrium

2104 1620 2231 1685 tur
2295 1609 2369 1681 in
2468 1607 2857 1679 voluntate
2953 1596 3374 1673 secundum
3458 1592 3652 1665 duas
3678 1569 4015 1692 Οζῖῗξζῗξξῐ

2106 1726 2312 1800 vires
2341 1724 2535 1820 ejus,
2559 1719 2849 1795 scilicet
2878 1714 3340 1789 irascibilem
3375 1718 3448 1782 et
3477 1730 3651 1781 con·
3704 1698 3992 1816 αζιξζξξξξξ·

2107 1839 2665 1940 cupiscibilem,
2711 1835 2893 1933 quia
2923 1832 2987 1907 si
3036 1831 3414 1905 diceretur
3446 1822 3650 1922 quod
3679 1817 4014 1930 ὒῑῑζζίξίῑιίζξᾶ·

2110 1955 2732 2054 concupiscibilis
2800 1961 2978 2025 nata
3045 1957 3157 2022 est
3218 1942 3658 2018 immediate

2108 2077 2424 2152 tendere
2482 2075 2552 2146 in
2616 2073 2900 2147 bonum
2971 2064 3328 2154 volendo,
3399 2059 3665 2134 irasci-

2110 2192 2286 2268 bilis
2317 2214 2497 2264 vero
2544 2186 2899 2288 proprius
2932 2193 3148 2258 actus
3206 2187 3319 2254 est
3350 2179 3667 2252 tendere

2112 2310 2188 2381 in
2234 2306 2522 2404 aliquid
2603 2301 3136 2401 impeditivum
3214 2296 3389 2369 talis
3456 2291 3668 2383 boni,

2110 2429 2234 2503 vel
2270 2427 2478 2501 illam
2517 2445 2825 2499 causam
2869 2418 3048 2492 mali
3082 2410 3671 2516 propugnando,

2114 2546 2335 2627 Unde
2368 2546 2536 2641 ejus
2577 2552 2793 2617 actus
2835 2561 2987 2612 non
3046 2543 3161 2610 est
3223 2528 3675 2605 immediate

2113 2664 2429 2739 tendere
2475 2662 2550 2735 in
2596 2661 2916 2749 bonum,
2961 2654 3083 2728 vel
3134 2651 3277 2725 sub
3313 2653 3655 2744 respectu

2113 2780 2325 2873 boni,
2390 2779 2509 2853 vel
2591 2774 2767 2849 mali
2838 2771 2981 2847 sub
3035 2776 3382 2865 respectu
3456 2760 3667 2837 mali,

2112 2899 2247 2974 sed
2283 2894 2356 2970 id
2393 2893 2684 2993 aliquid
2726 2891 3186 2988 inquantum
3238 2879 3666 2978 impediens

2121 3017 2443 3106 bonum,
2479 3012 2600 3086 vel
2655 3009 2992 3083 inserens
3026 3003 3340 3076 malurn.

2214 3130 2433 3207 Unde
2469 3151 2619 3202 non
2664 3135 2779 3201 est
2836 3120 3192 3222 proprius
3224 3126 3439 3192 actus
3493 3136 3668 3188 con-

2114 3246 2592 3348 cupiscibilis
2633 3253 2708 3319 et
2748 3238 3152 3316 irascibilis
3198 3229 3658 3319 contristari,

2115 3368 2248 3445 sed
2295 3355 2613 3462 utraque
2646 3361 2764 3436 vis
2795 3358 3023 3434 habet
3090 3352 3476 3454 propriam
3530 3350 3666 3423 de-

2117 3484 2599 3560 lectationem
2646 3488 2718 3552 et
2751 3474 3130 3550 tristitiam
3179 3491 3666 3566 consequen-

2121 3611 2270 3678 tem
2314 3611 2568 3675 actum
2604 3618 2860 3672 suum.

2218 3721 2437 3795 Unde
2507 3718 2580 3790 in
2622 3726 2945 3809 utroque
3014 3708 3407 3783 invenitur
3464 3704 3668 3779 circa

2119 3839 2502 3936 objectum
2573 3853 2917 3932 praesens
2959 3824 3358 3901 delectatio
3400 3832 3474 3896 et
3502 3820 3668 3893 tris-

2122 3956 2285 4031 titia
2328 3956 2402 4028 in
2459 3974 2688 4050 opere
2723 3948 2925 4021 circa
2983 3944 3287 4033 absenS,
3360 3951 3433 4013 et
3497 3937 3669 4011 ideo

2122 4096 2435 4149 necesse
2470 4078 2582 4145 est
2613 4087 2930 4167 ponere,
2989 4061 3048 4133 si
3110 4059 3262 4132 sint
3328 4056 3404 4128 in
3457 4063 3667 4153 parte

2121 4190 2512 4280 sensitiva,
2579 4184 2778 4285 quod
2844 4182 2996 4257 sint
3066 4178 3241 4251 duae
3308 4173 3670 4274 potentias

2121 4312 2497 4386 habentes
2564 4303 2869 4377 diversa
2957 4316 3274 4392 organa,
3338 4289 3520 4388 quia
3578 4311 3670 4361 ex

2120 4425 2610 4530 passionibus
2680 4413 3117 4514 hujusmodi
3189 4408 3664 4508 appetituum

2120 4548 2205 4622 fit
2236 4543 2581 4622 alteratio
2607 4563 2696 4614 ex
2726 4532 3039 4632 organis
3071 4553 3367 4612 eorum,
3401 4549 3669 4601 secun-

2121 4666 2303 4740 dum
2343 4660 2561 4760 -quod
2608 4679 2739 4732 cor
2779 4678 2868 4728 ex
2931 4648 3232 4723 tristitia
3281 4643 3667 4720 constrin-

2117 4783 2349 4881 gitur,
2385 4779 2505 4853 vel
2539 4801 2629 4850 ex
2657 4770 2936 4870 gaudio
2969 4768 3350 4841 dilatatur.

2220 4898 2442 4974 Unde
2491 4917 2663 4970 curn
2728 4885 3143 4986 aliquando
3204 4891 3418 4957 actus
3476 4902 3665 4952 con-
3691 4920 4019 4992 'temperan-

2121 5012 2594 5114 cupiscibilis
2680 5009 2954 5082 inferat
3046 5000 3657 5085 delectationem,
3697 4983 3992 5096 ῑίῗιξζοῖἳζ

2121 5129 2618 5207 conclusione
2673 5120 3217 5220 consequentis
3258 5127 3472 5190 actus
3527 5114 3667 5187 ira·
3698 5111 4019 5236 eissffiiiffi.

2125 5249 2415 5325 scibilis
2456 5247 2680 5320 infert
2712 5242 3124 5326 tristitiam,
3161 5236 3367 5312 etsie
3400 5254 3670 5306 conse-

2129 5374 2476 5464 quuntur
2507 5359 2998 5436 alterationes
3061 5352 3459 5451 oppositae,
3496 5370 3670 5444 quae

2133 5506 2289 5556 non
2348 5487 2659 5579 possent
2715 5475 2943 5550 simul
2987 5470 3166 5569 poni
3234 5468 3312 5540 in
3374 5463 3670 5556 eodem,

2139 5610 2213 5675 et
2247 5599 2416 5673 ideo
2457 5596 2536 5670 in
2570 5618 2800 5670 sensu
2838 5599 3018 5666 sunt
3049 5588 3374 5670 diversae
3407 5591 3680 5681 poten-
