4295 6326
136 2962 352 3014 creatio
370 2962 464 3014 lar·

132 3040 202 3089 go
235 3030 465 3090 suinpta,

221 3089 352 3153 quid
371 3094 397 3141 Ὶ

247 5545 314 5612 7.

1607 461 1836 529 DIST.
1885 460 2009 530 xl.
2062 461 2478 540 QUAESTIO
2527 461 2614 529 ΙΙ.

517 629 774 704 dinem
808 632 904 705 ad
935 634 1370 732 oppositum
1415 634 1889 733 praecedens,
1952 633 2056 707 ita

515 746 718 841 quod
760 746 948 822 illud
1004 749 1101 824 sit
1158 774 1313 825 non
1358 774 1517 826 6336
1572 749 2047 849 simpliciter,

513 860 617 935 ita
647 864 856 959 quod
895 864 992 940 sit
1032 890 1222 964 pure
1292 867 1514 940 nihil.
1572 865 1869 940 Creatio
1941 875 2053 939 ta-

515 1001 688 1052 men
722 980 1029 1077 passiva
1073 1007 1225 1056 non
1272 982 1529 1058 stricte
1590 982 1774 1056 dicit
1842 982 2053 1056 ordi-

513 1118 689 1169 nem
764 1098 858 1172 ad
928 1122 1238 1174 causam
1316 1101 1646 1198 primam
1725 1099 2050 1174 mediate

512 1214 630 1287 vel
663 1211 1128 1311 immediate,
1167 1217 1337 1292 ideo
1371 1217 1570 1314 ignis
1610 1217 1915 1313 genitus
1957 1215 2053 1289 ab

511 1328 687 1424 igne
729 1342 844 1405 est
883 1331 1200 1408 effectus
1258 1333 1488 1429 igniS,
1525 1333 1659 1408 sed
1702 1343 2078 1407 creatura·

504 1449 674 1543 Dei,
711 1458 964 1525 etnon
1021 1452 1245 1549 ignis.
1304 1451 1701 1543 Similiter,
1766 1449 2049 1524 creatio

508 1590 664 1640 non
711 1567 966 1643 stricte
1028 1593 1164 1667 per
1203 1568 1727 1643 habitudinem
1797 1566 1887 1641 ad
1924 1591 2050 1664 op-

503 1682 838 1781 positum
884 1685 1361 1782 praecedenS,
1420 1707 1573 1758 non
1644 1682 1825 1756 dicit
1891 1705 2050 1755 6336

505 1799 954 1899 simpliciter
1017 1804 1187 1900 ejus
1227 1803 1432 1901 quod
1485 1801 1787 1899 accipit,
1852 1800 2050 1874 sicut

503 1930 878 2016 ponentes
919 1923 1202 1996 multas
1237 1922 1517 1995 formas
1577 1916 2050 1993 substantia-

501 2035 640 2129 les,
686 2028 988 2136 ponun't
1038 2039 1250 2136 quod>
1298 2037 1662 2136 quaelibet
1710 2037 1837 2110 dat
1890 2058 2048 2109 6336

500 2151 979 2251 simpliciter,
1071 2154 1246 2229 non‘
1319 2165 1571 2229 tamen
1659 2154 2045 2228 destructo

501 2290 660 2341 6336
702 2269 869 2364 ejus
916 2269 1188 2343 ultimo
1247 2268 1650 2367 acquisito,
1717 2266 2047 2342 destrui-

499 2393 625 2458 tur
692 2386 1090 2482 quodlibet
1130 2409 1290 2460 6336
1360 2385 1525 2482 ejus
1566 2383 2039 2483 simpliciter,

505 2513 584 2575 ut
632 2512 891 2600 patet3
964 2504 1027 2577 si
1087 2503 1334 2601 primo
1376 2502 1794 2577 destruitur
1846 2524 2045 2575 com-

500 2618 834 2717 positum
904 2642 997 2694 ex
1055 2619 1377 2694 materia
1433 2629 1508 2693 et
1554 2620 1802 2692 forma
1859 2618 2042 2692 sub·

500 2737 835 2811 stantiali
879 2737 1145 2811 ultimo
1189 2737 1527 2830 inducta,
1573 2736 1827 2811 adhuc
1885 2759 2040 2809 non

498 2854 918 2929 destruitur
983 2878 1141 2929 esse
1214 2857 1472 2948 totale,
1556 2863 1629 2928 et
1710 2853 2044 2928 totaliter

499 2969 972 3067 simpliciter.
1012 2970 1090 3044 Si
1125 2978 1392 3068 postea
1424 2969 1846 3044 destruitur
1880 2967 2042 3065 pri-

498 3108 707 3159 mum
751 3109 910 3160 6336
941 3084 1402 3184 acquisitum
1443 3085 1571 3159 via
1602 3083 2040 3181 generatio-

497 3204 645 3299 nis,
706 3213 890 3279 tunc
954 3213 1069 3279 est
1111 3204 1600 3297 annihilatio,
1671 3204 1887 3302 prius
1938 3212 2041 3277 ta-

499 3343 672 3396 men
738 3321 881 3397 fuit
947 3321 1390 3420 corruptio;
1452 3321 1739 3396 creatio
1804 3321 2038 3417 igitur

496 3437 727 3513 habet
765 3439 1114 3514 ordinem
1169 3437 1263 3512 ad
1321 3462 1474 3512 non
1517 3461 1676 3512 6336
1743 3459 2040 3536 praece-

491 3555 710 3650 dens,
764 3555 950 3654 quia
1005 3566 1121 3631 est
1160 3555 1500 3654 acceptio
1561 3555 1785 3654 primi
1845 3579 2029 3631 esse.

490 3670 709 3758 Quod
753 3680 1000 3771 potest
1037 3671 1364 3768 intelligi
1424 3672 1858 3771 dupliciter,
1910 3671 2034 3746 vel

488 3792 870 3889 primitate
962 3792 1523 3890 adaequationis
1646 3794 1767 3867 vel
1889 3791 2036 3890 pri-

489 3909 746 3984 mitate
840 3908 969 3984 via
1067 3909 1615 4006 generationis.
1756 3912 2033 3984 Exem-

488 4028 698 4124 plum
760 4025 1016 4124 primi,
1072 4050 1230 4100 6336
1288 4026 1626 4100 hominis
1680 4026 2035 4123 adaequa-

490 4153 647 4216 tum
681 4152 795 4217 est
838 4167 997 4217 6336
1053 4143 1315 4235 totiuS,
1388 4152 1472 4216 ut
1530 4142 2031 4217 humanitatis

485 4259 926 4333 resultantis
1045 4281 1138 4334 ex
1270 4258 1559 4332 unione
1663 4258 2024 4355 partium.

485 4375 936 4474 Exemplum
981 4373 1333 4467 secundi,
1379 4397 1552 4448 cum
1606 4373 2033 4471 acquiritur

486 4513 642 4565 6336
669 4489 941 4588 primae
973 4489 1211 4589 partis
1246 4498 1327 4562 ut
1359 4488 1725 4576 materiae,
1764 4499 1836 4563 et
1867 4498 2027 4565 esto

485 4607 688 4702 quod
759 4605 1080 4680 materia
1146 4613 1349 4680 esset
1416 4604 1511 4678 ab
1580 4614 1898 4699 aeternO,
1957 4615 2032 4680 et

487 4745 619 4820 per
681 4744 1170 4821 consequens
1214 4779 1232 4810 ,
1270 4721 1604 4820 primum
1690 4745 1847 4796 6336
1904 4721 2032 4796 via

482 4836 1004 4934 generationis
1090 4846 1293 4913 esset
1383 4837 1548 4913 fieri
1628 4849 2026 4936 acceptum

485 4978 620 5052 per
659 4955 1154 5044 creationem,
1182 4937 1452 5028 'adhuc
1494 4953 1830 5053 primum
1872 4977 2030 5028 6336

488 5074 714 5147 totale
760 5082 1020 5170 posset
1067 5094 1236 5146 esse
1304 5080 1731 5168 acceptum,
1779 5082 1853 5145 et
1918 5071 2028 5146 sic

487 5197 743 5284 posset
801 5187 950 5261 dici
1002 5186 1286 5262 creatio
1357 5186 1594 5282 large,
1667 5194 1750 5261 ut
1799 5187 2030 5260 habet

488 5302 835 5378 ordinem
889 5303 982 5377 ad
1039 5325 1191 5376 non
1251 5325 1409 5375 6336
1469 5303 1694 5376 totale
1750 5326 2030 5400 praece-

489 5418 704 5493 dens.

589 5536 779 5610 Illud
841 5537 1074 5633 igitur
1132 5534 1338 5633 quod
1398 5545 1726 5628 creatur,
1798 5535 2068 5647 hahet&

494 5652 838 5728 ordinem
893 5652 988 5726 ad
1065 5651 1399 5750 primum
1455 5649 1799 5724 efficiens
1893 5651 2044 5723 im-'

3583 466 3708 534 323

2172 633 2522 719 mediate,
2556 633 2810 708 stricte
2843 634 3317 733 accipiendo,
3379 639 3499 712 vel
3546 662 3707 713 me·
3771 658 4027 736 ,conditio

3736 723 4026 836 ⁰³35032¹11⁰ss

3733 849 4033 962 Esssssiffsse'

3732 976 3904 1024 Verbo
3941 988 4050 1024 non

3788 1037 4019 1087 resultat

2166 1096 2425 1170 Primo
2471 1097 2695 1171 modo
2734 1123 2887 1172 non
2942 1108 3191 1198 potest
3228 1100 3375 1174 dici
3444 1103 3701 1177 Chris·
3735 1113 4027 1213 ⁰22¹2n2f³¹⁹

2169 747 2393 838 diate‚
2455 750 2692 846 large,
2761 759 2833 824 et
2891 749 3121 826 habet
3195 751 3545 826 ordinem
3608 754 3702 827 ad

2151 888 2320 937 ‘non
2380 888 2537 939 6336
2591 865 3039 964 simpliciter
3121 867 3502 966 primitate
3558 870 3701 946 viae

2166 982 2713 1077 generationis,
2751 986 2895 1057 hoc
2936 993 3073 1075 est,
3123 985 3392 1083 primae
3435 987 3694 1084 partis.

2166 1222 2288 1288 tus
2327 1224 2706 1308 creatura,
2757 1240 2907 1289 non
2956 1217 3162 1291 enim
3205 1217 3479 1316 accipit
3541 1244 3699 1293 6336

2166 1331 2421 1419 totale,
2487 1332 2693 1428 quod
2764 1342 2879 1406 est
2925 1332 3261 1429 primum
3321 1334 3705 1431 primitate

2164 1447 2749 1544 adaequationiS,
2805 1449 2989 1547 quia
3038 1451 3337 1524 nullum
3406 1453 3555 1527 tale
3598 1443 3719 1528 re-'

2162 1564 2395 1637 sultat
2448 1587 2539 1638 ex
2568 1564 2852 1654 Verb0‚
2900 1576 2972 1640 et
3014 1575 3289 1641 natura
3332 1569 3700 1663 humana,

2164 1681 2346 1779 quia
2385 1707 2476 1757 ex
2527 1681 2679 1757 illis
2708 1706 2862 1758 non
2910 1684 3403 1759 constituitur
3460 1711 3702 1761 unum

2162 1818 2327 1890 enS,
2363 1820 2539 1871 cum
2565 1808 2928 1873 neutrum
2971 1800 3069 1874 sit
3099 1801 3415 1876 alterius
3456 1812 3700 1899 actus,

2163 1936 2301 1987 nec
2335 1913 2678 2011 potentia
2733 1915 3075 1991 alterius.
3124 1917 3281 1991 Nec
3332 1916 3418 1992 fit
3462 1942 3700 1993 unum

2160 2055 2252 2106 ex
2297 2032 2418 2107 his
2459 2057 2596 2131 per
2655 2033 3277 2111 informationem
3324 2036 3523 2111 sicut
3563 2060 3703 2112 ens

2158 2174 2295 2248 per
2384 2151 2765 2244 accidenS,
2850 2154 3032 2252 quia
3090 2154 3342 2229 adhuc
3418 2153 3493 2229 in
3572 2156 3701 2230 tali

2160 2268 2448 2345 unitate
2498 2295 2650 2345 una
2681 2294 2858 2369 pars
2910 2272 3267 2347 informat
3324 2273 3576 2360 aliam,
3629 2283 3704 2348 et

2158 2386 2301 2460 sibi
2362 2386 2750 2480 inhaeret3
2814 2387 2891 2460 in
2963 2388 3353 2487 proposito
3423 2400 3698 2465 neutro

2161 2502 2410 2576 modo.
2495 2504 2672 2579 ldeo
2743 2515 3117 2603 quantum
3200 2505 3293 2579 ad
3362 2505 3698 2603 primum

2156 2643 2313 2694 esse
2344 2622 2601 2711 totale,
2640 2646 2796 2695 non
2844 2631 3091 2720 potest
3131 2622 3279 2697 dici
3347 2624 3696 2701 Christus

2157 2747 2485 2830 creatus,
2531 2760 2674 2811 nec
2748 2748 3120 2835 quantum
3199 2739 3293 2813 ad
3358 2739 3695 2836 primum

2157 2874 2315 2925 6336
2339 2851 2725 2949 primitate
2745 2853 2893 2927 viae
2924 2853 3472 2950 generationis,
3510 2856 3699 2953 quia

2154 2966 2352 3041 sicut
2412 2967 2513 3041 ibi
2580 2974 2828 3065 potest
2894 2968 3042 3042 dici
3102 2992 3304 3067 pars,
3356 2969 3693 3046 Verbum

2155 3095 2268 3161 est
2330 3087 2541 3185 prior
2585 3110 2788 3186 parS,
2852 3088 3050 3162 sicut
3109 3090 3456 3185 materia,
3538 3115 3696 3167 6336

2151 3202 2384 3277 Verbi
2459 3227 2613 3277 non
2691 3214 2805 3278 est
2870 3228 3029 3279 esse
3106 3211 3503 3306 acceptum
3560 3232 3699 3307 per

2154 3318 2617 3395 creationem
2668 3349 2687 3417 ;
2725 3345 2878 3395 non
2914 3321 3149 3418 igitur
3189 3333 3302 3398 est
3344 3325 3697 3403 Christus

2152 3447 2531 3513 creatura.

2250 3555 2466 3649 Item,
2523 3555 2835 3652 quando
2885 3555 3177 3654 aliquid
3237 3567 3499 3634 natum
3579 3573 3694 3637 est

2149 3669 2653 3745 denominare
2695 3669 3055 3745 accidens
3114 3680 3187 3746 et
3227 3673 3685 3771 subJ’ectum,

2150 3794 2445 3882 partem
2479 3794 2554 3861 et
2596 3796 2865 3880 totum,
2897 3796 3251 3862 naturam
3286 3798 3360 3864 et
3399 3815 3691 3891 suppo—

2149 3901 2376 3977 situm
2423 3903 2851 4001 aequaliter,
2905 3928 3061 3978 non
3119 3929 3257 4002 per
3313 3907 3686 3983 rationem

2147 4017 2384 4115 partis
2412 4020 2662 4092 solum
2688 4019 3217 4095 denominabit
3247 4030 3514 4114 totum,
3548 4048 3689 4102 nec

2150 4159 2283 4231 per
2315 4135 2684 4210 rationem
2722 4135 3094 4234 suppositi
3126 4148 3509 4235 naturam,
3549 4165 3689 4218 nec

2145 4250 2186 4323 e
2241 4261 2533 4343 contra,
2607 4252 2790 4348 quia
2842 4251 2904 4326 si
2961 4252 3365 4350 aequaliter
3431 4268 3690 4355 posset

2144 4366 2642 4443 denominare
2684 4379 2979 4467 partem
3037 4394 3266 4445 unam
3327 4374 3682 4469 etaliam,

2143 4482 2207 4556 si
2249 4506 2340 4556 ex
2389 4483 2535 4557 hoc
2576 4484 2780 4581 quod
2822 4484 3023 4560 inest
3084 4486 3214 4560 uni
3256 4488 3480 4585 parti,
3552 4492 3690 4566 de-

2143 4598 2581 4675 nominaret
2638 4610 2908 4689 totum,
2980 4602 3147 4700 pari
3207 4604 3501 4682 rationo
3561 4634 3693 4709 op-

2142 4714 2476 4812 positum
2513 4715 2888 4814 privative
2921 4717 3428 4797 denominans
3460 4723 3688 4800 aliam

2144 4844 2437 4932 partem
2481 4835 3014 4911 denominaret
3071 4845 3341 4913 totum.
3400 4840 3691 4917 Simili-

2145 4961 2258 5026 ter
2324 4961 2439 5027 est
2511 4954 2603 5029 de
2672 4953 3068 5053 supposito
3122 4966 3197 5032 et
3255 4969 3554 5053 natura,
3618 4971 3693 5038 et

2144 5091 2281 5166 per
2312 5091 2800 5170 consequens
2838 5070 3040 5146 idem
3073 5070 3303 5148 simul
3337 5075 3691 5152 denomi-

2143 5191 2374 5257 natur
2431 5185 2883 5284 simpliciter
2912 5187 3007 5261 ab
3057 5189 3453 5287 oppositis.
3536 5193 3687 5270 Sed

2145 5308 2484 5394 creatum
2524 5312 2787 5375 natum
2831 5310 2944 5376 est
2975 5299 3124 5376 dici
3193 5304 3284 5380 de
3344 5307 3688 5404 quolibet

2146 5412 2297 5488 alio
2373 5438 2418 5488 a
2482 5413 2672 5510 De0‚
2732 5426 2808 5491 et
2881 5426 3232 5492 creatura
3299 5421 3679 5520 similiter,

2146 5517 2330 5630 quia
2359 5536 2868 5611 essentialiter
2889 5544 3068 5611 nata
3099 5547 3213 5612 est
3243 5539 3391 5614 dici
3423 5542 3515 5620 de
3558 5569 3687 5620 na-

2117 5659 2317 5723 stura
2361 5649 2559 5727 sicut
2597 5652 2688 5727 de
2731 5651 3127 5751 supposito
3164 5680 3179 5740 ;
3228 5652 3460 5751 igitur
3528 5685 3682 5737 non
