4295 6326
649 412 778 479 606

318 610 592 681 eramento
656 582 1585 681 simpliciter,‘dum1nodo
1639 604 1790 654 non
1834 579 2198 652 manifes-

295 675 625 785 rssss‘iuslffifi‘
659 708 858 774 tetur
888 699 1108 794 signo
1140 697 1525 791 exteriori,
1573 706 1654 769 ut
1707 693 2194 769 reclamando

297 797 621 911 ξξοὲζζῖξξξ,
660 839 810 889 non
882 812 1376 898 contradicat,
1435 815 1553 886 vel
1601 812 1709 885 sic
1765 810 2190 901 dissentiat,

345 923 573 1038 ‘figffdpuegj
642 932 1034 1027 judicatur
1066 930 1159 1003 ab
1204 928 1543 1003 Ecclesia
1575 930 1719 1003 hoc
1751 927 2197 1001 Sacramen-

654 1060 809 1124 tum
857 1048 1263 1146 recepisse.
1328 1050 1420 1121 Et
1471 1047 1643 1121 ideo
1714 1070 1851 1144 per
1926 1069 2195 1120 censu-

652 1191 809 1241 ram
856 1165 1467 1240 Ecclesiasticam
1521 1163 1877 1260 compelli
1930 1163 2187 1254 hahet,

651 1293 729 1357 ut
786 1283 878 1358 de
938 1281 1115 1364 ficto
1177 1280 1311 1353 fiat
1366 1302 1597 1354 verus
1675 1277 2188 1370 Christianus,

644 1401 843 1474 sieut
882 1407 1090 1497 patet
1119 1396 1211 1472 de
1253 1396 1780 1470 consentiente
1815 1395 1887 1467 in
1931 1394 2189 1468 matri-

647 1515 991 1590 monium
1063 1513 1393 1610 alicujus
1465 1535 1720 1586 coram
1813 1510 2181 1605 Ecclesia,

643 1634 1035 1706 voluntate
1070 1628 1270 1721 ficta,
1317 1629 1518 1726 quod
1567 1626 1921 1725 compelli
1958 1627 2188 1700 habet

642 1749 736 1823 ab
843 1771 959 1840 ea,
1050 1756 1128 1819 ut
1214 1753 1606 1818 convertat
1706 1744 2183 1817 voluntatem

643 1864 897 1938 fictam
949 1862 1025 1935 in
1118 1861 1591 1933 voluntatem
1694 1882 1985 1951 veram,
2090 1859 2185 1931 ad

643 1977 1283 2055 consentiendum
1318 1976 1722 2066 veraciter,
1760 1975 1881 2049 cui
1929 1985 2181 2048 tamen

642 2096 1172 2173 consentiebat
1203 2096 1417 2193 prius
1450 2093 1648 2167 ficte.
1688 2093 1767 2166 Si
1800 2103 2056 2165 autem
2090 2092 2201 2165 sit.

642 2215 959 2289 omnino
1028 2210 1493 2286 dissentiens
1585 2219 1657 2283 et
1754 2209 2186 2283 reclamans

642 2356 814 2406 cum
879 2330 1100 2426 signo
1177 2326 1562 2418 exteriori,
1645 2325 1835 2398 nihil
1888 2325 2182 2422 recipit,

643 2473 785 2523 nec
827 2445 1252 2521 secundum
1288 2443 1687 2534 unitatem,
1728 2465 1864 2515 nec
1906 2464 2189 2514 secun-

643 2566 826 2638 dum
851 2562 1227 2658 judicium
1269 2558 1655 2633 Ecclesiae.

423 2686 484 2752 8.
741 2680 821 2754 Si
892 2688 1147 2753 autem
1218 2675 1498 2772 aliquis
1575 2674 2001 2747 consentiat
2077 2696 2187 2747 se·

304 2801 583 2862 0⁰0¹¹¹0⁶0
644 2797 984 2871 cundum
1051 2792 1262 2892 quid,
1344 2790 1524 2887 quia
1576 2798 1886 2888 propter
1937 2789 2185 2862 minas

337 2879 565 2915 consen·

331 2929 473 2978 uena
502 2942 565 2997 eg
644 2926 716 2991 et
777 2926 1132 3004 terrores,
1227 2909 1677 3006 simpliciter
1770 2908 2178 3001 consentit,

289 2995 605 3118 bffiissaiiis.
643 3032 824 3128 quia
866 3026 1242 3127 praeeligit
1284 3049 1436 3097 non
1484 3023 1664 3121 pati,
1703 3047 1931 3121 quam
1994 3023 2185 3096 sirn-

641 3147 939 3247 pliciter
1015 3141 1445 3218 dissentire.
1540 3139 1976 3235 DistinguO,
2051 3149 2182 3214 aut

641 3273 933 3339 tantum
978 3259 1357 3335 consentit
1406 3258 1481 3329 in
1536 3267 1789 3331 actum
1850 3256 2182 3329 exterio-

635 3406 825 3467 rem,
868 3379 1055 3453 utin
1098 3376 1568 3452 ablutionem
1603 3395 1824 3468 aquae
1854 3382 2173 3467 tantum,

633 3512 705 3576 et
773 3497 1126 3572 dissentit
1203 3493 1502 3569 effectui
1564 3492 2067 3579 Sacramenti,
2105 3502 2180 3566 et

633 3615 1007 3694 ablutioni
1099 3611 1470 3703 interiori,
1565 3620 1634 3684 et
1724 3620 1901 3685 tunc
2006 3610 2177 3683 dico

632 3734 836 3832 quod
901 3731 1091 3805 nihil
1156 3728 1458 3824 accipit,
1510 3749 1648 3800 nee
1733 3727 2181 3799 Sacramen-

630 3862 823 3943 tum,
898 3848 1081 3946 quia
1134 3846 1331 3918 idem
1404 3852 1518 3917 est
1593 3842 1683 3915 de
1742 3866 1860 3934 ee,
1942 3851 2015 3915 et
2081 3842 2175 3917 de

633 3966 1123 4066 permittente
1184 3984 1265 4035 se
1325 3959 1589 4054 jocose
1670 3958 2020 4052 immergi
2096 3957 2172 4030 in

628 4108 855 4183 aqua,
922 4105 1078 4156 non
1141 4087 1394 4153 autem
1484 4075 1734 4149 omnis
1785 4075 2174 4148 immersio

628 4204 706 4276 in
766 4223 966 4296 aqua
1063 4204 1177 4271 est
1252 4191 1721 4289 BaptismuS,
1803 4213 1943 4265 nec
2015 4213 2171 4263 rem

627 4311 1105 4391 Sacramenti
1180 4306 1475 4405 recipit,
1545 4305 1728 4403 quia
1821 4313 2171 4402 respectu

629 4431 839 4504 illius
900 4424 1279 4515 dissentit,
1336 4430 1408 4495 et
1467 4420 1572 4493 ita
1627 4419 1818 4491 nihil
1875 4418 2168 4515 recipit,

628 4573 781 4647 quo
831 4542 1313 4621 adscribatur
1372 4536 1681 4611 familiae
1731 4535 2038 4628 Christi,
2101 4545 2174 4608 et

626 4692 763 4768 per
802 4682 1286 4760 consequens
1328 4681 1480 4731 non
1545 4655 1811 4753 recipit
1869 4656 2175 4727 charac-

622 4796 892 4871 terem,
934 4778 1134 4854 unde
1190 4774 1361 4849 talis
1425 4772 1615 4847 alias
1674 4781 1872 4846 esset
1920 4770 2174 4867 bapti-

624 4901 917 4976 zandus
977 4896 1070 4971 ad
1128 4894 1453 4967 salutem
1524 4899 1692 4987 post
1750 4888 2165 4962 fictionem.

623 5019 704 5093 Si
774 5024 1026 5092 autem
1092 5032 1241 5082 non
1316 5014 1609 5080 tantum
1671 5004 2048 5078 consentit
2092 5003 2169 5075 in

623 5146 877 5213 actum
914 5127 1369 5206 exteriorem
1428 5131 1736 5220 propter
1788 5124 1978 5194 tales
2040 5119 2172 5192 mi-

624 5278 762 5329 nas
794 5261 867 5327 et
926 5244 1256 5341 flagella,
1338 5240 1472 5314 sed
1540 5239 1764 5313 etiam
1832 5238 1910 5310 in
1944 5235 2171 5311 effec-

623 5383 785 5445 tum
829 5356 1306 5442 Sacramenti
1354 5355 1676 5429 interius
1736 5353 2169 5450 suscipien-

602 5463 836 5580 dum,
910 5474 1402 5558 consentiens
1484 5473 1691 5546 omni
1774 5472 1882 5545 illi
1964 5470 2165 5567 quod

620 5602 962 5679 Ecclesia
997 5590 1323 5670 intendit
1352 5591 1596 5665 tacere
1640 5592 1840 5663 circa
1883 5588 2164 5685 ipsum,

2039 403 2280 472 LIBRI
2327 403 2446 472 lv,
2487 455 2490 458 -

2308 577 2632 651 interius
2684 587 2936 650 tamen
3002 574 3474 667 discredenS,
3519 575 3637 647 vel
3691 597 3842 646 non
3898 602 3902 605 ’

2305 696 2626 770 credens
2668 695 2775 769 illi
2806 696 3008 792 quod
3057 695 3368 787 faciunt,
3423 693 3593 766 dico
3642 692 3845 790 quod

2304 813 2572 910 recipit
2670 815 3254 887 Sacramentum
3322 821 3395 886 et
3454 813 3848 884 characte-

2302 952 2491 1021 rem,
2537 929 2712 1003 licet
2764 953 2913 1001 nou
2973 928 3288 1025 recipiat
3343 951 3499 1000 rem
3569 927 3846 999 Sacra-

2305 1045 2562 1138 menti‚
2603 1057 2684 1119 ut
2715 1047 3065 1141 gratiam,
3105 1045 3277 1119 talis
3308 1045 3512 1118 enim
3549 1043 3845 1139 simpli-

2299 1163 2486 1237 citer
2517 1165 2896 1237 consentit
2923 1163 3354 1237 voluntarie
3379 1163 3453 1236 in
3487 1160 3835 1237 effectum

2299 1279 2773 1355 Sacramenti
2808 1304 2944 1378 per
2993 1289 3246 1354 actum
3314 1280 3635 1353 liberum
3701 1304 3841 1352 vo-

2301 1399 2638 1486 luntatis,
2714 1398 2936 1494 cujus
3002 1409 3219 1472 actus
3287 1407 3403 1473 est
3442 1398 3832 1490 dominus,
3910 1401 4182 1459 0⁰0¹¹¹<>d⁰

2298 1539 2438 1589 nec
2475 1524 2817 1612 respectu
2867 1515 3086 1589 istius
3122 1524 3367 1612 potest
3418 1514 3614 1610 cogi,
3679 1538 3832 1588 non
3868 1476 4180 1627 {3353}ss

2298 1641 2548 1705 tamen
2611 1631 2879 1730 recipit
2963 1631 3314 1727 gratiam,
3413 1631 3594 1726 quia
3681 1602 4184 1706 „00⁸¹2'ssssfngtn‘

2293 1751 2531 1824 credit
2566 1750 3147 1824 Sacramentum
3185 1759 3258 1823 et
3291 1751 3835 1832 characterem,
3867 1718 4183 1826 ἓζὲἶῖιᾞῖιῗῖ

2292 1878 2365 1941 et
2404 1868 2575 1942 ideo
2643 1893 2794 1942 non
2843 1877 2957 1941 est
3015 1867 3631 1965 rebaptizandum,
3703 1867 3832 1940 sed
4005 1845 4062 1889 ‘¹’

2293 1981 2686 2076 cogendus
2781 1981 2872 2054 ad
2969 1980 3505 2055 dimittendum
3589 1980 3841 2053 fictio-

2294 2120 2497 2169 nem.
2573 2097 3025 2193 Exemplum
3090 2097 3320 2192 hujus
3388 2105 3529 2189 est,
3601 2096 3662 2171 si
3707 2095 3840 2170 ali-

2293 2213 2466 2310 quis
2497 2236 2653 2285 non
2697 2213 3019 2287 credens
3047 2211 3338 2308 aliquid
3392 2236 3616 2309 posse
3670 2211 3841 2286 fieri

2293 2329 2494 2402 circa
2526 2352 2700 2401 eum
2734 2352 2871 2426 per
2909 2338 3150 2401 artem
3207 2328 3609 2424 magicam,
3670 2351 3839 2426 per-

2296 2447 2621 2522 mitteret
2726 2470 3036 2543 magum
3139 2457 3387 2520 tamen
3483 2470 3838 2522 exercere

2293 2567 2502 2639 illam
2545 2566 2747 2639 circa
2813 2589 3019 2658 eum,
3085 2576 3166 2639 ut
3224 2565 3563 2640 obtineat
3632 2567 3835 2662 quod

2293 2681 2699 2774 desiderat,
2747 2680 3012 2754 dicens
3045 2681 3120 2753 in
3173 2680 3399 2755 corde
3456 2706 3623 2768 sue,
3680 2705 3831 2754 non

2292 2797 2704 2872 considoin
2778 2798 2968 2886 istis,
3034 2799 3165 2873 sed
3231 2800 3538 2873 valeant
3584 2822 3835 2896 quan-

2293 2926 2453 2989 tum
2497 2918 2750 2990 valere
2785 2926 3135 3013 possunt,
3196 2917 3260 2988 si
3313 2916 3488 2990 talia
3538 2917 3835 3012 magica

2292 3031 2579 3104 habent
2611 3030 2968 3105 virtutem
3013 3029 3090 3102 in
3134 3054 3212 3104 se
3262 3030 3641 3105 tribuendi
3688 3031 3831 3105 sibi

2290 3148 2432 3221 hoc
2503 3146 2706 3245 quod
2747 3155 2979 3245 optat,
3045 3155 3649 3244 consequeretur
3698 3171 3835 3244 per

2285 3264 2494 3338 illam
2594 3265 2970 3338 intentum
3054 3288 3311 3359 suum,
3411 3265 3586 3339 licet
3678 3290 3828 3340 non

2286 3383 2511 3478 plene
2554 3381 3047 3455 consentiens
3089 3382 3155 3456 ei
3191 3409 3208 3475 ;
3256 3382 3358 3455 ita
3400 3391 3514 3455 est
3546 3382 3622 3455 in
3669 3407 3835 3480 pro-

2285 3498 2558 3595 posito.
2599 3499 2815 3572 Patet
2846 3522 3027 3594 ergo
3072 3499 3457 3596 quomodo
3526 3500 3833 3597 Baptis-

2287 3641 2456 3690 mus
2489 3626 2603 3690 est
2645 3617 2980 3691 hominis
3013 3642 3166 3691 non
3209 3617 3455 3710 inviti,
3501 3629 3575 3691 et
3623 3619 3830 3716 quod

2282 3756 2434 3805 non
2534 3734 3026 3808 consentiens
3107 3734 3484 3808 contrarie
3582 3745 3830 3831 potest

2286 3849 2621 3945 recipere
2674 3850 3182 3946 Baptismum.

2377 3966 2486 4037 Ad
2524 3965 2857 4062 primum
2919 3965 3374 4063 principale,
3412 3966 3817 4041 dicendum
3993 4000 4062 4062 9,

2280 4082 2483 4178 quod
2550 4082 2723 4155 licet
2784 4082 3222 4179 Baptismus
3277 4082 3534 4179 aliquo
3597 4084 3822 4157 modo
3916 4114 3999 4163 Ad
4036 4116 4139 4178 pri·

2280 4208 2536 4296 posset
2568 4197 2716 4271 dici
2763 4197 3336 4270 matrimonium
3392 4199 3816 4296 spirituale,
3856 4190 4005 4225 ‘¹³⁰⁸'
4042 4180 4182 4241 ‘³⁶⁰‘

3919 4241 4118 4301 cipale.

2281 4313 2637 4412 proprius
2693 4324 2940 4389 tamen
3020 4322 3266 4411 potest
3317 4314 3463 4388 dici
3513 4316 3818 4414 adoptio
3864 4302 4179 4415 Egffiffius

2279 4430 2725 4528 spiritualis,
2818 4431 3002 4527 quia
3063 4432 3435 4528 parvulus
3513 4433 3820 4530 proprie
3854 4428 4150 4554 ‚pffifffiss

2281 4570 2429 4619 non
2469 4555 2715 4644 potest
2743 4546 2892 4619 dici
2926 4548 3379 4621 contrahere
3429 4548 3824 4622 matrimo-

2282 4662 2492 4735 nium
2563 4688 2738 4736 cum
2807 4663 2995 4756 De0,
3086 4662 3269 4759 quia
3350 4687 3500 4737 non
3593 4665 3824 4739 habet

2284 4802 2504 4851 usum
2578 4778 2921 4870 rationiS,
3003 4777 3135 4873 qui
3224 4778 3641 4874 requiritur
3726 4779 3828 4867 ad

2278 4916 2585 4967 omnem
2687 4901 3191 4985 contractum,
3318 4894 3448 4966 sed
3567 4894 3822 4992 potius

2277 5010 2681 5107 adoptatur
2747 5033 2790 5083 a
2858 5010 3016 5082 Deo
3086 5008 3162 5080 in
3234 5007 3506 5097 filium,
3581 5019 3655 5084 et
3742 5011 3816 5083 in

2278 5125 2686 5223 adoptione
2720 5123 3002 5199 sufficit
3061 5126 3273 5199 solus
3319 5136 3532 5199 actus
3579 5126 3821 5224 adop-

2281 5241 2536 5329 tantis,
2574 5241 2874 5316 etiamsi
2909 5241 3208 5314 nullum
3262 5242 3539 5317 habeat
3593 5242 3820 5340 adop-

2277 5364 2501 5430 tatus.

2373 5474 2482 5547 Ad
2539 5474 2993 5557 secundum,
3050 5471 3217 5545 dico
3271 5474 3474 5570 quod
3529 5475 3815 5549 malitia
3850 5489 3928 5539 Ad
3962 5502 4151 5539 secuu-

2283 5596 2525 5684 potest
2565 5612 2731 5663 esse
2768 5588 2839 5660 in
2911 5585 3288 5679 ministre,
3355 5587 3812 5685 inquantum
3845 5553 4152 5678 ‘igfflirlii'unr
