4295 6326
627 432 758 501 460

2007 424 2271 493 LIBRI·
2298 424 2410 492 111.

1186 954 2534 1222 olsrlNcrlo
2723 955 3284 1156 xxv,

1040 1715 1440 1794 QUAESTtO
1488 1713 1773 1781 UNICA.

628 1916 740 1983 An
773 1921 941 1981 ante
993 1912 1256 1981 Christi
1291 1911 1669 1977 adventum
1730 1907 1874 1995 fuit
1936 1904 2174 1975 cadem

711 2021 885 2108 fides
918 2018 1309 2088 necessaria
1340 2019 1435 2085 ad
1477 2018 1802 2097 salutem,
1834 2036 1984 2103 quae
2013 2027 2178 2102 post

715 2130 873 2212 'ejus
904 2130 1308 2209 adventum,
1345 2136 1532 2195 etan
1584 2126 1665 2193 de
1715 2126 1971 2192 eisdem
2025 2144 2177 2193 cre-

714 2235 1068 2312 dibilibus,
1106 2256 1256 2325 quae
1296 2235 1514 2304 credit
1545 2234 1861 2302 Ecclesia
1892 2230 1932 2300 ‚⁶²

621 2440 816 2497 Aleos..
847 2439 902 2496 3.
935 2456 988 2509 p.
1022 2455 1076 2509 q.
1103 2438 1193 2491 82.
1225 2452 1298 2490 m.
1323 2437 1357 2487 2
1380 2438 1560 2490 art.1.
1592 2432 1646 2486 2.
1686 2436 1743 2488 D.
1793 2430 2001 2485 Thom.
2031 2432 2087 2483 2.
2119 2429 2172 2483 2.

688 2530 741 2584 q.
764 2517 818 2567 2.
851 2517 961 2567 art.
993 2510 1047 2565 7.
1082 2508 1253 2563 ethic
1292 2523 1342 2577 q.
1380 2509 1433 2559 2.
1485 2508 1593 2561 art.
1631 2507 1684 2557 2.
1742 2503 1801 2558 D.
1856 2506 2171 2557 Bonavent.

691 2587 804 2640 art.
845 2600 881 2637 1.
916 2600 969 2654 q.
1001 2582 1055 2635 2.
1091 2579 1366 2635 Richard.
1402 2582 1520 2631 art.
1572 2577 1625 2632 3.
1676 2592 1726 2646 q.
1780 2590 1815 2629 1.
1859 2582 1915 2629 et
1964 2575 2020 2627 2.
2053 2580 2173 2629 Du-

693 2656 857 2711 rand.
890 2670 919 2725 q
975 2670 1013 2708 t.
1049 2652 1203 2723 Vega
1230 2651 1284 2705 6.
1319 2652 1380 2705 in
1408 2648 1549 2703 Triaet.
1602 2664 1655 2718 q.
1705 2648 1794 2700 20.
1847 2649 2036 2700 Canus
2081 2661 2173 2701 re·

674 2728 817 2783 tect.
851 2726 917 2782 de
945 2741 1090 2781 sacr.
1113 2741 1167 2791 p.
1201 2725 1253 2776 2.
1285 2738 1338 2792 q.
1368 2721 1422 2775 2.
1451 2721 1587 2775 Soto
1617 2720 1670 2772 2.
1692 2718 1756 2773 de
1782 2722 1914 2774 Nat.
1950 2721 2002 2771 et
2028 2720 2170 2787 qrat.

688 2816 810 2870 cap.
846 2800 931 2853 11.
972 2801 1025 2853 et
1059 2798 1141 2852 12.
1181 2800 1385 2850 Parum
1429 2792 1716 2862 discrepat
1752 2789 1872 2845 haec
1923 2790 2173 2860 quaestio

693 2872 764 2927 ab
793 2868 1129 2926 Oxoniensi.

412 3077 473 3144 1,
724 3046 941 3136 Quod
1000 3069 1183 3138 non,
1245 3043 1611 3140 quianon
1647 3040 1956 3115 fuerunt
1992 3047 2169 3112 tunc

292 3194 421 3261 Arg.
458 3198 571 3261 pri-
630 3168 896 3243 eadem
936 3163 1269 3239 revelata
1310 3183 1760 3259 quaenunc.

336 3273 537 3373 §22¹3
731 3284 947 3370 Item,
986 3304 1137 3354 non
1185 3279 1321 3352 suit
1354 3275 1876 3352 necessarium
1912 3273 2173 3371 hujus·

365 3385 511 3440 ⁶⁰⁰¹·
633 3398 840 3473 modi
902 3397 1239 3489 credere,
1299 3394 1518 3493 -quod
1585 3392 1926 3486 Angelus
2015 3415 2170 3464 non

628 3514 1017 3613 cognovit,
1112 3511 1292 3609 quia
1378 3511 1813 3585 intellectus
1897 3506 2171 3602 Angeli

627 3626 925 3708 excedit
1008 3627 1483 3703 intellectum
1546 3622 1884 3699 hominis
1947 3652 1963 3717 3
2038 3623 2172 3697 sed

623 3746 910 3847 Epltes.
967 3746 1037 3819 3.
1111 3745 1380 3841 Angeli
1441 3767 1594 3817 non
1644 3750 2174 3839 cognoverunt

627 3865 706 3938 in
752 3866 920 3960 lege
959 3860 1196 3937 veteri
1241 3858 1881 3934 Incarnationem.
1953 3859 2171 3950 Item,

629 3980 804 4056 lsai.
844 3979 962 4052 63.
1012 3986 1372 4076 quaerunt
1420 3965 1691 4072 Angeli
1744 3999 1759 4049 ε
1829 3974 2016 4064 Quis
2067 3981 2179 4049 est

626 4100 794 4193 iste,
827 4098 963 4197 qni
989 4097 1201 4172 venit
1227 4096 1319 4170 de
1365 4095 1444 4167 E
1447 4094 1649 4168 dom.

729 4218 944 4310 ltem,
1018 4215 1111 4290 ad
1171 4214 1583 4312 perfectam
1655 4212 2170 4287 obedientiam

629 4334 916 4411 sufficit
981 4333 1329 4431 implere,
1395 4355 1569 4430 qua}
1617 4331 2175 4429 praecipiuntur

626 4476 801 4528 cum
866 4449 1384 4550 promptitude
1456 4448 1820 4546 implendi
1892 4449 2040 4523 alia
2108 4450 2169 4531 si

626 4567 1231 4669 praecipiantur3
1314 4566 1548 4663 igitur
1614 4566 1705 4640 ad
1759 4567 2168 4663 perfectam

627 4686 857 4763 fidem
902 4684 1186 4761 sufficit
1235 4685 1543 4759 credere
1613 4683 1778 4758 istis
1819 4686 2173 4783 proposi-

625 4804 749 4899 tis,
790 4815 870 4878 ut
901 4802 1324 4896 credibilia,
1356 4825 1529 4875 cum
1566 4800 2170 4899 promptitudine

626 4923 721 4996 ad
767 4920 1230 4995 credendnm
1309 4918 1459 4993 alia
1517 4920 1825 5017 quando
1888 4944 2173 5018 propo—

529 5067 534 5072 ·
629 5047 947 5112 nuntur.

306 5160 563 5278 122112351
727 5157 1035 5249 Contra,
1082 5152 1345 5229 eadem
1382 5162 1599 5229 erant
1640 5154 1732 5229 ab
1803 5151 1913 5229 eis
1969 5154 2176 5228 desi-

368 5241 437 5292 pp
551 5266 562 5279 ’
629 5274 996 5367 deranda,
1080 5282 1155 5348 et
1233 5271 1492 5345 omnia
1588 5270 1990 5368 diligibilia
2084 5296 2177 5345 ex

631 5394 1027 5479 charitate,
1075 5415 1250 5489 quoe
1292 5414 1336 5465 a
1378 5389 1597 5464 nobis
1634 5417 1649 5477 ;
1689 5389 1920 5486 igitur
1965 5400 2179 5466 tene-

629 5509 914 5588 bantur
966 5506 1249 5584 habere
1320 5507 1548 5582 fidem
1613 5518 1962 5606 respectu
2025 5534 2180 5583 om-

629 5629 878 5729 nium,
916 5635 1271 5728 respectu
1307 5647 1634 5728 quorum
1680 5626 1904 5700 modo
1938 5626 2179 5702 habe-

304 4236 562 4288 Tertium.

2291 1453 2441 1537 tur,
2489 1443 2672 1541 quia
2710 1442 3041 1516 charitas
3096 1465 3248 1515 non
3311 1439 3608 1540 perficit
3671 1443 3837 1517 sine

2292 1561 2471 1636 fide.

2829 1842 3200 1899 SCHOLIUM
3236 1849 3276 1901 t.

2362 1992 2693 2047 ponendam
2727 2009 2855 2048 esse
2892 1993 3063 2049 tidem
3114 1992 3456 2050 infusamin
3508 1994 3832 2066 intellectu,

2287 2083 2437 2139 sicut
2472 2084 2706 2155 ponitur
2726 2084 2978 2139 charitas
3010 2083 3203 2139 infusa
3240 2086 3297 2140 in
3339 2084 3655 2141 voluntate.
3707 2087 3833 2141 Haec

2286 2180 2371 2229 est
2402 2174 2471 2228 de
2504 2175 2634 2242 tide,
2670 2173 3065 2229 abstrahendo
3090 2192 3160 2229 an
3194 2175 3271 2230 sit
3319 2181 3485 2230 actus
3533 2174 3621 2230 vel
3669 2175 3834 2231 habi-

2286 2265 2403 2317 tus.
2430 2261 2675 2328 Quidam
2701 2266 2895 2316 tamen
2940 2266 3148 2331 putant
3197 2261 3450 2334 aliquem
3503 2279 3673 2337 posse
3721 2262 3835 2319 sal·

2285 2352 2404 2406 vari
2438 2369 2569 2406 cum
2615 2351 2821 2407 notitia
2847 2355 3073 2406 tantum
3106 2351 3380 2417 naturali,
3425 2353 3495 2408 de
3545 2369 3660 2423 quo
3705 2354 3833 2408 vide

2287 2442 2345 2499 in
2378 2446 2557 2498 Oxon.
2594 2440 2892 2497 Scholium
2928 2441 3041 2508 bic,
3094 2458 3256 2497 num.
3314 2444 3365 2496 2.
3424 2447 3481 2498 et
3539 2443 3674 2498 dist.
3736 2444 3829 2500 23.

2288 2551 2450 2590 num.
2486 2534 2570 2588 ⁴4.
2600 2532 2706 2589 Pro
2737 2536 2896 2588 omni
2929 2538 3080 2588 statu
3107 2533 3345 2589 adultus
3379 2539 3603 2591 tenetur
3631 2536 3701 2591 ad
3737 2552 3831 2591 ac·

2285 2631 2405 2678 tum
2445 2622 2598 2687 fidei,
2632 2622 2739 2678 etsi
2768 2627 3000 2694 tempus
3034 2640 3147 2679 non
3191 2622 3264 2678 sit.
3306 2629 3552 2693 certum,
3599 2626 3833 2698 quando

2285 2711 2392 2768 hoc
2433 2715 2780 2784 praeceptum
2844 2712 3005 2782 ligat.
3064 2711 3369 2781 ObJectum
3427 2711 3607 2784 hujus
3666 2719 3835 2770 actus

2284 2808 2418 2856 sunt
2452 2801 2738 2873 praecipue
2769 2801 2999 2856 articuli
3032 2801 3308 2873 Symboli.
3343 2802 3558 2859 Dividit
3587 2804 3833 2877 Symbo-

2282 2891 2407 2947 lum
2477 2892 2533 2946 in
2594 2890 2891 2947 articulos.
2953 2891 3115 2955 Quod
3181 2909 3309 2947 vero
3366 2893 3705 2962 Symbolum
3761 2895 3835 2950 ab

2283 2978 2576 3050 Apostolis
2603 2977 2986 3049 compositum
3024 2979 3215 3043 suerit,
3260 2985 3416 3035 tenet
3467 2982 3827 3053 Augustinus

2281 3069 2351 3125 de
2384 3068 2495 3124 side
2513 3076 2565 3125 et
2596 3068 2868 3139 operibus
2917 3067 2973 3123 9.
3038 3069 3304 3127 AmbrOS.
3366 3069 3620 3142 Epistola
3651 3071 3741 3127 81.
3773 3076 3830 3127 et

2283 3177 2458 3217 serm.
2492 3160 2581 3216 38.
2613 3159 2876 3217 Cassian.
2908 3160 2977 3217 dc
3008 3157 3411 3218 incarnatione
3444 3161 3545 3219 lib.
3590 3168 3644 3220 6.
3694 3178 3827 3236 cap.

2282 3253 2336 3306 3.
2371 3253 2423 3307 4.
2457 3251 2690 3307 Hieron.
2728 3252 2905 3323 Epist.
2932 3252 3021 3306 61.
3048 3251 3176 3309 vide
3207 3254 3265 3309 in
3308 3254 3487 3310 Oxon.
3527 3254 3822 3311 scholium

2284 3341 2377 3397 hic
2409 3358 2572 3398 num.
2604 3341 2658 3397 6.

2382 3520 2837 3620 Respondeo
2890 3522 2982 3596 ad
3049 3523 3610 3621 quoestionem:
3670 3525 3827 3601 Pri-

2286 3664 2408 3713 mo
2451 3639 2866 3713 videndum
2904 3663 3077 3738 qua}
3120 3639 3311 3717 fides
3354 3642 3451 3717 sit
3482 3668 3827 3720 necessa·

2285 3757 2392 3831 ria
2465 3757 2557 3830 ad
2613 3759 2935 3833 salutem
3000 3758 3336 3835 hominis
3422 3785 3558 3858 pro
3617 3786 3825 3836 omn1

2283 3883 2654 3970 tempore,
2726 3872 2853 3947 ubi
2911 3873 3081 3949 dico
3143 3876 3346 3972 quod
3408 3878 3582 3951 talis
3635 3877 3831 3954 fides

2285 3999 2398 4064 est
2453 3991 2732 4084 infusa,
2800 3992 2984 4088 quia
3060 3991 3258 4066 sicut
3326 3994 3589 4069 anima
3670 4021 3833 4072 non

2284 4115 2531 4205 potest
2608 4130 2774 4182 esse
2870 4118 3183 4208 accepta
3276 4134 3320 4184 a
3408 4112 3595 4207 Deo,
3677 4113 3823 4187 nisi

2282 4226 2643 4299 voluntas
2676 4234 2944 4299 ornata
2972 4226 3069 4299 sit
3102 4229 3531 4302 secundum
3602 4230 3829 4305 habi-

2286 4353 2441 4417 tum
2508 4344 2901 4419 charitatis
2969 4349 3665 4444 supernaturalem,
3726 4350 3829 4424 ita

2284 4461 2508 4535 otiam
2548 4461 2695 4536 nisi
2731 4462 3167 4538 intellectus
3208 4475 3526 4540 ornetur
3563 4490 3830 4542 secun-

2285 4577 2464 4651 dum
2529 4577 2874 4650 habitum
2946 4582 3682 4676 supernaturalem3
3757 4590 3832 4657 et

2284 4695 2499 4794 prius
2565 4696 3017 4770 naturaliter
3066 4697 3468 4772 ordinatur
3524 4709 3597 4774 et
3654 4723 3834 4798 per-

2284 4809 2539 4886 ficitur
2616 4811 2958 4911 potentia
3050 4814 3258 4912 prior
3348 4814 3826 4909 naturaliter,

2286 4924 3070 5023 scilicetintellectus,
3128 4939 3203 5004 et
3254 4929 3549 5027 primus
3611 4931 3832 5007 habi-

2284 5050 2410 5116 tus
2455 5042 2889 5117 intellectus
2943 5045 3559 5140 supernaturalis
3609 5043 3831 5120 debet

2287 5182 2453 5234 esse
2533 5158 2751 5253 fides,
2825 5184 2998 5234 cum
3069 5161 3166 5234 sit
3251 5162 3586 5236 medium
3675 5185 3826 5260 quo

2288 5274 2568 5373 aliquis
2600 5274 3102 5351 determinate
3137 5277 3456 5352 assentit
3492 5279 3820 5353 veritati.

2290 5394 2469 5468 Ideo
2564 5393 2761 5468 sicut
2817 5392 3027 5468 Deus
3104 5394 3310 5469 dedit
3378 5396 3821 5471 charitatem

2287 5511 2667 5587 voluntati
2723 5511 2817 5584 ad
2869 5511 3203 5587 animam
3255 5512 3362 5586 sic
3417 5513 3830 5610 perficien—

2294 5628 2496 5727 dam,
2583 5626 2690 5704 sic
2785 5624 3013 5703 fidem
3091 5627 3298 5703 dedit
3372 5627 3824 5728 intellectui,

3984 3569 4048 3633 2.

3894 3683 4134 3735 Dandum

3808 3762 3822 3776 ·
3859 3759 3976 3798 esse
4013 3747 4183 3797 fidem

3888 3811 4150 3861 infusam.
