4295 6326
345 957 604 1009 Voluntas

312 1035 412 1086 pro
424 1035 532 1083 quo
553 1034 635 1071 su·

398 1084 568 1149 ponit.

345 2942 602 2993 Voluntas

333 3003 617 3068 tripliciter

312 3068 508 3118 dicitur
544 3080 635 3117 na-

364 3130 572 3183 tut-alin.

479 4743 500 4771 0

300 4810 376 4861 Ad
402 4824 512 4884 arg.
547 4810 594 4862 1.

365 4886 553 4938 pnmae

366 4942 555 5000 quam.

667 418 796 486 376

664 591 868 688 quod
944 594 1294 672 Christus
1353 596 1658 689 meruit,
1717 604 1869 671 non
1952 603 2206 671 tamen

664 708 894 785 Pater
923 722 997 786 et
1036 712 1370 812 Spiritus
1410 723 1748 790 sanctus.

763 826 914 902 Sed
962 830 1328 905 habuitne
1408 831 1668 927 aliquo
1735 829 1960 904 modo
2015 829 2209 902 duas

664 943 1100 1020 voluntates
1178 948 1559 1021 humanas
1618 945 1658 1017 ⁴?
1723 946 1911 1019 Dico
2003 944 2207 1043 quod

664 1062 1179 1138 communiter
1232 1063 1584 1139 voluntas
1622 1062 1995 1160 accipitur
2068 1084 2208 1160 pro

665 1177 1002 1276 appetitu
1039 1203 1213 1253 cum
1248 1179 1541 1254 ratione
1575 1207 1593 1273 3
1631 1188 1705 1253 et
1761 1179 1870 1254 sic
1910 1177 2211 1276 appeti-

670 1303 788 1369 tus
819 1295 1230 1394 dupliciter
1262 1305 1510 1395 potest
1577 1295 1846 1393 accipi,
1894 1319 2029 1394 pro
2070 1317 2211 1391 ap-

663 1411 905 1508 petitu
947 1435 1121 1486 cum
1160 1412 1483 1506 ratione,
1527 1421 1602 1486 et
1669 1436 1805 1511 pro
1869 1409 2207 1510 appetitu

664 1526 1034 1601 sensitivo
1063 1551 1200 1626 pro
1251 1538 1487 1621 tanto,
1524 1527 1707 1626 quia
1759 1537 1873 1602 est
1912 1525 2211 1624 appeti-

663 1653 786 1718 tus
858 1646 1254 1721 rationalis
1321 1669 1457 1744 per
1509 1644 2204 1744 participationem.

665 1760 744 1835 Si
787 1762 1159 1859 accipitur
1199 1763 1445 1861 primo
1491 1762 1747 1854 mod0,
1794 1770 2043 1860 potest
2082 1760 2214 1835 ali-

666 1899 822 1975 quo
863 1878 1091 1952 modo
1125 1878 1475 1972 concedi,
1538 1877 2018 1953 extendendo
2074 1899 2214 1950 vo-

670 1992 1038 2067 luntatem
1105 1993 1200 2067 ad
1254 2015 1823 2092 quemcumque
1917 1991 2215 2091 appeti-

666 2119 828 2185 tum
893 2134 1067 2186 cum
1132 2111 1514 2204 rationali,
1576 2111 1780 2209 quod
1869 2122 2050 2184 sunt
2133 2109 2211 2182 in

665 2228 967 2304 Christo
1035 2230 1210 2304 duae
1279 2231 1714 2304 voluntates
1818 2230 2209 2303 humanae.

664 2346 744 2421 Si
786 2346 1159 2444 accipitur
1220 2347 1577 2420 voluntas
1643 2346 1978 2445 proprie,
2046 2354 2218 2419 tan-

662 2472 828 2538 tum
912 2465 1143 2539 habet
1244 2487 1508 2558 unam,
1583 2464 1766 2563 quia
1854 2465 2217 2538 voluntas

665 2589 921 2654 creata
951 2579 1378 2654 secundum
1436 2581 1862 2677 portionem
1901 2577 2219 2653 inferio—

664 2721 825 2774 rem
868 2706 941 2773 et
1001 2697 1478 2796 superiorem
1524 2706 1636 2773 est
1701 2706 1999 2772 tantum
2060 2719 2218 2771 una

666 2814 1039 2915 potentia.

759 2928 1015 3023 DiceS,
1041 2930 1402 3002 voluntas
1425 2937 1538 3003 est
1562 2928 1736 3013 alia,
1764 2937 1845 3002 ut
1867 2936 1981 3002 est
2001 2936 2219 3001 natu-

664 3068 775 3138 ra,
799 3055 874 3120 et
900 3054 978 3119 ut
1009 3054 1123 3120 est
1147 3044 1414 3138 libera,
1442 3044 1611 3118 dico
1637 3044 1843 3143 quod
1870 3043 1933 3119 si
1959 3045 2221 3141 loqua-

664 3185 841 3236 mur
867 3161 958 3236 de
991 3160 1384 3235 voluntate
1431 3171 1510 3234 ut
1542 3171 1842 3255 natura,
1875 3159 2221 3259 praescri·

665 3277 918 3352 hendo
952 3277 1597 3374 supernaturalia,
1627 3277 1736 3351 sic
1776 3277 2028 3352 adhuc
2060 3300 2216 3351 non

667 3401 782 3467 est
815 3392 960 3465 nisi
999 3415 1155 3466 una
1185 3394 1568 3466 voluntas.
1608 3392 1689 3467 Si
1722 3393 2096 3492 accipitur
2137 3403 2219 3468 ut

665 3508 1064 3583 inclinatio
1109 3509 1510 3596 naturaliS‚
1548 3509 1801 3583 adhuc
1878 3534 2029 3583 non
2101 3520 2220 3585 est

665 3624 874 3698 aliud
908 3649 953 3699 a
993 3625 1385 3699 voluntate
1426 3626 1674 3723 primo
1732 3626 1985 3718 mod0,
2031 3627 2218 3722 quia

665 3741 774 3816 sic
843 3764 996 3815 non
1068 3750 1183 3816 est
1248 3752 1465 3816 actus
1515 3743 1844 3836 elicituS,
1890 3743 2022 3817 sed
2092 3744 2211 3818 vel

662 3858 832 3955 ipsa
873 3858 1232 3931 voluntas
1273 3858 1697 3932 secundum
1736 3882 1846 3951 se,
1872 3860 1992 3932 vel
2046 3858 2214 3956 ipsa

660 3973 1030 4048 inclinata
1065 3973 1139 4045 in
1176 3975 1602 4048 commoda.
1639 3974 1916 4068 Tertio,
1954 3975 2017 4047 si
2081 3999 2214 4050 ac-

659 4091 940 4190 cipitur
972 4101 1054 4165 ut
1086 4090 1289 4165 elicit
1332 4103 1548 4165 actus
1609 4094 2026 4186 naturaleS,
2073 4093 2211 4167 ad—

657 4211 808 4283 huc
843 4232 996 4281 non
1052 4217 1166 4283 est
1234 4209 1378 4282 nisi
1442 4209 1768 4307 ipsamet
1836 4211 2203 4307 potentia,

657 4325 1189 4399 utinclinatur
1234 4325 1326 4400 ad
1394 4336 1648 4400 actum
1708 4326 2203 4421 eliciendum,

653 4452 728 4518 et
768 4443 970 4518 idem
1006 4451 1119 4518 est
1154 4442 1476 4540 ipsamet
1539 4453 1618 4517 ut
1677 4444 1918 4518 libera
1976 4444 2210 4519 reali-

653 4568 796 4634 ter.

751 4675 860 4748 Ad
925 4674 1262 4774 primum
1339 4674 1790 4773 principale,
1866 4676 2204 4750 concedo

652 4791 859 4889 quod
894 4815 1044 4864 non
1079 4801 1328 4889 potest
1368 4815 1536 4866 esse
1604 4792 1989 4881 voluntas,
2053 4792 2203 4864 nisi

653 4909 749 4983 sit
784 4909 1095 4984 domina
1125 4911 1246 4983 sui
1279 4920 1522 5003 actuS,
1560 4910 1770 4984 etita
1809 4919 1922 4984 est
1953 4910 2205 4983 domi-

651 5048 755 5099 na
794 5027 1152 5101 voluntas
1211 5027 1329 5101 sui
1401 5037 1619 5100 actus
1706 5027 1780 5099 in
1866 5027 2197 5121 ChristO,

654 5142 851 5216 sicut
892 5142 967 5215 in
1012 5142 1162 5216 alio
1197 5142 1537 5237 homine,
1576 5143 1759 5239 quia
1835 5167 1987 5217 non
2050 5144 2200 5218 alio

654 5259 880 5332 modo
924 5259 1270 5333 causavit
1309 5261 1667 5332 voluntas
1715 5259 1946 5333 Verbi
2003 5258 2202 5332 voli—

652 5375 936 5449 tionem
984 5375 1258 5449 Christi
1340 5376 1764 5450 secundum
1844 5384 2200 5450 naturam

655 5494 1104 5585 humanam,
1154 5516 1385 5590 quam
1446 5502 1606 5567 tota
1647 5493 1975 5568 Trinitas
2037 5517 2200 5568 res-

654 5617 879 5706 pectu
910 5608 1301 5684 volitionis
1347 5633 1563 5706 meae,
1610 5609 1792 5708 quia
1828 5611 2198 5709 permittit

2030 418 2272 489 LIBRI
2319 418 2441 486 ΙΙΙ.

2322 592 2797 666 voluntatem
2851 592 3270 664 humanam
3303 588 3408 663 ita
3437 587 3675 661 libere
3726 581 3865 658 eli·

2322 731 2492 782 cere
2571 717 2821 780 actum
2903 730 3159 800 suum,
3222 705 3420 779 sicut
3496 698 3866 800 permittit

2322 825 2512 899 alias
2569 825 2999 898 voluntates
3075 823 3351 897 elicere
3415 843 3642 895 suum
3711 845 3728 910 3
3792 824 3866 889 et

2321 942 2604 1015 dictum
2641 950 2753 1015 est
2788 940 3000 1038 prius
3034 941 3053 962 ⁸
3085 938 3473 1037 quomodo
3506 936 3864 1008 voluntas

2321 1058 2583 1134 divina
2609 1082 2689 1134 se
2717 1059 2997 1133 habeat
3032 1058 3127 1132 ad
3159 1066 3414 1131 actum
3446 1049 3865 1128 voluntatis

2320 1187 2625 1272 creatoe,
2674 1184 2927 1251 utrum
2973 1176 3069 1251 sit
3109 1198 3341 1250 causa
3382 1171 3711 1248 mediata
3744 1169 3862 1243 vel

2320 1293 2829 1369 immediata?

2417 1410 2670 1504 DiceS,
2705 1411 3042 1485 Verbum
3088 1410 3367 1485 dicitur
3405 1408 3676 1481 volens
3723 1427 3863 1477 vo—
3942 1411 4180 1463 Verbum

2320 1528 2584 1603 litione
2614 1528 2895 1603 animae
2935 1527 3243 1620 Christi,
3279 1535 3353 1601 et
3407 1525 3633 1599 Pater
3673 1544 3858 1613 non,
3907 1488 4033 1588 1233
4054 1476 4190 1587 3ng

2316 1667 2571 1743 neque
2605 1644 2936 1742 Spiritus
2977 1652 3289 1718 sanctus
3352 1670 3370 1735 3
3421 1641 3654 1737 igitur
3710 1638 3865 1712 sal-
3893 1604 4230 1738 222¹?ssssssss

2318 1770 2471 1837 tem
2524 1760 2935 1859 specialius
3001 1784 3082 1834 se
3143 1760 3372 1834 habet
3468 1757 3562 1831 ad
3653 1755 3862 1829 illam
3893 1726 4197 1843 quffigf*

2318 1876 2796 1969 volitionem,
2825 1900 3058 1973 quam
3090 1884 3250 1949 tota
3296 1873 3652 1947 Trinitas·

2418 1994 2607 2067 Dico
2648 1993 2850 2090 quod
2898 1995 3065 2067 haec
3112 2002 3226 2066 est
3300 1990 3551 2089 prima
3592 2012 3872 2087 propo—

2321 2110 2496 2184 sitio
2528 2133 2711 2184 vera
2744 2110 2823 2184 in
2866 2109 3037 2184 ista³
3079 2109 3398 2183 materia
3445 2132 3460 2182 :
3548 2104 3873 2182 Verbum

2324 2231 2433 2299 est
2468 2224 2718 2309 homo,
2748 2235 2820 2299 et
2860 2249 2953 2300 ex
3017 2226 3160 2299 hac
3223 2234 3337 2299 est
3395 2223 3541 2297 ista
3611 2244 3796 2296 vera
3850 2245 3866 2295 ε

2321 2337 2576 2413 Filias
2605 2339 2766 2414 Dei
2816 2347 2925 2413 est
2971 2344 3316 2413 mortuus
3374 2360 3525 2436 qua
3591 2336 3871 2429 hom03

2324 2465 2399 2530 et
2461 2456 2718 2530 Filius
2757 2457 2914 2529 Dei
2987 2462 3099 2530 est
3160 2453 3422 2529 volens
3488 2451 3878 2527 voluntate

2322 2572 2685 2647 humana.
2733 2572 2810 2647 Si
2848 2572 3081 2669 igitur
3120 2571 3393 2670 primae
3421 2568 3875 2669 propositio·

2325 2691 2448 2766 nis
2485 2691 2769 2766 veritas
2829 2714 2981 2765 non
3057 2689 3400 2788 requirat
3468 2686 3878 2787 specialem

2325 2806 2741 2883 efficaciam
2789 2806 3052 2901 Verbi,
3105 2830 3245 2881 nec
3311 2802 3880 2880 denominatio-

2325 2948 2531 3011 nem,
2605 2924 2699 2999 ad
2764 2926 2911 3000 hoc
2970 2925 3176 3022 quod
3247 2926 3414 2998 haec
3472 2924 3569 2998 sit
3627 2947 3871 3000 vera:

2343 3041 2670 3118 Verbum
2704 3049 2815 3116 est
2869 3041 3121 3128 home,
3167 3065 3310 3116 nec
3368 3042 3629 3139 aliqua
3687 3042 3882 3117 alia-

2329 3183 2528 3247 rum,
2562 3182 2738 3257 quae
2772 3172 2953 3235 sunt
2984 3161 3231 3236 solum
3275 3183 3484 3236 verae
3535 3185 3626 3236 ex
3686 3160 3881 3235 veri-

2327 3285 2474 3350 tate
2508 3276 2809 3374 primoe,
2848 3276 2980 3351 sed
3024 3276 3118 3352 ad
3177 3276 3397 3351 istam
3455 3302 3470 3350 :
3554 3276 3879 3351 Verbum

2326 3397 2434 3464 esc
2461 3390 2715 3479 homa,
2777 3416 2931 3465 non
2994 3404 3109 3466 est
3183 3392 3444 3488 aliqua
3519 3391 3879 3488 specialis

2324 3508 2521 3583 actio
2605 3532 2783 3606 quae
2861 3533 3013 3583 non
3092 3509 3189 3584 sit
3270 3510 3505 3584 ‘totius
3566 3509 3882 3583 Trinita-

2323 3624 2445 3699 tis.

2423 3740 2825 3828 Quomodo
2886 3740 3121 3836 igitur
3188 3739 3468 3815 dicitur
3531 3743 3802 3816 volens
3840 3742 3881 3814 ‘P

2318 3845 2507 3930 Dico
2550 3858 2757 3954 quod
2825 3857 3021 3932 sicut
3089 3858 3328 3932 Filius
3396 3856 3535 3933 Dei
3595 3858 3878 3933 dicitur

2320 3977 2735 4068 coloratus,
2790 3975 2974 4072 quia
3051 3998 3331 4073 corpus
3410 3976 3694 4050 Christi
3763 3987 3876 4052 est

2317 4094 2769 4185 coloratum,
2834 4093 2937 4166 ita
3002 4091 3282 4167 dicitur
3347 4094 3616 4168 volens
3691 4093 3874 4191 quia

2317 4208 2576 4282 anima
2618 4208 2725 4282 sic
2768 4217 2881 4282 est
2922 4210 3218 4303 volenS,
3255 4218 3329 4284 et
3368 4210 3553 4307 quia
3594 4220 3871 4284 natura

2315 4326 2765 4401 subsistitin
2803 4324 3089 4421 Verbo,
3126 4327 3296 4402 ideo
3352 4327 3461 4402 sic
3512 4328 3867 4402 denomi-

2314 4451 2566 4516 natur.

2354 4587 2359 4592 ¹
2409 4558 2522 4633 Ad
2558 4558 2795 4648 aliud,
2829 4559 2997 4634 dico
3054 4561 3257 4657 quod
3328 4563 3713 4655 voluntaS,
3779 4569 3862 4636 ut
3891 4570 4224 4684 Adffissun’

2312 4686 2617 4769 natura,
2664 4700 2818 4749 non
2861 4676 3141 4751 dicitur
3210 4678 3667 4777 principium
3726 4678 3861 4753 de-
4118 4672 4131 4686 ⁸

2310 4793 2802 4867 terminatum
2867 4795 2961 4868 ad
3034 4820 3301 4885 unum,
3365 4796 3497 4870 sed
3578 4805 3660 4870 ut
3716 4796 3861 4871 eli-

2311 4908 2523 4982 ciens
2564 4918 2847 4983 actum.

3894 935 3912 952 ·
3940 934 3998 983 lu
4019 935 4216 986 2.d.24.

3987 1004 4041 1049 et
4069 998 4149 1049 36.

2841 5199 3204 5257 SCHOLIUM
3247 5200 3319 5256 ΙΙ.

2376 5371 2462 5424 Ait
2497 5371 2680 5438 primo
2711 5373 2861 5440 quod
2921 5372 3188 5428 Christus
3247 5377 3569 5431 secundum
3628 5377 3850 5447 appeti-

2304 5463 2425 5515 tum
2453 5461 2802 5529 inferiorem,
2836 5463 3017 5518 voluit
3046 5465 3334 5533 quaedam,
3388 5481 3515 5536 qum
3564 5482 3678 5522 non
3710 5473 3849 5522 sunt

2305 5548 2473 5619 sacta,
2504 5554 2562 5605 et
2588 5550 2770 5606 noluit
2791 5552 3080 5624 quaedam,
3113 5570 3240 5625 quae
3271 5563 3407 5609 sunt
3434 5556 3605 5611 sacta.
3638 5559 3852 5612 Secun-

2304 5639 2400 5708 do,
2434 5639 2579 5696 nihil
2610 5640 2828 5698 factum
2859 5647 2951 5698 est
2976 5650 3175 5699 contra
3217 5643 3353 5701 vello
3404 5643 3490 5701 vel
3534 5646 3677 5702 nollo
3715 5661 3846 5718 por-
