4295 6326
1563 511 1790 584 mS'r.
1841 512 2098 583 XXIX.
2150 512 2569 593 QUAESTIO
2616 450 2703 579 tl.

191 741 218 764 .
246 740 297 790 d,
336 738 413 789 19,
510 690 726 790 prius
757 692 805 786 ⁰,
841 689 1017 765 talis
1056 688 1358 788 justitia
1426 713 1581 764 non
1641 712 2061 764 conserva-

191 804 418 930 nssdqff²
510 810 641 884 bat
664 806 1339 892 immortalitatem,
1376 828 1518 880 nec
1560 805 1827 885 fuisset
1875 815 2059 878 ωηο

517 948 721 999 mors
755 947 1009 1022 poena‚
1056 922 1239 1021 quia
1306 922 1558 996 adhuc
1607 921 2060 996 naturaliter

511 1043 762 1141 potuit
793 1039 1016 1135 mori,
1048 1050 1121 1116 et
1198 1040 1531 1115 conditio
1573 1062 2061 1137 consequens

513 1169 871 1233 naturam
949 1181 1105 1231 non
1171 1154 1463 1231 inflicta
1544 1156 1637 1229 ad
1724 1155 2062 1253 punien-

515 1277 726 1366 dum,
775 1298 929 1349 non
973 1273 1256 1348 dicitur
1285 1295 1537 1370 poena.

614 1397 831 1490 Item,
876 1396 1234 1469 voluntas
1264 1392 1342 1466 in
1403 1391 1618 1491 puris
1685 1390 2063 1467 naturali-

515 1512 661 1586 bus
725 1533 879 1583 non
950 1518 1065 1583 est
1102 1531 1338 1582 curva
1370 1533 1389 1602 3
1426 1507 1662 1603 igitur
1708 1507 1786 1580 in
1845 1506 2062 1604 puris

518 1626 1002 1702 naturalibus
1041 1634 1156 1700 est
1194 1633 1401 1717 recta
1418 1653 1436 1718 3
1487 1624 1720 1721 igitur
1751 1632 1824 1699 et
1855 1625 2064 1722 Justa

507 1742 807 1841 justitia
838 1740 1199 1817 naturali.
1235 1741 1407 1815 Non
1457 1740 1689 1838 igitur
1765 1749 2065 1839 oportet

518 1884 805 1961 ponere
838 1860 1065 1935 aliam
1091 1857 1465 1955 justitiam
1512 1869 2067 1956 supernatura-

465 1986 468 1987 *
522 1980 670 2055 lem
707 1977 782 2051 in
825 1985 1021 2051 statu
1070 1975 1559 2050 innocentiae.

619 2097 834 2184 Item,
872 2094 1068 2170 sicut
1108 2094 1401 2168 hahens
1442 2091 1902 2191 principium
1927 2116 2065 2167 na-

522 2214 768 2287 turale
802 2220 1048 2310 potest
1114 2211 1191 2284 in
1262 2209 1783 2308 operationem
1841 2218 2067 2284 natu-

525 2332 789 2423 ralem,
822 2328 931 2403 sic
973 2327 1269 2402 habens
1315 2325 1708 2400 sufficiens
1776 2325 2068 2423 princi-

521 2446 731 2544 pium
770 2443 1384 2542 supernaturale,
1417 2442 1494 2515 in
1538 2441 2060 2540 operationem

523 2562 1218 2660 supernaturalem,
1281 2566 1354 2633 et
1405 2566 1588 2632 ωηο
1656 2582 1791 2655 per
1836 2558 2065 2631 talem

513 2677 887 2776 justitiam
931 2675 1380 2772 originalem
1440 2682 1699 2771 posset
1757 2671 2059 2747 mereri.

522 2796 1024 2893 Consequens
1090 2801 1204 2868 est
1266 2799 1533 2866 contra
1608 2789 2063 2888 Magistrum

525 2911 600 2984 in
636 2911 910 2996 littera,
949 2909 1077 2984 ubi
1131 2909 1314 2983 dicit
1379 2907 1584 3006 quod
1644 2906 1869 2980 homo
1925 2906 2066 2980 Iza-

527 3028 692 3103 buit
727 3026 930 3101 unde
949 3027 1207 3125 potuit
1232 3032 1462 3118 stare,
1495 3022 1634 3099 sed
1667 3046 1822 3097 non
1865 3022 2067 3097 unde

521 3141 925 3243 profi-cere.

627 3260 1108 3360 Oppositum,
1145 3258 1528 3335 naturalia
1568 3270 1879 3334 manent
1900 3268 2071 3356 post

530 3390 928 3479 peccatum
996 3378 1294 3474 integra
1374 3376 1572 3452 sicut
1660 3386 1864 3470 ante,
1937 3398 2072 3474 per

529 3497 986 3595 Dionysium
1022 3497 1092 3570 4.
1131 3495 1224 3570 de
1263 3495 1504 3569 divin.
1531 3494 1826 3569 nomin.
1857 3492 2075 3591 justi·

527 3613 629 3688 tia
670 3611 1069 3709 originalis
1128 3633 1280 3685 non
1329 3634 1347 3698 3
1409 3608 1644 3705 igitur
1710 3632 1863 3682 non
1940 3607 2076 3682 fuit

530 3729 933 3804 naturalis.
1013 3815 1019 3821 ,

226 1389 423 1439 Secun-

241 1452 393 1500 dum.

187 2130 457 2183 Tertium.

205 3294 432 3344 Contra.

1074 4014 1440 4073 SCHOLIUM
1474 4017 1518 4071 1.

602 4178 906 4234 Sententia
934 4177 1189 4247 Henrici,
1221 4176 1521 4249 justitiam
1569 4175 1913 4251 originalem
1948 4193 2078 4234 esee

529 4272 847 4342 quemdam
887 4269 1292 4327 rectitudinem
1335 4270 1686 4338 naturalem,
1734 4271 1903 4342 cujus
1951 4269 2077 4326 loco

533 4375 636 4431 per
695 4364 1000 4430 peccatum
1058 4359 1247 4431 posita
1303 4365 1396 4415 est
1450 4359 1729 4427 curvitas,
1788 4361 2080 4415 refutatur

534 4449 793 4522 quinque
824 4449 1150 4507 rationibus
1171 4449 1363 4505 claris.

309 4672 375 4736 2.
493 4670 498 4674 ’
636 4658 934 4732 Dicitur
963 4658 1056 4733 ad
1118 4655 1623 4756 quaestionem
1677 4655 1881 4754 quod
1919 4654 2082 4753 jus-

193 4784 483 4899 Sffitggssif
545 4774 705 4848 titia
743 4773 1141 4870 originalis
1217 4796 1373 4848 non
1432 4780 1545 4848 est
1621 4780 2083 4869 supernatu-

205 4912 402 4977 quodi.
438 4909 485 4959 6.
544 4890 752 4985 ralis,
797 4889 983 4988 quia
1022 4889 1220 4964 sicut
1255 4888 1473 4984 virga
1519 4887 1811 4962 habens
1856 4889 2083 4963 recti-

283 4989 338 5038 ᾳ·
375 4978 422 5024 2·
543 5006 882 5081 tudinem
928 5014 1175 5104 potest
1232 5004 1650 5098 incurvari,
1704 5014 1779 5079 et
1835 5014 2084 5103 potest

537 5147 705 5199 esse
750 5131 983 5218 recta,
1019 5122 1158 5198 etsi
1188 5125 1404 5198 nulla
1436 5123 1533 5197 sit
1581 5123 1657 5197 in
1700 5148 1790 5199 ea
1822 5125 2084 5198 curvi-

536 5250 677 5334 taS,
742 5239 1054 5315 habebit
1154 5238 1688 5314 rectitudinem
1777 5250 2085 5317 natura-

535 5357 712 5452 lem,
744 5379 1215 5455 quamquam
1283 5378 1426 5431 nec
1487 5357 1889 5452 rectitudO,
1938 5381 2082 5434 nec

536 5473 873 5549 curvitas
899 5473 1109 5548 sitde
1143 5472 1478 5548 essentia
1508 5500 1526 5567 3
1582 5474 1689 5548 sic
1719 5476 2081 5550 voluntas

536 5616 710 5667 cum
743 5601 1033 5690 peccat,
1069 5590 1547 5679 incurvatur,
1584 5600 1658 5666 et
1684 5591 1746 5665 si
1780 5591 2081 5667 estsine

536 5717 877 5806 peccam,
939 5715 1052 5782 est
1109 5714 1371 5800 recta3
1434 5705 1668 5803 igitur
1725 5731 1877 5782 non
1939 5732 2076 5784 ne-

3584 513 3708 581 147

2167 710 2382 762 cesse
2415 697 2529 762 est
2577 710 2867 785 ponere
2924 687 3301 784 justitiam
3373 686 3713 784 origina-

2167 806 2312 879 lem
2368 806 3062 903 supernaturalem,
3099 805 3282 903 quia
3308 805 3477 905 {etsi
3544 803 3713 902 ipsa

2165 932 2519 1020 ponatur,
2558 923 2809 997 adhuc
2885 923 3030 998 erit
3091 924 3243 998 alia
3300 922 3707 1014 naturaliS,

2167 1062 2345 1137 quae
2386 1049 2641 1114 tamen
2678 1064 2829 1114 non
2875 1051 2990 1116 est
3020 1041 3112 1115 de
3146 1039 3504 1129 essentia,
3532 1063 3711 1113 cum

2168 1166 2514 1233 remanet
2613 1157 2986 1233 curvitate
3083 1165 3473 1233 contracta
3576 1178 3713 1254 per

2167 1286 2592 1374 peccatum.
2640 1275 2879 1350 Aliter
2970 1276 3177 1351 enim
3271 1276 3333 1349 si
3431 1273 3712 1373 aliquis

2169 1415 2571 1490 nunquam
2626 1391 3047 1490 accepisset
3120 1391 3499 1489 justitiam
3568 1392 3716 1466 ori-

2168 1510 2530 1605 ginalem,
2569 1518 2642 1583 et
2699 1507 2898 1583 alius
2965 1532 3133 1583 eam
3186 1509 3608 1607 accepisset
3638 1519 3713 1584 et

2167 1624 2651 1723 perdidisset,
2761 1624 2821 1699 si
2931 1625 3160 1699 ambo
3274 1637 3709 1724 peccarent,

2169 1740 2573 1839 aequaliter
2605 1740 3093 1838 punirentur.

2268 1859 2486 1953 Item,
2530 1858 2607 1932 in
2676 1859 3066 1957 peccando
3121 1859 3503 1935 naturalia
3542 1862 3721 1935 vul-

2169 1985 2568 2069 nerantur,
2632 1975 3060 2051 secundum
3119 1974 3341 2050 istam
3402 1976 3722 2074 parabo-

2170 2093 2323 2165 lam
2370 2093 2554 2165 Luc,
2599 2091 2718 2164 20.
2766 2091 2971 2188 quod
3015 2091 3448 2190 spoliarunt
3497 2092 3716 2167 illum

2173 2207 2509 2282 latrones
2576 2207 2668 2282 de
2710 2206 3093 2304 gratuitiS,
3132 2217 3206 2282 et
3266 2208 3722 2283 vulnerave-

2173 2332 2353 2398 runt
2377 2323 2451 2396 in
2489 2323 2972 2398 naturalibus
3008 2351 3026 2416 3
3073 2325 3204 2398 sed
3231 2323 3306 2396 in
3329 2325 3716 2422 peccando

2173 2439 2365 2512 nihil
2437 2439 2781 2514 aufertur
2837 2440 2929 2514 de
2989 2440 3321 2515 essentia
3369 2440 3719 2515 volunta-

2170 2555 2320 2648 tis3
2367 2556 2601 2651 igitur
2631 2556 2775 2631 erit
2806 2557 3086 2631 ablatio
3145 2555 3355 2630 illius
3393 2556 3716 2653 justitiae

2174 2672 2575 2766 naturalis,
2614 2696 2789 2772 quae
2843 2672 3121 2747 dicitur
3178 2673 3551 2749 rectitudo
3592 2697 3723 2748 na-

2171 2787 2470 2875 turalis,
2543 2797 2619 2862 et
2693 2797 2876 2863 tunc
2966 2789 3442 2865 rebellarunt
3511 2788 3718 2864 vires

2172 2905 2575 2982 inferiores
2696 2907 3258 3006 superioribuS,
3383 2917 3459 2983 et
3559 2932 3718 2983 non

2172 3024 2414 3123 prius.

2273 3140 2581 3235 Contra,
2641 3139 2874 3238 igitur
2903 3151 3075 3241 post
3126 3151 3524 3242 peccatum
3557 3142 3719 3244 pri-

2179 3280 2390 3331 mum
2431 3280 2831 3355 nunquam
2887 3268 3145 3356 posset
3201 3259 3482 3358 aliquis
3548 3284 3719 3360 pec-

2177 3395 2379 3466 care,
2443 3372 2625 3470 quia
2667 3371 2728 3447 si
2779 3372 2861 3447 in
2904 3375 3293 3472 peccando
3350 3378 3722 3452 vulnera-

2176 3500 2303 3564 tur
2369 3489 2445 3562 in
2507 3489 3016 3586 naturalibuS,
3088 3501 3163 3567 et
3231 3492 3376 3568 ista
3421 3492 3723 3590 justitia

2180 3608 2629 3684 auferturin
2683 3609 2930 3708 primo
3007 3620 3346 3709 peccato,
3407 3622 3591 3689 tunc
3659 3613 3724 3689 si

2180 3726 2457 3802 iterum
2519 3736 2895 3825 peccaret,
2946 3739 3472 3828 corrumperet
3538 3732 3728 3806 sub-

2182 3842 2541 3917 stantiam
2575 3844 3021 3939 voluntatis,
3059 3845 3208 3920 nisi
3240 3857 3499 3945 posset
3535 3849 3728 3923 ulte-

2184 3958 2344 4033 rius
2388 3959 2745 4033 voluntas
2815 3959 3230 4056 incurvari,
3267 3973 3341 4038 et
3405 3964 3727 4040 ulterius

2181 4073 2380 4148 sicut
2410 4073 2628 4170 virga
2657 4076 2954 4172 plicari,
2999 4087 3073 4152 et
3102 4087 3286 4152 tunc
3318 4088 3724 4178 postquam

2183 4188 2358 4287 quis
2460 4188 2981 4266 intensissime
3076 4203 3495 4290 peccasset,
3571 4219 3724 4269 non

2183 4316 2443 4404 posset
2508 4306 2783 4382 iterum
2853 4332 3196 4407 peccare,
3252 4319 3327 4385 et
3391 4334 3566 4386 curn
3634 4314 3732 4387 sit

2185 4423 2427 4513 finita,
2473 4433 2731 4523 posset
2788 4425 3096 4501 tandem
3155 4436 3312 4503 tota
3379 4432 3732 4505 consumi

2186 4565 2323 4640 per
2352 4549 2663 4639 peccata
2691 4565 2913 4640 aeque
2946 4544 3212 4640 gravia
3242 4543 3483 4620 finita.

2286 4658 2577 4731 Praeter
2616 4658 2787 4744 hoc,
2831 4657 2897 4732 si
2959 4681 3115 4732 non
3182 4659 3280 4733 sit
3348 4684 3469 4738 res
3500 4662 3652 4738 alia
3689 4688 3734 4738 a

2187 4774 2611 4868 voluntate,
2684 4773 2917 4871 igitur
2956 4798 3260 4874 semper
3298 4801 3735 4879 corrumpe-

2189 4901 2401 4965 retur
2430 4914 2635 4988 parS‚
2672 4899 2747 4965 et
2774 4914 2953 4988 pars
2983 4893 3451 4989 voluntatis3
3496 4895 3561 4969 si
3620 4907 3736 4972 est

2189 5008 2372 5106 quid
2407 5008 2849 5082 distinctum
2922 5032 2967 5083 a
3004 5011 3426 5100 voluntate,
3501 5013 3736 5110 igitur

2188 5124 2552 5225 possibile
2586 5135 2698 5200 est
2775 5127 2979 5224 quod
3055 5127 3220 5203 sine
3288 5128 3418 5203 illo
3458 5131 3738 5228 produ-

2190 5252 2407 5317 catur
2478 5243 2866 5335 voluntaS,
2934 5252 3008 5318 et
3072 5252 3255 5318 tunc
3345 5245 3507 5343 ipse
3575 5272 3730 5323 non

2189 5369 2447 5459 posset
2486 5381 2831 5458 peccare,
2904 5359 3053 5434 nisi
3121 5363 3389 5460 perdat
3441 5362 3732 5462 aliquid

2191 5478 2590 5570 naturale3
2671 5475 2906 5572 igitur
2986 5489 3510 5578 corrumperet
3568 5506 3735 5580 par-

2189 5604 2343 5669 tem
2376 5593 2822 5688 voluntatis,
2859 5593 3043 5691 quia
3082 5618 3551 5693 quamquam
3592 5622 3733 5673 vo-

2194 5712 2449 5785 luntas
2502 5733 2677 5785 cum
2745 5709 3041 5788 ratione
3095 5722 3292 5788 esset
3359 5716 3733 5812 producta

3813 3297 4005 3361 Opinio

3804 3358 4020 3411 Henrici

3781 3422 4041 3489 rejicitur.
