4295 6326
24 3085 177 3135 Puer
210 3086 309 3136 He-

24 3152 217 3200 braeus
262 3149 338 3201 in-

48 3218 136 3262 ter
171 3226 274 3262 nos

14 3280 316 3337 educatus,

41 3339 300 3389 crederet

0 3402 95 3450 ide
130 3402 316 3464 acqui-

11 3464 130 3513 sita
178 3478 303 3527 quae

0 3541 102 3577 iou
150 3526 302 3576 insu·

119 3601 202 3638 ea.

0 4848 232 4898 Errans
263 4844 318 4893 in

0 4926 115 4962 ino
143 4908 339 4959 articu-

23 4976 92 5025 lo
130 4971 311 5022 credit

1 5037 158 5088 aliis
194 5039 312 5084 tan-

36 5097 311 5169 tumsstde
375 5088 617 5186 prius,
709 5088 1018 5186 quando
1100 5111 1369 5162 omnes
1423 5087 1684 5161 credit.
1763 5085 1910 5160 Sed

0 5163 318 5226 acquisita.

1261 464 1486 532 DIST.
1538 463 1796 533 XXIII.
1848 463 2266 544 QUAESTIO
2316 464 2618 533 UNICA.

374 640 600 730 renti,
673 650 748 715 et
804 640 1130 716 tradenti
1201 640 1397 714 illos.
1445 638 1654 713 Licet
1712 638 1917 713 enim

373 757 611 856 aliqui
671 758 844 832 libri
903 757 1431 832 auctoritatem
1485 755 1771 829 habent
1827 777 1920 829 ex

374 874 817 948 auctoribus
911 873 1097 964 suiS,
1175 895 1331 946 non
1411 881 1664 946 tamen
1754 894 1917 945 cre·-

373 994 578 1068 ditur
617 993 755 1088 eis,
818 992 964 1067 nisi
1020 991 1205 1090 quia
1248 990 1611 1065 Ecclesiae
1652 1013 1919 1087 appro-

373 1109 585 1184 banti
645 1119 719 1184 et
780 1108 1209 1184 testificanti
1267 1108 1440 1182 illos
1482 1130 1650 1181 esse
1710 1129 1918 1180 vera-

374 1250 526 1302 ces.
575 1225 794 1301 Unde
837 1225 1120 1300 ibidem
1156 1223 1340 1298 dicit
1377 1222 1856 1319 Augustinus
1892 1245 1907 1296 ε

368 1341 888 1440 Evanqeliam
945 1341 1542 1418 Nazarenoram
1596 1363 1749 1413 non
1791 1338 1916 1412 ad-

369 1461 692 1546 mittam,
726 1461 905 1558 quia
981 1482 1118 1533 nec
1161 1456 1519 1532 Ecclesia
1554 1456 1867 1531 admisit
1891 1484 1918 1541 ,·

369 1578 598 1653 fidem
642 1602 824 1674 ergo
884 1577 1338 1676 acquisitam
1405 1575 1781 1650 hahemus
1822 1599 1914 1649 ex

367 1695 807 1772 testimonio
867 1694 1258 1769 Ecclesiae.
1324 1696 1523 1791 Ergo
1592 1692 1653 1767 si
1697 1694 1914 1767 nulla

369 1823 570 1891 esset
636 1815 712 1888 in
793 1838 913 1889 me
992 1812 1183 1888 fides
1244 1813 1524 1906 infusa,
1605 1835 1911 1910 possem

367 1931 681 2006 credere
741 1929 946 2028 quod
1006 1929 1347 2004 Ecclesia
1386 1930 1583 2004 bene
1643 1928 1905 2019 credit,

368 2057 444 2123 et
508 2046 702 2122 bene
763 2046 1327 2139 determinavit,
1399 2045 1597 2119 sicut
1653 2046 1717 2117 si
1759 2068 1914 2119 cre·

366 2164 627 2238 derem
668 2162 859 2237 alias
900 2162 1257 2236 historias
1297 2162 1495 2237 bene
1538 2161 1911 2235 admissas

368 2288 679 2378 propter
744 2278 1140 2353 veritatem
1195 2302 1324 2353 eas
1374 2278 1849 2353 credentium
1888 2306 1951 2370 3.

368 2404 441 2470 et
481 2395 589 2470 sic
657 2395 1040 2470 audiendo
1108 2417 1238 2469 eas
1313 2395 1627 2492 acquiro
1689 2394 1911 2468 habi-

366 2524 526 2587 tum
587 2511 947 2587 credendi
1001 2511 1320 2585 istorum
1382 2510 1627 2585 dictis.
1693 2510 1910 2586 Patet

368 2652 549 2724 ergo
609 2628 813 2725 quod
871 2629 1247 2703 habemus
1296 2626 1525 2701 fidem
1585 2628 1911 2725 acquisi-

368 2754 520 2819 tam
591 2746 1057 2820 adhaerendo
1117 2744 1555 2819 testimonio
1643 2746 1911 2819 Eccle-

369 2863 529 2953 sia),
605 2873 678 2937 et
744 2863 852 2936 sic
907 2862 1328 2959 Evangelio
1396 2870 1644 2959 potest
1701 2862 1908 2936 credi

368 3002 458 3054 ex
490 2981 652 3053 sola
685 2976 831 3052 side
865 2976 1266 3075 acquisita.

467 3104 629 3173 Hoc
672 3097 897 3173 etiam
942 3105 1174 3197 patet,
1238 3097 1300 3171 si
1359 3120 1552 3194 puer
1589 3096 1908 3171 Judaeus

368 3217 792 3292 nutriretur
843 3216 1274 3307 nobiscum,
1322 3225 1568 3314 potest
1626 3216 1905 3290 habere

368 3333 595 3408 fidem
640 3333 1091 3432 acquisitam
1163 3334 1254 3408 de
1297 3332 1685 3426 omnihUS,
1732 3355 1906 3430 quae

368 3453 786 3526 creduntur
870 3451 944 3523 in
1035 3449 1401 3544 Ecclesia,
1489 3460 1571 3523 ut
1663 3459 1910 3548 potest

369 3568 676 3643 credere
809 3567 1180 3641 mundum
1309 3566 1714 3665 incepisse,
1836 3576 1910 3640 et

374 3683 650 3756 Filium
703 3681 843 3757 Dei
903 3680 1315 3775 incarnari,
1362 3689 1433 3755 et
1473 3680 1664 3755 alios
1723 3681 1909 3754 arti-

376 3800 590 3873 culos
629 3796 807 3872 fidei
866 3821 954 3872 ex
993 3800 1155 3872 solo
1196 3797 1490 3890 auditu,
1528 3797 1725 3871 sicut
1765 3822 1906 3895 ego

372 3917 598 3992 credo
639 3917 960 3990 Romam
1003 3939 1198 4010 esse,
1237 3939 1466 4013 quam
1523 3939 1676 3988 non
1719 3915 1900 3988 vidi.

468 4037 878 4127 Praeterea,
944 4043 1277 4132 ponatur
1353 4034 1556 4131 quod
1627 4033 1907 4131 aliquis

370 4152 796 4251 baptizatus
858 4151 1149 4225 hahens
1227 4149 1454 4225 fidem
1545 4149 1902 4244 infusam,

371 4278 444 4344 et
531 4268 850 4344 credens
935 4292 1205 4342 omnes
1290 4267 1654 4341 articulos
1730 4265 1906 4341 fidei

373 4395 640 4484 postea
670 4394 869 4460 erret
919 4385 1120 4459 circa
1182 4407 1416 4457 unum
1467 4382 1904 4476 articulum,

372 4515 446 4579 et
510 4527 664 4577 non
724 4502 923 4577 circa
982 4501 1200 4596 alios,
1248 4500 1734 4576 manifestum
1796 4510 1911 4576 est

376 4623 581 4722 quod
641 4622 813 4697 talis
882 4621 1269 4718 experitur
1344 4621 1421 4694 in
1499 4619 1778 4717 seipso,
1838 4630 1911 4694 et

369 4761 512 4812 nos
592 4736 1032 4835 experimur
1115 4735 1207 4811 de
1299 4735 1429 4809 illo
1512 4736 1719 4832 quod
1808 4734 1912 4808 ita

373 4851 691 4927 tirmiter
733 4852 1099 4943 adhaeret,
1147 4861 1221 4925 et
1260 4852 1579 4925 assentit
1618 4850 1770 4924 illis
1801 4874 1913 4924 ar-

373 4969 656 5064 ticuliS,
720 4970 924 5044 circa
981 4992 1175 5067 quos
1233 4993 1385 5043 non
1444 4978 1670 5062 errat,
1716 4968 1914 5042 sicut

373 5205 524 5279 illis
583 5207 955 5300 articuliS,
1015 5230 1210 5304 quos
1267 5206 1532 5299 credit,
1581 5229 1729 5278 non
1789 5227 1915 5277 as-

371 5323 599 5397 sentit
632 5321 779 5397 fide
823 5323 1105 5413 infusa,
1152 5345 1325 5396 cum
1370 5322 1534 5420 ipsa
1574 5345 1726 5395 non
1772 5329 1914 5393 stet

371 5463 542 5514 cum
586 5439 893 5533 haeresi,
939 5440 1056 5514 vel
1101 5439 1162 5512 si
1206 5449 1349 5513 stet
1389 5463 1558 5512 cum
1606 5436 1911 5529 heeresi,

377 5566 759 5654 oporteret
801 5558 1026 5632 talem
1069 5556 1282 5656 prius
1324 5555 1683 5630 habuisse
1744 5556 1915 5652 plu-

375 5696 498 5749 res
537 5673 729 5750 fides
771 5674 1090 5767 infusaS,
1132 5683 1212 5747 ut
1256 5681 1388 5767 tot,
1425 5681 1610 5771 quot
1650 5672 1921 5746 articu-

3447 457 3576 526 435

2031 636 2123 710 lis
2182 635 2528 729 credidit,
2583 636 3106 733 quodfalsum
3175 642 3343 726 est3
3386 655 3573 728 ergo

2030 753 2202 827 talis
2262 776 2528 827 errans
2583 754 2784 828 circa
2843 776 3089 828 unum
3130 751 3569 844 articulum,

2028 879 2101 945 et
2140 871 2462 946 credens
2503 870 2699 958 aliis,
2747 871 2982 946 credit
3047 870 3197 943 illis
3257 867 3407 942 fide
3459 890 3575 942 ac-

2028 988 2350 1086 quisita3
2402 992 2601 1065 hanc
2660 999 2913 1065 autem
2966 1013 3123 1063 non
3165 988 3575 1086 acquisivit

2026 1129 2164 1203 pro
2233 1106 2575 1197 instanti,
2640 1130 2775 1205 pro
2837 1130 2990 1204 quo
3032 1106 3315 1181 erravit
3371 1105 3575 1179 circa

2031 1247 2268 1297 unum
2335 1224 2770 1312 articulum,
2819 1225 3001 1323 quia
3062 1222 3382 1298 haeresis
3441 1222 3575 1297 illa

2025 1363 2180 1412 non
2237 1340 2376 1414 fuit
2434 1340 2832 1439 dispositio
2879 1340 2971 1414 ad
3014 1339 3191 1415 fidei
3242 1363 3573 1436 genera-

2022 1456 2311 1532 tionem
2375 1483 2510 1557 pro
2552 1467 2763 1553 tunc,
2809 1458 2962 1533 imo
3022 1456 3263 1553 magis
3296 1457 3389 1531 ad
3431 1481 3573 1554 op-

2022 1575 2357 1672 positum
2419 1600 2434 1663 ;
2516 1599 2698 1672 ergo
2768 1585 2943 1651 ante
3013 1597 3348 1651 errorem
3428 1576 3573 1649 ha·-

2020 1692 2187 1766 buit
2244 1690 2470 1767 fidem
2534 1692 3019 1790 acquisitam.

2119 1808 2533 1902 Praeterea,
2606 1809 3020 1907 Apostolus
3078 1807 3181 1882 ad
3232 1808 3560 1882 Roman.
3731 1844 3796 1914 5·

2024 1925 2138 1998 10.
2206 1925 2459 2021 arguit
2542 1924 2712 2000 sic:
2794 1923 3184 2015 Quomodo
3259 1923 3575 1999 credent

2020 2044 2113 2128 ei,
2175 2066 2396 2141 quem
2439 2066 2594 2116 non
2626 2041 3112 2117 audierant?
3172 2040 3566 2133 Quomodo

2020 2167 2273 2235 autem
2355 2160 2670 2235 audient
2751 2161 2918 2234 sine
2999 2160 3479 2259 praedicanle
3530 2159 3570 2231 ⁴?

2020 2286 2093 2351 et
2137 2277 2651 2371 concluditur,
2698 2300 2873 2373 erqo
2913 2274 3106 2374 fides
3149 2300 3245 2351 ea:
3274 2277 3567 2364 audita,

2018 2394 2326 2468 auditas
2383 2401 2635 2469 autem
2687 2392 3183 2491 perverbum
3250 2393 3561 2467 Christi.

2019 2509 2168 2584 Sed
2231 2509 2403 2583 talis
2444 2507 2661 2602 fides,
2707 2532 2883 2607 quae
2952 2509 3276 2583 habetur
3306 2532 3396 2583 ex
3438 2532 3569 2584 au·

2018 2629 2180 2704 ditu
2241 2653 2283 2703 a
2337 2630 2803 2727 prredicante
2846 2630 3166 2704 verbum
3202 2629 3369 2723 Dei,
3407 2654 3562 2703 non

2017 2756 2130 2821 est
2170 2745 2360 2820 fides
2403 2747 2687 2849 infusa,
2756 2747 2888 2821 sed
2931 2755 3230 2821 tantum
3294 2747 3565 2846 acqui-

2017 2864 2187 2958 sita,
2234 2864 2413 2962 quia
2453 2888 2609 2938 non
2657 2873 2955 2962 oportet
2984 2866 3211 2939 talem
3254 2864 3565 2939 creden·

2016 2990 2169 3057 tem
2256 3005 2393 3080 per
2458 2981 3082 3085 praedicationem
3162 2983 3254 3058 de
3328 2983 3562 3056 verbo

2015 3099 2184 3194 Dei,
2266 3100 2516 3175 statim
2596 3101 2879 3176 hahere
2956 3101 3201 3176 bonos
3280 3124 3557 3195 moreS,
3593 3153 3829 3204 Ancum
3860 3154 3917 3204 Β,

2017 3218 2201 3318 quia
2257 3219 2569 3316 ponitur
2626 3220 2829 3317 quod
2886 3220 2982 3294 sit
3027 3229 3204 3294 tunc
3259 3220 3335 3293 in
3380 3244 3563 3318 pec-
3591 3215 3910 3331 iffissiffiffir

2016 3345 2184 3409 cato
2240 3336 2568 3430 mortali,
2634 3337 2943 3434 quando
3004 3337 3217 3411 audit
3274 3337 3560 3436 praedi-
3632 3342 3881 3395 charitas.

2015 3463 2346 3546 cantem,
2392 3463 2465 3527 et
2523 3453 2590 3527 ei
2651 3454 3031 3547 assentit,
3104 3453 3295 3530 fides
3350 3455 3554 3529 enim

2014 3569 2270 3644 infusa
2335 3593 2489 3643 non
2558 3569 2988 3644 infunditur
3045 3595 3090 3645 a
3158 3571 3344 3666 DeO,
3409 3573 3558 3648 nisi

2015 3684 2324 3781 quando
2393 3685 2726 3758 charitas
2794 3685 3295 3780 infunditur3
3376 3711 3559 3785 ergo

2015 3801 2188 3875 talis
2250 3800 2477 3875 habet
2534 3799 2763 3875 fidem
2824 3802 3306 3899 acquisitam,
3379 3805 3563 3902 quia

2015 3916 2337 3991 firmiter
2415 3916 2655 3990 credit
2723 3918 3169 4015 praedicanti
3234 3921 3559 3994 verbum

2014 4032 2184 4125 Dei,
2249 4040 2556 4130 propter
2614 4034 2758 4106 hoc
2830 4034 3042 4121 sorte,
3106 4034 3288 4131 quia
3356 4035 3562 4109 videt

2017 4147 2387 4222 miracula
2418 4147 2672 4244 ipsum
2723 4150 2996 4241 facere,
3040 4171 3214 4246 quae
3246 4174 3398 4224 non
3434 4176 3562 4248 po-

2016 4273 2162 4339 test
2221 4265 2466 4338 facere
2549 4264 2698 4337 nisi
2758 4264 3035 4341 virtute
3095 4266 3263 4361 Dei,
3327 4290 3554 4363 quem

2015 4383 2157 4459 scit
2190 4406 2340 4456 non
2376 4405 2601 4481 posse
2644 4381 2920 4480 decipi,
2968 4407 3111 4458 nec
3163 4387 3362 4460 velle
3417 4386 3563 4460 fal-

2015 4503 2173 4575 lere
2225 4523 2361 4597 per
2421 4498 2864 4596 hujusmodi
2926 4500 3359 4596 miracula;
3425 4504 3562 4577 ha-

2017 4618 2145 4693 het
2226 4615 2399 4690 talis
2495 4615 2723 4692 fidem
2840 4619 3290 4717 acquisitam
3386 4646 3561 4720 quae

2018 4734 2386 4834 praecedit
2443 4735 2921 4830 charitatem,
2981 4748 3054 4812 et
3124 4749 3303 4814 tunc
3374 4742 3561 4815 forte

2021 4851 2144 4924 hic
2188 4852 2418 4925 habet
2447 4854 2919 4928 voluntatem
2969 4857 3361 4945 peccandi.

2118 4971 2227 5042 Ex
2278 4968 2398 5042 his
2458 4971 2806 5068 sequitur
2846 4972 3181 5048 notabile
3241 4977 3567 5051 corolla-
3722 5022 3761 5088 6

2022 5085 2252 5179 rium,
2344 5087 2547 5183 quod
2646 5098 2956 5186 propter
3037 5090 3563 5168 credulitatem
3597 5074 3887 5184 riqep'ac-

2021 5198 2518 5273 articulorum
2562 5202 3104 5296 revelatorum,
3151 5226 3305 5301 qua
3337 5207 3565 5279 homo
3595 5178 3918 5307 quiissssi'igssr‘

2024 5311 2343 5389 firmiter
2400 5316 2638 5391 credit
2696 5341 2964 5392 omnes
3022 5320 3379 5395 articulos
3449 5347 3567 5398 rc·
3596 5300 3891 5421 25³3ssssssssss

2024 5432 2343 5525 velatos,
2414 5458 2565 5507 non
2640 5443 2938 5531 oportet
2994 5459 3279 5532 ponere
3336 5437 3565 5514 fidem
3642 5416 3882 5535 εξξξξξξξξζ,

2024 5548 2388 5624 infusam.
2438 5551 2623 5626 Haec
2691 5560 2947 5626 autem
3011 5551 3202 5628 fides
3256 5579 3408 5628 non
3456 5567 3569 5631 est

2029 5668 2322 5765 opinio,
2395 5670 2526 5744 sed
2586 5679 2699 5745 est
2766 5669 3069 5764 certior,
3141 5672 3324 5770 quia
3394 5697 3570 5749 cum
