4295 6326
1506 448 1735 519 DIST.
1787 447 1910 517 III.
1961 446 2380 527 QUAESTIO
2430 448 2516 517 ΙΙ.

388 617 543 692 tizo
585 618 1003 696 innomine
1051 623 1339 710 Patris,
1368 632 1509 698 etc.
1558 623 1653 697 sit
1687 625 1931 698 forma

391 735 622 830 hujus
655 735 1161 834 sacramenti,
1207 750 1339 815 aut
1388 764 1571 837 ergo
1605 750 1719 815 est
1759 763 1929 838 pro·

280 929 298 947 ,
389 852 664 950 positio
695 879 906 949 vera,
930 867 1061 931 aut
1102 858 1656 957 estpropositio
1698 859 1921 950 falsa3

48 3221 336 3276 Tertium.

21 4499 353 4560 Quartum.

18 5175 362 5240 Quintum.

38 5541 346 5593 Sextum·

388 994 540 1043 non
577 971 1035 1069 inquantum
1098 985 1213 1051 est
1249 976 1669 1074 propositio
1704 976 1922 1067 falsa,

3453 449 3584 516 577

2036 624 2118 697 in
2184 625 2496 701 nomine
2587 627 3010 713 Trinitatis,
3068 625 3196 701 vel
3268 624 3575 708 Christi,

2031 764 2121 812 sn
2224 741 2350 814 cit.

2123 738 2348 958 ἐξεφ,
2411 860 2759 933 Ambros.
2822 860 2952 934 lib.
3030 860 3094 931 1.
3143 859 3234 933 de
3277 857 3566 956 Spiritu
3605 845 3900 910 Septimum

2033 981 2325 1065 sanctO,
2368 972 2664 1070 sufficit
2699 1000 2934 1050 unam
2980 999 3396 1074 personam
3431 998 3572 1049 ea:-

386 1087 568 1183 quia
624 1098 809 1162 tunc
856 1115 1009 1164 non
1071 1102 1273 1166 esset
1339 1092 1925 1166 Sacramentum
2019 1089 2392 1185 primere,
2461 1091 2641 1165 dum
2744 1092 2895 1167 alia
2988 1093 3105 1190 pie
3182 1091 3570 1187 intelliga-

382 1204 753 1298 veritatis,
800 1208 1006 1303 quod
1049 1217 1163 1282 est
1206 1208 1675 1307 impossibile
1719 1235 1737 1301 3
1784 1230 1925 1282 nec

383 1321 842 1417 inquantum
887 1347 1094 1413 vera,
1142 1325 1323 1421 quia
1354 1348 1506 1397 non
1539 1333 1652 1398 est
1685 1324 1927 1397 forma

383 1437 761 1533 posterior
835 1462 925 1513 eo
1004 1440 1226 1537 cujus
1280 1450 1393 1514 est
1453 1440 1723 1531 forma,
1791 1439 1925 1514 sed

382 1552 615 1650 prior,
651 1553 720 1625 7.
756 1554 1101 1651 ΜείαρΙι.
1131 1561 1314 1629 teoet.
1354 1556 1423 1626 7.
1458 1555 1605 1629 Sed
1643 1556 1923 1628 veritas

382 1666 603 1742 istius
680 1670 1227 1766 propositionis
1267 1694 1400 1766 eqo
1461 1677 1531 1744 te
1585 1668 1919 1766 baptiza,

382 1793 522 1859 etc.
580 1795 693 1859 est
750 1787 1129 1883 posterior
1167 1787 1591 1883 prolatione
1666 1788 1927 1861 verbo-

387 1927 556 1976 rum
598 1901 949 1992 istorum,
1001 1904 1184 2001 quia
1255 1913 1428 1979 ante
1491 1903 1723 1978 finem
1764 1928 1928 1979 ver-

386 2021 659 2095 borum
711 2045 866 2095 non
925 2021 1192 2120 incipit
1234 2021 1409 2119 quis
1466 2022 1928 2096 Sacramen-

388 2151 578 2234 tum,
628 2164 770 2216 nec
825 2141 1170 2216 minister
1209 2142 1362 2234 dat,
1408 2150 1627 2216 etest
1683 2151 1929 2239 poste·

388 2259 542 2334 rior
594 2259 762 2356 ipso
832 2259 1355 2351 Sacramento,
1425 2258 1609 2355 quia
1674 2258 1927 2354 signat

388 2373 867 2472 Baptismum
902 2373 1092 2461 dari,
1139 2383 1213 2448 et
1254 2396 1391 2471 per
1435 2396 1928 2470 consequens

388 2489 481 2564 ab
524 2489 654 2565 illo
690 2489 920 2564 habet
948 2513 1166 2564 suam
1195 2489 1555 2563 virtutem
1626 2499 1698 2564 et
1739 2489 1930 2563 veri-

391 2615 645 2692 tatem,
707 2606 891 2703 quia
940 2605 1359 2704 propositio
1421 2615 1536 2680 est
1600 2628 1786 2679 vera
1833 2606 1928 2679 ab

391 2749 549 2799 esse
580 2724 719 2818 rei,
756 2724 939 2822 quia
970 2748 1067 2797 eoe
1134 2746 1218 2797 eo
1246 2722 1452 2820 quod
1478 2746 1597 2796 res
1642 2729 1771 2806 est,
1811 2720 1938 2796 vel

390 2868 545 2918 non
578 2849 711 2935 est,
749 2852 891 2916 etc.
940 2841 1017 2914 in
1045 2840 1715 2926 Praedicamentis3
1750 2863 1932 2936 ergo

392 2959 675 3034 veritas
752 2957 919 3053 ejus
996 2956 1344 3054 sequitur
1420 2955 1930 3053 Baptismum,

399 3099 628 3175 quem
660 3073 914 3169 signat
946 3072 1299 3147 conferri.

501 3190 716 3281 Item,
808 3209 943 3284 per
1009 3186 1332 3260 verbum
1447 3185 1716 3282 primae
1776 3207 1937 3281 per-

403 3305 880 3400 sonae'fdatur
937 3302 1260 3398 intelligi
1295 3325 1625 3399 persona
1691 3302 1942 3376 deter-

406 3423 715 3508 minata,
759 3420 942 3517 quia
968 3419 1540 3493 demonstratur
1579 3441 1937 3516 persona,

402 3548 484 3613 ut
579 3538 745 3612 vult
856 3534 1300 3609 Priscianus
1393 3559 1408 3620 ;
1520 3558 1703 3630 ergo
1824 3558 1947 3608 su-

403 3654 714 3756 perssuit
790 3655 933 3727 hoc
1019 3675 1445 3750 pronomen
1516 3675 1677 3749 eqo,
1780 3651 1944 3724 Hoc

404 3772 903 3849 confirmatur
989 3793 1124 3867 per
1187 3768 1666 3843 Bet-nardum
1737 3769 1948 3841 Glos-

405 3897 734 3965 satorem
768 3887 850 3960 in
882 3885 1129 3982 capsi
1163 3883 1460 3982 quis,de
1483 3883 1950 3980 Baptism.et

406 4008 570 4105 ejas
630 4001 927 4101 effectu,
984 4001 1115 4098 qui
1184 4002 1458 4098 probat
1515 4000 1722 4097 quod
1790 4024 1944 4073 non

408 4135 522 4199 est
574 4145 887 4197 necesse
953 4120 1048 4194 ad
1088 4118 1485 4193 veritatem
1522 4117 1754 4215 hujus
1823 4117 1951 4192 Sa-

409 4239 775 4317 cramenti
820 4236 1246 4336 exprimere
1315 4237 1463 4309 hoc
1520 4257 1944 4331 pronomen

411 4382 576 4455 eqo.
1520 4452 1531 4462 β

510 4477 725 4567 Item,
816 4469 1062 4546 Graeci
1140 4492 1321 4545 vere
1379 4468 1797 4567 baptizant,
1879 4478 1952 4544 εἰ

412 4589 771 4690 baptizati
821 4588 914 4663 ab
957 4587 1067 4663 eis
1098 4586 1407 4685 quando
1466 4586 1792 4661 veniunt
1859 4587 1952 4660 ad

416 4735 557 4786 nos
617 4731 769 4782 non
839 4702 1407 4801 rebaptizantur
1443 4727 1458 4788 ;
1497 4727 1650 4776 non
1695 4712 1953 4776 autem

416 4833 725 4903 servant
765 4831 1104 4895 nostram
1151 4821 1501 4911 formam,
1556 4820 1686 4895 sed
1725 4820 1950 4908 hanc,

417 4945 850 5043 baptizetur
886 4963 1151 5014 servus
1198 4938 1487 5011 Christi
1524 4938 1602 5011 in
1646 4938 1958 5011 nomine

415 5063 681 5138 Patris
737 5056 1022 5133 etFilii
1051 5063 1122 5129 et
1158 5054 1504 5151 Spiritus
1533 5055 1805 5129 sancti.

522 5179 731 5261 ltem,
795 5195 1082 5247 vanum
1124 5180 1240 5244 est
1296 5169 1625 5265 dirigere
1681 5194 1963 5244 sermo-

420 5318 594 5369 nem
664 5292 755 5366 ad
827 5313 980 5363 non
1042 5286 1657 5380 intelligentem3
1733 5285 1963 5379 igitur

421 5437 572 5487 non
605 5415 904 5508 oportet
934 5404 1186 5477 dicere
1226 5410 1321 5476 te.

520 5531 735 5608 Item,
787 5524 879 5598 de
924 5542 1257 5594 consecr.
1306 5519 1479 5593 dist.
1518 5519 1585 5591 4.
1647 5545 1709 5593 c.
1775 5542 1965 5617 qao-

2032 1215 2181 1277 tur.

2129 1321 2344 1409 Item,
2375 1328 2593 1395 eastra
2623 1322 2715 1396 de
2747 1346 3080 1397 consecr.
3118 1323 3291 1397 dist.
3330 1324 3399 1395 4.
3430 1324 3570 1397 Re·
3600 1341 3883 1393 octavum.

2029 1440 2374 1512 tulerunt
2410 1462 2424 1512 :
2484 1438 2583 1512 Si
2619 1440 2922 1514 dicatur
2960 1441 3040 1514 in
3081 1442 3392 1515 nomine
3421 1441 3573 1515 Pa-

2029 1556 2197 1648 tris,
2235 1554 2694 1652 baptizatur.

2127 1673 2343 1758 item,
2390 1674 2714 1769 August.
2752 1674 2822 1746 5.
2863 1674 2955 1748 de
2985 1674 3252 1747 Trinit.
3291 1699 3458 1774 cap.
3493 1676 3564 1747 7.
3645 1676 3876 1727 Nonum.

2027 1789 2246 1864 Idem
2275 1797 2387 1865 est
2403 1797 2709 1887 patrem
2738 1816 2922 1885 esse,
2961 1799 3036 1866 et
3086 1794 3514 1890 qenitorem
3549 1824 3565 1883 ;

2030 1908 2262 2004 igitur
2289 1907 2572 1982 sufficit
2612 1909 2865 1984 dicere
2906 1912 2989 1984 in
3021 1911 3336 1985 nomine
3363 1911 3576 2008 qeni-

2027 2024 2241 2097 toris.

2125 2143 2407 2216 Contra
2437 2151 2649 2218 extra
2699 2144 2791 2218 de
2855 2145 3245 2243 Baptismo
3292 2155 3367 2221 et
3405 2145 3573 2242 ejus
3642 2194 3793 2246 Ratio
3815 2192 3883 2242 „d

2032 2258 2303 2333 effectu
2360 2282 2425 2333 c.
2524 2260 2589 2332 1.
2706 2260 2805 2334 Si
2862 2263 3030 2358 quis
3076 2285 3408 2360 pueram
3459 2268 3574 2335 ter
3650 2254 3865 2322 opposi-

2034 2375 2521 2469 immerserit,
2583 2382 2656 2449 et
2680 2376 2875 2451 lianc
2922 2388 3258 2470 sormam
3309 2376 3573 2452 verbo·
3695 2326 3827 2372 mm·

2033 2516 2205 2564 ram
2236 2516 2392 2566 non
2432 2494 2780 2577 tenuerit,
2836 2518 2970 2589 eqo
3030 2501 3100 2568 te
3156 2493 3460 2592 baptizo
3494 2495 3578 2568 in

2033 2608 2346 2682 nomine
2374 2609 2666 2702 Patris,
2711 2618 2853 2683 etc.
2889 2609 3098 2684 nihil
3118 2608 3232 2705 fit.

2593 2833 2952 2891 SCHOLIUM
2994 2838 3038 2887 1.

2111 2980 2370 3038 Primum
2403 2980 2622 3037 dictum
2656 2997 2759 3053 pro
2793 2981 2900 3037 hac
2928 2980 3125 3036 littera
3178 2995 3191 3037 :
3239 2981 3432 3036 Forma
3481 2980 3577 3035 in·

2037 3075 2287 3144 sormam
2319 3072 2483 3141 liujus
2541 3070 2887 3126 Sacramenta·
2932 3080 3008 3125 est
3062 3070 3270 3126 relatio
3325 3071 3584 3140 rationis,

2041 3163 2201 3236 cujus
2250 3165 2688 3235 fundamentum
2743 3172 2795 3218 et
2867 3162 3121 3230 materia,
3195 3160 3589 3234 complectitur

2042 3253 2404 3320 ablutionem,
2455 3270 2683 3323 aquam,
2745 3253 2927 3318 verba,
2976 3251 3306 3308 Ministrum.
3365 3256 3588 3308 Secun-

2045 3345 2184 3401 dum
2218 3361 2231 3398 τ
2269 3344 2435 3399 Verba
2467 3343 2574 3398 itta
2601 3352 2730 3397 sunt
2760 3343 2965 3411 forma,
2997 3341 3054 3396 id
3083 3351 3183 3407 est,
3231 3358 3367 3413 pars
3409 3345 3594 3398 actua·

2048 3436 2157 3491 lior·
2204 3434 2555 3503 fundamenti
2590 3434 3210 3504 lormae‘insormantis.
3264 3432 3524 3489 Tertium
3575 3448 3590 3488 ε

2050 3530 2185 3581 Haec
2205 3526 2387 3595 forma
2406 3529 2488 3577 est
2536 3522 2873 3578 observanda
2922 3524 3022 3578 sub
3071 3539 3234 3594 poena
3287 3524 3489 3594 peccati
3531 3524 3597 3578 in

2049 3615 2306 3670 ministro
2336 3613 2641 3678 ordinario,
2665 3615 2796 3684 quia
2826 3613 2972 3668 hunc
3018 3629 3126 3669 non
3171 3623 3396 3669 eaecusat
3439 3614 3595 3684 iyno·

2049 3705 2263 3769 mutia,
2296 3719 2404 3775 qua
2432 3702 2648 3774 aliquis
2678 3702 2920 3773 atiusssin
2952 3703 3274 3758 necessitate
3315 3703 3600 3775 baptizans

2050 3800 2308 3852 excusari
2334 3798 2528 3865 posset.
2580 3793 2862 3856 Quartum
2900 3809 2913 3847 ε
2969 3791 3431 3863 Quadrupliaez'ter
3477 3809 3600 3848 con·

2053 3883 2220 3951 tinyit
2251 3885 2468 3938 mutari
2496 3887 2733 3951 sormam
2791 3882 3077 3938 verborum
3125 3882 3422 3938 secundum
3470 3885 3600 3937 sub-

2051 3970 2335 4038 stantiam,
2371 3973 2759 4043 quantitatem,
2787 3971 3135 4042 qualitatem,
3173 3971 3289 4040 ubi,
3319 3976 3377 4026 et
3426 3970 3602 4041 expli-

2053 4066 2146 4117 cat
2177 4063 2352 4129 clare,
2387 4061 2698 4132 quomodo,

2151 4238 2265 4311 Ad
2306 4236 2811 4334 quaestionem
2857 4235 3023 4310 dico
3066 4236 3271 4332 quod
3316 4236 3600 4333 'possu-
3761 4261 3827 4325 2,

2057 4375 2232 4426 mus
2266 4351 2472 4448 loqui
2507 4351 2598 4425 de
2627 4351 2870 4424 forma
2900 4350 3229 4447 alicujus
3262 4352 3592 4449 proprie,
3627 4380 3821 4429 Forma
3850 4375 3948 4446 sq·

2058 4469 2180 4544 vel
2221 4467 2735 4567 appropriate.
2776 4467 2855 4540 Si
2907 4467 3242 4564 proprie,
3279 4469 3388 4542 sic
3429 4468 3597 4543 dico
3628 4443 3953 4575 ῑζζὲῗῶξξέο

2059 4584 2265 4681 quod
2299 4582 2910 4680 uniuscujusque
2967 4581 3209 4656 forma
3239 4592 3350 4657 est
3410 4583 3601 4658 illud
3631 4570 3956 4679 {ignilssms'e

2059 4725 2289 4799 aquo
2343 4701 2853 4776 essentialiter
2910 4711 2983 4775 et
3042 4702 3461 4776 formaliter
3491 4714 3605 4778 est
3651 4695 3940 4819 ξαῖῗξξυῗ

2061 4819 2166 4912 id,
2203 4819 2409 4916 quod
2433 4828 2569 4904 est,
2610 4828 2693 4891 ut
2733 4817 3013 4915 aliquis
3054 4827 3169 4892 est
3208 4820 3429 4894 albus
3471 4845 3607 4918 per
3670 4815 3925 4930 gffissssg·

2063 4936 2498 5011 albedinem
2536 4963 2553 5027 3
2601 4945 2675 5009 et
2724 4934 2867 5008 isto
2923 4934 3146 5008 modo
3199 4935 3367 5010 dico
3401 4938 3607 5034 quod

2064 5055 2306 5128 forma
2345 5052 2716 5150 Baptismi
2759 5051 2821 5124 si
2855 5052 3166 5149 propria
3205 5063 3344 5146 est,
3400 5055 3605 5151 quod

2064 5171 2162 5246 sit
2203 5170 2558 5267 quaedam
2620 5168 2887 5242 relatio
2945 5168 3292 5262 rationiS,
3360 5180 3441 5243 ut
3499 5171 3608 5244 si-

2066 5310 2307 5383 gnum
2341 5283 2610 5359 efficax
2650 5283 3026 5358 veraciter
3068 5282 3608 5360 demonstrans

2070 5414 2142 5478 et
2176 5403 2493 5499 signans
2527 5401 2997 5476 ablutionem
3044 5400 3326 5475 animae
3368 5425 3411 5475 a
3442 5427 3612 5500 pec-

2073 5529 2269 5612 catO,
2320 5529 2678 5617 tanquam
2715 5540 2942 5591 suum
2988 5517 3379 5613 proprium
3441 5544 3613 5593 cor-

426 5648 633 5737 dam,
672 5641 950 5715 dicitur
1006 5635 1144 5709 :Si
1177 5635 1503 5708 Judaeas
1545 5634 1969 5732 baptizavit
2075 5636 2477 5710 relativum
2531 5643 2604 5709 et
2643 5634 3026 5728 signatum
3066 5660 3083 5726 3
3123 5656 3297 5730 quae
3347 5638 3612 5712 relatio

642 5785 783 5838 Tou.
824 5779 1018 5836 xxm.

3292 5783 3359 5835 37
