4295 6326
33 658 46 809 ε-ὟΑ-ῢῖῂᾪ-
33 608 46 633 ’ἱ
35 562 44 581 ἏΔ
39 504 46 545 aun-

294 618 374 671 Ad
400 631 595 670 necun-

384 681 527 733 dum.

293 744 457 795 Aliud
501 743 618 795 die-

290 806 492 858 crimen
522 806 614 857 in-

288 876 376 920 ter
419 883 599 934 peeca-

309 936 422 983 tum
451 946 587 982 mor·

290 996 394 1046 tale
435 999 489 1045 et
522 1010 615 1048 ve-

379 1057 541 1109 niala.

651 410 775 478 102

745 589 859 663 Ad
918 590 1154 679 aliud,
1219 602 1381 667 esto
1432 592 1638 691 quod
1710 600 2192 688 assumptum

649 702 746 776 sit
802 727 1100 799 verum,
1166 707 1371 804 quod
1450 730 1606 780 non
1714 704 1955 803 possit
2023 726 2192 779 esse

648 818 1124 897 deordinatio
1165 823 1240 895 in
1286 846 1548 915 sensu,
1579 823 1702 897 vel
1736 820 2033 895 viribus
2071 821 2193 893 in-

646 935 1079 1026 ferioribuS,
1136 938 1283 1013 nisi
1371 938 1468 1012 sit
1553 937 1816 1034 aliqua
1900 936 2195 1011 deordi-

646 1048 854 1123 natio
923 1050 1002 1123 in
1061 1052 1412 1149 portione
1467 1049 1874 1148 superiori,
1939 1048 2191 1123 adhuc

645 1190 801 1240 non
870 1169 1219 1266 sequitur
1285 1168 1501 1266 quin,
1574 1177 1821 1242 stante
1893 1167 2193 1262 justitia

643 1285 1029 1382 originali,
1066 1285 1306 1385 possit
1374 1308 1694 1384 peccare
1752 1284 2187 1378 venialiter,

643 1401 827 1499 quia
885 1426 1039 1476 non
1090 1402 1460 1500 quaelibet
1548 1399 2028 1476 deordinatio
2109 1398 2189 1470 in

643 1518 1021 1614 superiori
1080 1518 1433 1618 portione
1466 1516 1784 1591 rationis
1844 1526 1960 1591 est
2015 1538 2194 1615 pec-

644 1643 898 1708 catum
977 1635 1325 1709 mortale.
1385 1634 1556 1708 Non
1628 1632 1832 1707 enim
1915 1631 2192 1706 distin-

645 1759 992 1847 guuntur
1021 1750 1327 1825 veniale
1359 1759 1434 1825 et
1475 1746 1796 1823 mortale
1827 1749 2074 1822 solum
2110 1748 2188 1821 in

647 1869 820 1961 hoc,
857 1868 1062 1965 quod
1134 1869 1452 1942 mortale
1529 1876 1646 1941 est
1728 1874 2026 1940 tantum
2113 1865 2191 1937 in

648 1982 1027 2081 superiori
1076 1983 1457 2082 portione,
1508 1982 1812 2056 veniale
1860 1982 1937 2055 in
1997 1981 2194 2057 infe-

648 2096 859 2191 riori,
894 2098 1028 2173 sed
1060 2097 1246 2196 quia
1284 2107 1679 2196 peccatum
1717 2097 1920 2171 circa
1966 2105 2197 2171 aeter-

649 2237 751 2289 na
790 2238 944 2289 non
979 2224 1226 2314 potest
1264 2239 1462 2309 esse,
1507 2214 1655 2288 nisi
1686 2214 1764 2288 in
1815 2214 2194 2312 superiori

650 2331 1030 2429 portione,
1094 2341 1169 2409 et
1247 2332 1423 2407 licet
1516 2333 1952 2429 frequenter
2022 2331 2195 2407 talis

653 2448 1132 2524 deordinatio
1187 2449 1283 2524 sit
1375 2459 1768 2547 peccatum
1847 2449 2190 2541 mortale,

652 2588 807 2638 non
841 2576 1097 2641 tamen
1123 2589 1453 2664 semper.
1495 2566 1755 2641 Potest
1784 2564 1990 2639 enim
2024 2587 2193 2640 esse

649 2691 902 2757 motus
948 2684 1139 2758 levis
1215 2691 1289 2758 et
1342 2684 1670 2778 subituS,
1717 2683 1966 2758 Deum
2037 2707 2191 2756 non

645 2821 813 2872 esse
872 2798 1158 2873 trinum
1217 2809 1306 2874 et⁴
1342 2824 1615 2893 unum,
1675 2807 1749 2874 et
1811 2797 2191 2873 haesitatio

644 2913 899 2988 subita
939 2915 1029 2989 de
1066 2915 1195 2989 tali
1238 2917 1561 2991 articulo
1585 2914 1825 3008 Fidei,
1861 2925 1933 2988 et
1988 2937 2193 2987 nun-

646 3052 877 3127 quam
928 3040 1186 3128 posset
1242 3030 1408 3107 fieri
1469 3031 1618 3104 nisi
1670 3030 1747 3102 in
1809 3028 2192 3128 superiori

2059 413 2298 483 LIBRI
2347 414 2431 484 11.

2306 590 2689 688 portione,
2734 597 2809 664 et
2856 597 3112 662 tamen
3175 584 3368 659 illud
3410 606 3564 657 non
3619 581 3851 656 habet

2304 707 2678 782 rationem
2713 706 3001 804 peccati
3046 704 3413 780 mortalis.

2398 825 2511 899 Ad
2569 824 2895 923 primam
2956 824 3330 898 rationem
3381 821 3475 897 ad
3534 817 3843 917 opposi-
3999 814 4056 880 5·

2306 952 2462 1016 tum
2475 950 2708 1038 ,patet
2734 964 2870 1038 per
2890 938 3333 1037 dicta,quod
3354 936 3654 1012 veniale
3681 955 3833 1007 non
3870 924 4186 1051 ssgggffssd

2303 1068 2417 1132 est
2439 1065 2705 1130 contra
2730 1054 3267 1130 rectitudinem
3302 1050 3621 1127 rationis
3652 1049 3843 1124 sim·
3928 1053 4156 1115 opposit-

2303 1171 2629 1271 pliciter,
2673 1171 2806 1245 sed
2862 1172 3111 1244 solum
3154 1167 3581 1243 secundum
3624 1163 3836 1263 quid,

2303 1315 2446 1367 nec
2477 1299 2775 1390 oportet
2821 1289 3155 1389 primum
3215 1295 3612 1387 peccatum
3657 1283 3843 1359 Adae

2302 1430 2794 1506 corrumpere
2817 1407 3194 1505 justitiam
3227 1404 3711 1502 originalem.

2399 1525 2508 1599 Ad
2552 1525 2786 1614 aliud,
2833 1531 3081 1622 potest
3114 1522 3263 1596 dici
3296 1520 3503 1620 quod
3532 1525 3842 1617 peccato
3903 1539 4182 1617 Peqcatum

2300 1640 2586 1715 veniali
2630 1664 2767 1739 per
2805 1664 2887 1715 se
2918 1639 3336 1736 loquendo,
3381 1660 3536 1711 non
3578 1605 4202 1738 debea-l'q²r¹1¹¹3¹3³22.⁰{

2305 1764 2428 1828 tur
2467 1755 2729 1854 aliqua
2767 1778 3025 1853 poena,
3071 1753 3204 1829 sed
3247 1755 3500 1827 fervor
3565 1751 3645 1824 in
3723 1750 3853 1825 ali·
3882 1743 3998 1781 ⁸¹⁰⁰
4020 1744 4201 1795 poena.

2305 1895 2458 1969 quo
2509 1871 2712 1945 bono
2766 1870 3131 1968 actu,qui
3195 1869 3386 1945 alias
3443 1891 3599 1943 non
3651 1876 3854 1943 esset

2305 1987 2636 2080 debituS,
2690 1997 2761 2062 et
2820 1987 2993 2062 ideo
3049 1986 3111 2060 si
3162 1993 3550 2084 peccasset
3601 1984 3854 2059 decies

2305 2102 2730 2191 venialiter,
2776 2102 3027 2177 adhuc
3103 2110 3361 2200 posset
3430 2100 3595 2175 sine
3628 2123 3857 2198 poena

2307 2242 2478 2293 cum
2513 2219 2811 2293 fervore
2842 2219 2917 2292 in
2963 2219 3164 2293 bono
3211 2227 3385 2292 actu
3439 2216 3629 2290 illud
3689 2239 3857 2314 pec-

2306 2344 2560 2410 catum
2593 2333 3022 2409 delere.Vel
3046 2343 3208 2409 esto
3240 2332 3445 2430 quod
3475 2356 3705 2430 poena
3735 2331 3856 2406 de-

2304 2450 2579 2526 beatur
2609 2473 2748 2548 pro
2790 2450 3000 2523 omni
3036 2459 3376 2548 peccato,
3415 2473 3569 2523 non
3599 2457 3848 2524 tamen

2304 2567 2570 2642 fuisset
2597 2590 2800 2641 mors
2832 2590 3058 2665 poena
3084 2567 3341 2642 debita
3370 2590 3508 2675 pro
3541 2565 3852 2659 veniali,

2304 2685 2435 2758 sed
2479 2685 2728 2757 solum
2773 2708 2911 2781 pro
2975 2683 3298 2757 mortali.
3374 2684 3552 2757 Ideo
3607 2690 3855 2756 stante

2304 2799 2768 2884 innocentia,
2846 2799 3223 2897 potuisset
3307 2799 3566 2896 aliqua
3629 2822 3859 2897 poena

2304 2916 2455 2990 alia
2493 2938 2725 3013 quam
2769 2940 2976 2990 mors
3007 2916 3153 2990 sibi
3199 2915 3471 3011 infligi,
3513 2925 3594 2988 ut
3624 2914 3856 2988 disci-

2306 3033 2672 3130 plina,vel
2704 3033 2972 3131 aliqua
3002 3033 3153 3108 alia
3183 3056 3413 3131 poena
3430 3030 3849 3107 sufficiens.
