4295 6326
1406 471 1633 539 DIST.
1685 470 1911 538 XXX.
1965 466 2383 547 QUAESTlo
2437 463 2671 534 UNlC.

471 668 705 719 sensu
740 644 1125 743 opposito,
1169 655 1345 720 tunc
1382 649 1585 721 valet
1627 669 1717 721 ex
1785 669 2016 744 oppo-

469 764 617 837 sita
691 762 985 837 ratione
1046 763 1325 839 inferre
1407 765 1844 863 oppositum
1933 766 2007 838 in

472 891 1020 978 consequente.

570 998 682 1071 Ad
716 998 1247 1096 probationem
1316 1001 1407 1074 de
1475 1002 1737 1077 decem
1815 1027 2013 1101 prae-

475 1114 742 1213 ceptis,
789 1116 1067 1190 dicitur
1098 1117 1301 1214 quod
1334 1142 1485 1191 non
1523 1128 1876 1194 tenemur
1920 1121 2012 1196 de

474 1233 1078 1331 communilege
1120 1235 1266 1309 nisi
1337 1237 1424 1310 ad
1497 1236 1761 1311 decem
1830 1262 2017 1335 prae-

475 1362 722 1450 cepta,
783 1361 855 1427 et
912 1360 1383 1450 praeceptum
1454 1354 1545 1428 de
1606 1355 2013 1430 dilectione

420 1478 431 1491 ‘
476 1467 965 1542 inimicorum
1031 1479 1320 1567 spectat
1383 1471 1478 1545 ad
1534 1471 1724 1548 illud
1771 1496 1786 1546 :
1831 1471 2016 1548 Non

476 1584 810 1679 occ-ides3
849 1595 922 1659 et
961 1588 1104 1661 hoc
1160 1587 1616 1684 inquantum
1671 1599 1784 1664 est
1836 1615 2019 1687 pro-

477 1702 833 1794 hibitum,
880 1726 1032 1775 non
1105 1703 1562 1801 inquantum
1635 1704 2019 1780 affirmati-

476 1842 686 1891 vum.
770 1818 1182 1912 Praeterea,
1255 1820 1383 1893 alii
1471 1820 1737 1895 dicunt
1811 1823 2016 1918 quod

475 1932 737 2006 decem
782 1943 1165 2031 praecepta
1207 1934 1516 2008 fuerunt
1548 1936 1890 2034 exposita
1936 1938 2014 2010 in

476 2071 679 2122 nova
757 2050 951 2146 lege,
1016 2058 1089 2124 et
1147 2073 1542 2148 exponens
1599 2053 1862 2127 statuit
1929 2078 2019 2129 ea

475 2162 618 2236 sub
662 2173 1075 2261 praecepte,
1115 2189 1269 2239 non
1302 2176 1559 2240 tamen
1588 2169 1732 2241 hoc
1756 2169 2014 2262 cred0,

474 2278 607 2352 sed
666 2279 866 2354 sicut
917 2279 1106 2357 illud
1172 2306 1187 2356 :
1261 2282 1444 2358 Non
1532 2286 2019 2381 concupisces

471 2421 795 2472 umorem.
888 2399 1234 2494 alterius,
1326 2410 1439 2475 est
1547 2414 2020 2502 praeceptum

478 2537 715 2607 nunc,
753 2514 857 2588 ita
890 2524 961 2590 et
988 2525 1196 2591 tunc.

190 2626 411 2739 ffigff‘·
575 2631 689 2704 Ad
729 2631 966 2725 aliud,
1013 2657 1280 2707 verum
1326 2645 1460 2721 est,
1504 2647 1879 2733 quantum
1926 2636 2019 2712 ad

478 2746 683 2821 hona
714 2748 1167 2845 temporalia
1243 2760 1357 2825 est
1418 2751 1792 2847 mirabile,
1866 2777 2017 2827 non

480 2873 855 2960 quantum
934 2866 1026 2938 ad
1098 2876 1417 2961 aeterna,
1489 2869 1617 2942 sed
1679 2878 2022 2968 tempore

480 2981 959 3056 necessitatis
1018 2982 1111 3057 ad
1182 2986 1327 3059 hoc
1401 2990 1725 3060 tenetur.
1804 2987 2022 3063 Unde

480 3097 1113 3195 distinguendum
1183 3111 1323 3195 est,
1385 3102 1585 3178 sicut
1642 3104 1886 3203 priuS,
1931 3106 2023 3180 de

482 3214 704 3290 bonis
750 3218 1298 3315 temporalibus
1354 3228 1428 3293 et
1503 3222 1812 3296 aeternis
1849 3250 1866 3315 3
1901 3224 2023 3297 vel

482 3333 1112 3431 distinguendum
1147 3348 1257 3411 est
1309 3338 1400 3413 de
1460 3363 1642 3414 casu
1687 3342 2027 3416 necessi-

481 3449 657 3524 tatis
689 3458 764 3524 et
803 3452 1335 3548 congruitatis.

250 3563 356 3630 10.
583 3565 692 3659 Ad
735 3566 973 3661 aliud,
1012 3569 1102 3643 de
1141 3593 1229 3644 eo
1282 3571 1412 3667 qui
1484 3571 1658 3645 fecit
1725 3573 2029 3648 miseri-

128 3679 441 3793 Admaegaqar-
486 3682 826 3758 cordiam
864 3686 1237 3783 proximo,
1282 3688 1632 3764 Christus
1691 3715 2029 3789 proesup-

114 3806 322 3933 &5¹22ss
351 3807 453 3919 ³12¹„
486 3799 703 3897 ponit
732 3824 823 3874 ex
846 3804 1349 3899 responsione
1383 3805 1784 3899 Pharisaei,
1822 3808 2026 3904 quod

133 3932 437 3984 sericordia
488 3915 628 3990 iste
699 3917 829 4014 qui
871 3918 1047 3993 fecit
1106 3921 1737 4016 misericordiam,
1787 3925 2026 3998 habe-

113 3995 433 4109 ”tnffifb
486 4032 617 4106 bat
681 4033 926 4125 illum,
1011 4045 1093 4110 ut
1195 4038 1657 4134 proximum,
1739 4040 2028 4115 scilicet

490 4148 1022 4228 Samaritanus
1051 4154 1629 4248 ,Iudaeumsticet
1660 4157 1790 4231 illa
1824 4158 2029 4231 natio

488 4268 1161 4347 habebatJudaeos
1215 4297 1352 4371 pro
1395 4276 1801 4350 extraneis.
1852 4276 2029 4351 Ideo

3537 459 3666 527 499

2130 654 2317 716 tunc
2384 640 2447 714 si
2502 640 2783 714 habere
2851 636 3078 711 debet
3130 658 3265 733 pro
3320 632 3669 731 proximo

2136 782 2473 849 omnem,
2519 758 2647 855 qui
2693 755 2984 851 indiget
3049 750 3485 826 necessaria
3547 749 3675 821 mi-

2137 876 2958 963 se1·icordiatua,nam
3023 870 3379 966 indigens
3439 865 3676 939 mise-

2139 991 2467 1065 ricordia
2524 999 2639 1063 est
2705 987 3122 1086 proximus,
3164 984 3334 1058 ideo
3402 991 3482 1055 tu
3560 980 3676 1054 fac

2138 1108 2281 1181 sibi
2326 1106 2521 1180 sicut
2588 1105 2728 1179 iste
2805 1104 2932 1178 alii
3001 1099 3400 1197 indigenti.
3457 1097 3676 1171 Unde

2137 1249 2290 1299 non
2333 1248 2426 1299 ex
2465 1225 2630 1298 sola
2704 1222 3203 1320 responsione
3272 1215 3673 1309 Pharisaei,

2136 1343 2269 1417 sed
2304 1366 2392 1417 ex
2426 1344 2571 1415 hoc
2606 1340 2810 1438 quod
2859 1338 3208 1413 Christus
3249 1334 3672 1410 conclusit:

2155 1461 2381 1553 Vade,
2441 1466 2514 1533 et
2557 1458 2685 1556 fac
2734 1456 3122 1549 simililer,
3195 1463 3401 1553 patet
3473 1451 3676 1550 quod

2136 1577 2387 1652 omnis
2501 1575 2858 1670 indigens
2941 1570 3491 1659 misericordia,
3565 1575 3680 1642 est

2136 1694 2559 1791 proximus.

2232 1813 2343 1886 Ad
2386 1809 2621 1903 aliud,
2677 1809 2861 1907 quia
2927 1806 3234 1905 quando
3307 1804 3495 1878 ratio
3565 1812 3680 1877 est
3727 1822 3997 1935 Adtffiin-

2136 1931 2403 2005 eadem
2446 1928 2520 2001 in
2561 1935 2884 2024 utroque
2944 1923 3473 2009 antecedente,
3518 1944 3672 1994 non
3768 1946 3992 2007 Quando

2143 2058 2347 2123 tenet
2378 2050 2591 2121 locus
2631 2071 2676 2119 a
2714 2042 3143 2134 contrariis,
3188 2041 3386 2114 sicut
3416 2037 3678 2136 sequi-
3724 2015 3998 2122 ζξὲᾏοωθῗζ

2141 2176 2286 2259 tur,
2319 2163 2607 2255 album,
2645 2186 2819 2258 erqo
2854 2159 3303 2250 coloratum,
3327 2155 3678 2231 similiter
3707 2140 3997 2258 eossissssffi'off

2136 2282 2513 2380 sequitur,
2594 2280 2902 2377 niqrum
2972 2300 3146 2373 erqo
3223 2273 3672 2361 colondum,
3712 2265 3994 2311 ¹²⁰⁰“ffle‘

2138 2402 2322 2497 quia
2354 2398 2557 2496 quod
2591 2395 3064 2495 estpraecise
3136 2392 3324 2467 ratio
3380 2389 3681 2488 opposi-
3711 2386 4022 2488 ⁰⁰9²‘⁸¹‘³³⁸·

2144 2516 2370 2590 tionis
2439 2515 2514 2587 in
2585 2512 3017 2604 contrariis,
3089 2534 3239 2583 non
3313 2518 3428 2583 est
3485 2507 3679 2582 ratio

2137 2635 2391 2709 omnis
2494 2629 3093 2729 consequentiae,
3194 2627 3327 2701 sed
3430 2626 3680 2699 solum

2138 2752 2448 2848 quando
2481 2749 2672 2824 ratio
2742 2745 3317 2843 consequentiae
3385 2742 3684 2841 opposi-

2140 2871 2329 2945 tioni
2371 2881 2485 2946 est
2551 2869 2927 2967 opposita,
2994 2876 3075 2941 ut
3132 2888 3365 2963 supra
3424 2872 3677 2962 patet3

2144 2989 2344 3063 unde
2387 2983 2942 3084 consequentia
2975 2983 3048 3056 in
3112 2980 3519 3056 contrariis
3566 2989 3684 3054 te-

2139 3115 2296 3199 net,
2358 3104 2665 3203 quando
2761 3102 2951 3176 illud
3011 3100 3216 3198 quod
3286 3106 3401 3173 est
3489 3097 3680 3172 ratio

2140 3220 2717 3319 consequentiae
2785 3219 2860 3292 in
2923 3217 3072 3292 alio
3144 3240 3297 3290 non
3378 3214 3499 3289 sit.
3541 3213 3683 3287 Hic

2140 3351 2396 3415 autem
2430 3349 2544 3413 est
2582 3336 3018 3413 communis
3074 3335 3263 3410 ratio
3325 3330 3683 3407 amicitiae

2140 3459 2217 3531 in
2253 3457 2499 3533 amico
2533 3466 2605 3532 et
2630 3454 2968 3543 inimico,
3005 3452 3188 3550 quia
3225 3461 3544 3547 uterque
3579 3448 3686 3522 di-

2141 3574 2403 3671 ligitur
2444 3582 2755 3672 propter
2786 3573 3061 3646 Deum.

2238 3691 2348 3765 Ad
2384 3691 2770 3782 ultimum,
2808 3687 3215 3763 dicendum
3254 3683 3461 3783 quod
3529 3682 3683 3755 ini·
3712 3686 4027 3738 Adsextum.

2144 3815 2390 3882 micus
2423 3807 2860 3904 diligendus
2928 3815 3041 3880 est
3110 3827 3262 3876 non
3341 3800 3484 3875 sub
3554 3801 3683 3873 illa

2143 3927 2436 4000 ratione
2473 3925 2754 4018 nocivi,
2801 3934 2873 4000 et
2913 3929 3393 4021 repugnante
3455 3928 3686 3992 natu-

2143 4067 2276 4133 rae,
2324 4043 2455 4118 sed
2502 4051 2885 4140 quatenus
2917 4040 3055 4114 Dei
3135 4045 3489 4112 creatura
3540 4045 3682 4128 est,

2143 4168 2218 4234 et
2249 4171 2510 4235 nostro
2546 4159 2836 4256 indiget
2868 4156 3278 4253 adjutoriO,
3315 4165 3682 4251 tanquam

2145 4277 2565 4375 proximus.

3767 2323 3917 2373 locus
3946 2336 3976 2371 a
4075 2363 4082 2371 .
