4295 6326
1556 387 1780 454 DIST.
1832 386 1885 454 Ι.
1941 386 2359 466 QUAESTIO
2409 386 2496 454 11.

405 579 559 629 non
630 554 856 650 inest,
906 556 1037 630 sed
1106 580 1410 655 semper
1475 558 1680 654 quod
1749 557 1946 631 inest

410 683 785 771 quantum
819 683 933 750 est
976 699 1065 750 ex
1098 699 1227 769 se;
1273 685 1344 750 et
1401 675 1573 750 ideo
1642 675 1963 771 signan-

412 799 526 864 ter
555 791 835 865 dicitur
875 790 950 864 in
1023 792 1190 888 ejus
1232 791 1708 886 definitione,
1755 791 1960 889 quod

291 1008 295 1012 β
404 914 697 1006 praeter
722 909 1077 1005 speciem,
1111 933 1338 1006 quam
1390 909 1674 1006 inqerit
1732 908 1964 982 sensi-

212 2908 278 2973 5.

126 3020 354 3073 Diversa

66 3094 400 3156 possuntne-

68 3170 132 3204 ιε
149 3162 311 3212 signa
337 3160 399 3195 ex

67 3216 231 3283 parte
267 3211 384 3281 run·

101 3279 370 3331 damenti.

421 1024 583 1118 bus,
642 1026 787 1098 hoc
819 1024 1156 1120 signum,
1204 1024 1506 1124 aliquid
1530 1024 1752 1099 aliud
1774 1024 1967 1122 facit

420 1148 786 1240 quantum
821 1147 932 1215 est
988 1166 1085 1215 ea:
1147 1165 1227 1215 se
1292 1143 1373 1215 in
1453 1142 1962 1239 coquitz'onem

424 1258 705 1343 venire,
747 1266 820 1332 et
846 1266 959 1333 est
999 1256 1269 1333 efficax
1333 1258 1641 1356 signum
1685 1258 1779 1331 ad
1835 1281 1966 1331 ac-

426 1374 731 1460 tionem,
794 1373 977 1470 quia
1037 1397 1212 1472 quae
1280 1372 1504 1471 signa
1563 1399 1713 1449 non
1787 1382 1968 1448 sunt

422 1491 696 1583 activa,
734 1515 887 1564 non
948 1491 1702 1584 suntSacramenta3
1765 1490 1965 1564 unde

422 1615 797 1703 quantum
840 1615 952 1681 est
993 1630 1085 1680 ex
1129 1630 1240 1699 se,
1305 1615 1419 1682 est
1470 1607 1778 1702 signum
1834 1630 1971 1680 ve-

426 1747 624 1816 rum,
670 1732 744 1797 et
799 1747 954 1796 non
1041 1723 1531 1819 aequivocum
1617 1729 1967 1820 respectu

423 1838 719 1936 gratiae,
757 1839 819 1913 si
863 1838 960 1912 sit
1008 1838 1436 1936 dispositio,
1471 1840 1592 1914 vel
1657 1863 1809 1913 non
1862 1837 1972 1910 in-

425 1953 823 2052 dispositio
880 1954 954 2027 in
1034 1954 1450 2052 recipiente
1527 1954 1973 2029 Sacramen-

422 2081 615 2158 tum,
697 2072 818 2146 vel
890 2070 1091 2146 istud
1200 2070 1538 2167 signum.
1615 2072 1774 2146 Nec
1860 2080 1973 2145 est

428 2188 657 2264 etiam
719 2186 1030 2284 signum
1083 2188 1791 2282 rememorativum,
1850 2189 1971 2261 vel

427 2304 1038 2404 prognosticum,
1069 2303 1253 2403 quia
1313 2305 1443 2380 illa
1503 2315 1684 2381 sunt
1736 2329 1976 2403 quan-

428 2434 586 2500 tum
633 2412 890 2499 est‘ex
923 2447 1031 2513 se,
1069 2422 1234 2497 sine
1287 2422 1445 2513 illo,
1493 2424 1697 2521 quod
1731 2423 1977 2520 signi-

430 2547 684 2626 ficant,
737 2541 1126 2637 signatum
1188 2539 1589 2640 utriusque
1637 2552 1751 2616 est
1819 2565 1974 2614 non

432 2682 596 2750 ene,
625 2658 759 2732 sed
793 2665 907 2731 est
937 2656 1246 2754 signum
1282 2657 1970 2733 demonstrativum

432 2785 808 2873 quantum
843 2774 935 2849 ad
969 2775 1310 2849 tertium.

529 2896 918 2982 Quantum
960 2894 1189 2969 etiam
1252 2895 1346 2969 ad
1425 2919 1650 2970 suum
1718 2895 1981 2968 funda-

438 3021 808 3104 mentum,
846 3019 1093 3108 potest
1160 3010 1469 3107 signum
1538 3011 1980 3109 multiplici-

437 3140 549 3206 ter
587 3127 852 3202 dividi.
899 3127 1158 3203 Potest
1212 3126 1417 3201 enim
1474 3129 1619 3202 hoc
1669 3127 1977 3224 signum

437 3247 731 3323 institui
765 3247 838 3319 in
896 3270 1049 3320 uno
1118 3245 1464 3321 sensibili
1525 3246 1758 3321 unius
1798 3271 1981 3322 sen-

435 3390 595 3460 suS,
634 3364 821 3438 utin
867 3388 946 3438 re
986 3362 1274 3438 visibili
1307 3372 1438 3437 aut
1477 3363 1825 3458 audibili,
1856 3366 1978 3439 vel

435 3483 695 3581 aliquo
729 3479 1200 3578 hujusmodi,
1237 3479 1435 3554 sicut
1475 3479 1552 3554 in
1616 3505 1756 3555 suo
1802 3481 1982 3555 fun-

435 3603 821 3693 damento,
850 3600 967 3673 vel
994 3597 1072 3672 in
1098 3597 1451 3696 pluribus
1482 3598 1980 3674 sensibilibus

441 3714 853 3789 multorum
922 3734 1322 3806 sensuum,
1366 3713 1487 3786 vel
1560 3709 1641 3785 in
1721 3712 1979 3787 multis

438 3830 935 3906 sensibilibus
964 3829 1308 3926 ejusdem
1341 3853 1644 3924 sensus,
1685 3816 1764 3904 ut
1804 3854 1980 3906 ora-

443 3948 542 4022 tio
575 3950 834 4045 longa,
871 3945 945 4018 in
982 3970 1135 4044 qua
1165 3955 1344 4019 sunt
1378 3947 1620 4021 multa
1650 3947 1984 4022 sensibi-

444 4065 567 4154 lia,
648 4072 722 4138 et
781 4063 1041 4136 multae
1126 4062 1499 4137 dictiones
1576 4063 1982 4139 fundantes

441 4180 661 4254 istam
741 4177 1188 4251 relationem
1289 4176 1779 4274 importatam
1847 4202 1983 4276 per

446 4294 883 4392 hujusmodi
945 4293 1283 4390 signum,
1347 4303 1596 4391 potest
1671 4295 1979 4391 signum

441 4411 735 4486 institui
770 4410 846 4483 in
889 4434 1045 4485 uno
1107 4409 1483 4503 sensibili,
1546 4411 1667 4484 vel
1739 4412 1984 4508 pluri-

443 4530 616 4623 buS,
665 4536 735 4601 ut
772 4526 1057 4601 dictum
1101 4536 1241 4601 est.

543 4647 759 4733 Item,
833 4644 964 4717 illa
1058 4642 1454 4718 sensibilia
1559 4645 1782 4742 plura
1860 4647 1982 4720 vel

451 4785 720 4855 unum,
757 4760 830 4833 in
868 4783 1021 4857 quo
1070 4758 1494 4833 instituitur
1542 4760 1988 4835 Sacramen-

451 4891 638 4973 tum,
696 4879 817 4952 vel
882 4878 1220 4973 signum,
1278 4877 1398 4951 vel
1479 4878 1765 4951 habent
1813 4902 1989 4952 con-

448 4995 915 5071 venientiam
1011 4995 1439 5068 naturalem
1509 4994 1603 5068 ad
1671 4995 1992 5091 signan-

449 5117 630 5190 dum
707 5114 959 5212 ipsum
1055 5110 1469 5209 signatum,
1560 5113 1992 5208 cujusmodi

452 5243 633 5307 sunt
683 5231 1000 5306 nomina
1068 5229 1424 5323 Hebraea,
1482 5229 1839 5328 imposita
1898 5232 1992 5306 ab

452 5349 723 5441 Adam,
794 5346 923 5444 qui
979 5344 1344 5441 imposuit
1412 5347 1640 5420 rebus
1729 5370 1997 5421 secun-

456 5465 635 5538 dum
681 5461 1268 5538 convenientias
1300 5482 1563 5534 earum
1607 5464 1998 5536 naturales

461 5581 556 5655 ad
614 5604 762 5666 1·eS‚
813 5587 894 5653 ut
947 5576 1325 5668 creditur3
1380 5579 1499 5651 vel
1570 5581 1997 5654 secundum

3481 385 3608 453 547

2070 555 2690 631 convenientiam
2735 556 2827 630 ad
2888 556 3281 654 placitum,
3321 564 3403 630 ut
3444 558 3610 630 haec

2068 697 2215 745 vox
2253 672 2475 748 homo
2508 672 2888 770 significat
2931 682 3284 747 naturam
3329 674 3609 746 huma-

2071 813 2250 863 nam
2329 790 2422 862 ad
2493 788 2858 886 placitum
2913 813 3093 862 nam
3155 787 3606 863 naturaliter
3696 789 3908 899 53:112}

2072 928 2225 978 non
2296 907 2469 1002 plus
2539 928 2698 979 rem
2769 928 3036 998 unam,
3086 928 3320 1002 quam
3376 903 3604 979 aliam
3674 913 3918 963 instituta

2071 1019 2456 1117 significat
2500 1050 2516 1113 3
2568 1030 2640 1095 et
2706 1023 3134 1096 secundum
3224 1022 3367 1095 hoc
3435 1022 3604 1094 dico
3634 975 3953 1096 {affluant-³15?

2071 1138 2277 1235 quod
2345 1137 2555 1211 Deus
2609 1137 3193 1212 Sacramentum
3248 1137 3600 1226 instituit,
3636 1101 3935 1213 ἒέξὲἑῗέἶι-

2076 1266 2155 1329 ut
2216 1265 2419 1330 esset
2476 1254 2785 1352 signum
2849 1280 2940 1330 ex
2998 1256 3445 1330 instituente
3514 1256 3608 1330 ad
3637 1231 3928 1277 eramenta.

2073 1372 2465 1469 placitum,
2535 1396 2802 1447 verum
2872 1383 2946 1448 et
3009 1371 3301 1465 efficaX,
3363 1385 3436 1449 et
3475 1374 3614 1449 de-

2077 1488 2661 1563 monstrativum
2740 1489 2816 1562 in
2899 1515 3053 1565 uno
3121 1491 3464 1566 sensibili
3542 1500 3618 1567 et

2076 1605 2389 1697 visibili,
2426 1607 2547 1680 vel
2581 1605 2929 1700 audibili,
2965 1609 3085 1682 vel
3130 1607 3208 1682 in
3267 1608 3619 1706 pluribus

2077 1723 2544 1798 habentibus
2568 1722 3154 1799 similitudinem
3187 1727 3617 1800 naturalem

2078 1840 2172 1913 ad
2237 1839 2657 1936 signatum,
2733 1849 2813 1913 ut
2895 1840 3185 1914 ablutio
3254 1841 3613 1935 exterior,

2079 1980 2256 2054 quae
2310 1965 2424 2030 est
2484 1956 3068 2031 Sacramentum
3111 1958 3511 2057 Baptismi,
3549 1968 3623 2032 et

2080 2073 2165 2146 fit
2249 2073 2326 2146 in
2421 2096 2626 2170 aqua
2703 2083 2778 2150 et
2870 2074 3153 2169 verbis,
3239 2074 3623 2171 significat

2080 2189 2554 2264 ablutionem
2616 2190 2899 2265 animae
2983 2191 3452 2266 interiorem.
3512 2191 3624 2265 Si-

2084 2308 2366 2383 militer
2397 2308 2474 2381 in
2512 2309 2997 2385 Eucharistia
3066 2311 3456 2385 sensibilis
3497 2335 3621 2408 pa-

2084 2421 2204 2495 nis
2235 2421 2593 2515 exterior,
2661 2421 2793 2518 qui
2859 2424 3310 2497 naturaliter
3351 2423 3617 2518 nutrit,

2083 2535 2468 2634 significat
2499 2538 2780 2613 animae
2817 2539 3341 2626 nutritionem,
3373 2549 3448 2615 et
3507 2564 3626 2614 re-

2087 2653 2486 2729 sectionem
2546 2652 3045 2750 interiore1n3
3119 2658 3239 2730 vel
3308 2657 3386 2730 in
3467 2680 3621 2731 uno

2084 2770 2430 2845 sensibili
2465 2794 2616 2844 non
2662 2771 2993 2846 habente
3039 2772 3620 2847 similitudinem

2085 2889 2514 2962 naturalem
2551 2887 2645 2962 ad
2690 2889 3107 2990 signatum,
3165 2899 3245 2963 ut
3303 2900 3510 2989 patet
3541 2891 3619 2964 in

2084 3003 2609 3097 Matrimonio,
2649 3003 2774 3077 ubi
2834 3014 3127 3078 tantum
3170 3015 3351 3080 sunt
3389 3007 3628 3081 verba

2086 3145 2263 3220 quae
2294 3121 2603 3220 signant
2653 3121 3103 3199 interiorem
3161 3148 3626 3201 consensum

2086 3242 2521 3314 animorum
2609 3249 2907 3315 tantum
3018 3242 3110 3315 ad
3227 3243 3623 3341 placitum.

2085 3359 2532 3455 Congruum
2577 3382 2759 3455 ergo
2812 3359 2952 3432 fuit
2997 3359 3243 3435 Deum
3287 3362 3631 3436 institue-

2086 3499 2167 3551 re
2209 3475 2522 3573 aliquod
2565 3475 2876 3572 signum
2944 3478 3337 3573 sensibile,
3383 3480 3629 3577 signi-

2086 3591 2328 3666 ficans
2359 3615 2450 3665 ex
2484 3591 2964 3668 institutione
2994 3596 3372 3672 veraciter
3401 3607 3476 3672 et
3506 3599 3630 3674 de-

2090 3709 2585 3785 monstrative
2644 3712 2967 3808 gratiam
3029 3712 3495 3791 invisibilem
3545 3718 3627 3792 in

2092 3854 2243 3904 uno
2303 3829 2684 3923 sensibili,
2723 3831 2844 3905 vel
2888 3833 3240 3929 pluribus
3293 3836 3621 3912 habente

2085 3949 2207 4022 vel
2239 3947 2705 4022 habentibus
2758 3950 3377 4027 convenientiam
3411 3964 3626 4030 natu-

2090 4066 2355 4158 ralem,
2417 4064 2536 4138 vel
2572 4065 2665 4138 ad
2699 4065 3063 4163 placitum
3106 4093 3278 4143 cum
3315 4071 3479 4168 ipso
3522 4071 3630 4146 si-

2089 4190 2349 4278 gnato,
2386 4190 2460 4256 et
2490 4183 2657 4256 haec
2700 4192 2815 4256 est
2845 4184 3256 4284 descriptio
3303 4198 3377 4263 et
3436 4188 3629 4265 desi-

2091 4297 2279 4371 nitio
2322 4297 2800 4372 Sacramenti
2873 4300 3046 4375 data
3100 4302 3191 4376 de
3253 4327 3361 4398 re,
3398 4328 3632 4403 quam

2090 4414 2471 4512 significat
2519 4416 2660 4490 hoc
2694 4441 2975 4493 nomen
3012 4418 3629 4500 Sacramentum.

2090 4533 2388 4608 Dicitur
2410 4543 2665 4607 autem
2742 4535 2986 4632 magis
3025 4537 3353 4614 visibilis
3377 4541 3637 4637 forma
3663 4544 3987 4662 fferrssitffcggj

2092 4673 2324 4747 quam
2377 4648 2768 4743 audibilis,
2815 4660 3126 4749 propter
3153 4655 3632 4733 nobilitatem
3705 4674 3951 4724 finitione

2093 4791 2369 4841 sensus
2409 4765 2623 4840 visus
2663 4767 2755 4841 ad
2789 4792 3059 4843 omnes
3095 4771 3285 4846 alios
3327 4797 3630 4872 sensus,
3662 4739 3970 4864 {⁸22⁸ssssssss

2096 4883 2229 4982 qui
2271 4884 2837 4980 quodammodo
2878 4897 2990 4961 est
3030 4890 3281 4965 omnis
3331 4916 3632 4984 sensuS,
3717 4862 3940 4975 viciii'xiiii

2097 5003 2296 5077 sicut
2337 5004 2567 5077 homo
2599 5012 2713 5077 est
2743 5004 3310 5101 quodammodo
3388 5014 3640 5087 omnis

2101 5128 2478 5206 creatura,
2527 5130 2836 5218 propter
2886 5127 3313 5201 naturalem
3370 5153 3643 5204 conve-

2104 5235 2471 5310 nientiam
2521 5261 2694 5310 cum
2730 5239 3118 5336 omnibuS,
3163 5252 3236 5317 et
3275 5244 3445 5319 ideo
3501 5271 3645 5344 po-

2105 5352 2316 5427 nitur
2357 5352 2436 5425 in
2472 5353 2920 5431 delinitione
2954 5357 3428 5436 Sacramenti
3469 5365 3642 5439 loco

2110 5470 2454 5544 omnium
2492 5473 3003 5547 sensibilium.
