4295 6326
636 379 776 446 282.
2012 369 2252 438 LIBRI
2299 367 2421 437 111.

641 574 751 644 ra,
791 573 966 648 quae
1006 558 1205 625 esset
1256 552 1421 624 sola
1486 549 1779 623 ratione
1821 545 2186 622 differens
2300 565 2528 640 quarn
2559 544 2979 638 concernit,
3013 568 3167 618 non
3211 556 3465 623 autem
3519 551 3852 626 formali-

645 691 690 740 a
729 667 1125 764 supposito
1167 667 1543 741 absoluto,
2298 666 2438 752 ter,
2484 657 2631 733 nisi
2666 659 3100 734 extenditur
3130 685 3288 736 6336
3316 663 3706 760 dignitatis
3748 669 3843 742 ad

357 795 439 871 Αᾳ
475 801 575 847 ter·
743 782 855 855 Ad
889 781 1124 874 aliud,
1158 806 1329 856 cum
1366 780 1663 874 dicitur,
1698 803 2030 877 persona
2069 779 2189 852 di·
2296 796 2451 847 non
2484 796 2641 847 6336
2680 773 3182 870 indignitatis,
3231 778 3412 875 quia
3452 780 3511 853 si
3555 781 3843 857 diceret

389 864 543 910 ²¹⁰m‘
649 897 1065 995 citaliquid
1109 896 1554 995 positivum,
1591 920 1859 970 verum
1922 906 2061 991 est,
2116 907 2191 971 et
2300 889 2589 988 aliquid
2679 890 3069 988 dignitatis
3179 894 3623 991 formaliter,
3684 922 3836 973 non

646 1014 1042 1112 quodlibet
1081 1013 1495 1111 positivum
1561 1022 1810 1111 potest
1866 1014 2184 1103 assumi,
2301 1016 2558 1104 posset
2623 1009 2940 1103 assumi,
2986 1010 3118 1084 sed
3204 1022 3405 1087 esset
3471 1014 3701 1089 simul
3761 1016 3839 1090 in

645 1133 789 1205 hoc
849 1140 986 1217 est,
1074 1131 1468 1230 quodlibet
1566 1131 2032 1225 absolutum,
2114 1140 2190 1206 et
2299 1125 2572 1219 tribus,
2611 1136 2683 1199 et
2724 1126 3029 1223 negatio
3059 1129 3380 1203 actualis
3413 1130 3845 1230 dependen-

644 1244 831 1319 illud
892 1244 1091 1319 idem
1162 1245 1304 1320 sibi
1374 1245 1775 1319 dimissum
1845 1257 1958 1320 est
2025 1269 2188 1344 per·
2299 1241 2425 1315 tiae
2458 1265 2854 1340 nunquam
2919 1243 3120 1319 inest
3184 1245 3295 1318 illi
3367 1249 3571 1346 quod
3632 1272 3840 1325 assu-

643 1384 861 1435 sona.
902 1363 1194 1436 Etcum
1229 1361 1608 1448 subditur,
1646 1385 1975 1459 persona
2006 1362 2188 1435 dicit
2299 1358 2557 1450 mitur,
2595 1384 2768 1434 curn
2830 1369 3001 1435 actu
3055 1362 3479 1459 dependeat
3532 1364 3625 1439 ad
3667 1390 3846 1464 per-

641 1477 933 1576 aliquid
964 1478 1386 1575 dignitatis,
1424 1478 1593 1553 dico
1653 1479 1856 1576 quod
1914 1503 2181 1554 verum
2297 1501 2564 1552 sonam
2642 1468 3192 1574 assumentem,
3241 1490 3316 1553 et
3373 1482 3516 1556 sibi
3585 1483 3845 1559 dimis-

636 1606 749 1669 est
821 1598 1521 1689 fundamentaliter,
1568 1600 1712 1672 hoc
1781 1606 1920 1692 est,
2002 1598 2184 1673 dicit
2296 1621 2465 1671 sum
2497 1606 3076 1696 essetpersona.

641 1713 930 1811 aliquid
998 1714 1419 1811 dignitatis,
1502 1716 1792 1791 ratione
1853 1725 2176 1804 naturae,
