4295 6326
1463 430 1694 499 msr.
1744 430 1865 497 111.
1918 429 2337 509 QUAESTIO
2387 430 2484 523 11,

407 599 831 697 offici0,sed
877 614 1169 679 tantum
1202 605 1280 679 in
1334 606 1654 680 articulo
1708 629 1964 681 neces-

1513 722 1959 814 mortaliter,

408 717 680 811 sitatis„
789 744 943 793 non
1073 730 1395 818 peccant

3486 429 3616 498 579

2077 606 2402 703 aequalis
2488 606 2930 694 necessitas,
2979 607 3161 704 quia
3249 586 3617 702 quorum-

2073 724 2248 797 dam
2282 725 2694 798 verborum
2731 724 2972 798 forma
3035 732 3147 797 est
3179 721 3616 797 necessaria

411 835 886 911 etiamsinon
923 840 1342 912 observant
1381 839 1602 913 istam
1637 840 1960 913 {ormam
2071 839 2442 935 requisita
2540 840 2632 913 ad
2747 838 3281 914 necessitatem
3355 837 3618 912 Sacra-

409 952 755 1039 omninO,
825 954 1007 1028 dum
1078 963 1333 1029 tamen
1409 965 1611 1030 recte
1682 955 1961 1028 faciant
2070 956 2337 1049 menti,
2392 967 2471 1029 ut
2548 955 2622 1028 in
2695 980 2802 1040 se,
2845 967 2924 1029 ut
2978 958 3142 1030 haec
3190 980 3389 1053 parS,
3439 977 3615 1050 quae

410 1070 837 1145 secundum
946 1072 1455 1148 intentionem
1563 1073 1952 1166 Ecclesiae,

410 1188 593 1284 quia
653 1212 805 1262 non
841 1197 1203 1264 tenentur
1254 1191 1449 1265 scire
1508 1190 1730 1265 istam
1802 1191 1956 1264 for-

417 1328 645 1398 mam,
691 1305 822 1380 sed
866 1329 1044 1381 vere
1100 1307 1283 1381 dant
1336 1308 1947 1382 Sacramentum.

91 1434 331 1485 Praecisa

512 1421 700 1508 Quae
798 1433 1054 1498 autem
1127 1423 1444 1498 mutatio
1540 1424 1952 1499 verborum

49 1500 229 1611 Ῑῗῑὲῗιῗ
252 1498 381 1674 (ἷῧὲἶ
415 1546 673 1632 posset
746 1544 946 1611 stare
1040 1560 1217 1611 cum
1284 1538 1599 1612 veritate
1678 1537 1955 1612 Sacra-

76 1626 357 1752 aalma,
413 1651 676 1744 menti,
722 1662 795 1727 et
837 1675 1012 1750 quae
1064 1677 1245 1742 non,
1306 1653 1600 1728 dicetur
1658 1662 1945 1750 postea.

407 1767 596 1843 Dico
657 1793 838 1867 ergo
921 1770 1125 1868 quod
1198 1772 1363 1845 haec
1431 1780 1544 1845 est
1629 1771 1954 1868 praecisa

406 1889 650 1963 forma
745 1890 1072 1964 tenenda
1154 1890 1246 1964 de
1330 1890 1781 1965 necessitate
1860 1913 1952 1963 ex

405 2016 618 2102 parte
671 2005 1154 2103 baptizantis,
1200 2007 1322 2080 cui
1374 2030 1523 2079 non
1586 2008 1761 2081 licet
1821 2005 1948 2080 ati-

404 2144 635 2219 quam
676 2123 1186 2198 variationem
1254 2125 1374 2197 vel
1448 2123 1945 2196 mutationem

401 2240 649 2313 facere
719 2239 923 2313 circa
989 2263 1156 2314 eam
1194 2268 1213 2334 3
1252 2240 1456 2337 quod
1526 2239 1591 2313 si
1662 2238 1942 2329 fecerit,

401 2366 668 2453 peccat
744 2356 1194 2450 mortaliter,
1261 2366 1617 2431 manente
1688 2365 1944 2430 tamen

402 2470 932 2566 Sacramento,
979 2496 1154 2546 curn
1210 2473 1470 2570 aliqua
1529 2472 1947 2547 mutatione

399 2588 596 2663 facta
620 2588 824 2664 circa
846 2612 1042 2683 eam,
1078 2599 1452 2686 quantum
1490 2597 1604 2663 est
1622 2611 1712 2662 ex
1736 2596 1946 2686 parte

401 2702 596 2799 ejuS.

168 2822 236 2893 5.
497 2820 647 2895 Sed
681 2830 896 2895 estne
940 2821 1087 2895 alia
1147 2822 1474 2919 praecisa
1507 2823 1747 2896 forma
1783 2844 1947 2897 ver-

400 2936 677 3012 borum
740 2939 1175 3013 necessaria
1230 2949 1604 3036 quantum
1669 2948 1781 3013 est
1855 2961 1945 3012 ex

397 3066 617 3152 parte
651 3055 1130 3130 Sacramenti
1159 3056 1198 3128 ‘2
1228 3056 1687 3153 Respondeo
1741 3056 1944 3153 quod

397 3172 600 3246 sicut
626 3173 1001 3270 contingit
1033 3172 1197 3247 fieri
1233 3185 1526 3247 motum
1555 3174 1675 3248 vel
1712 3183 1946 3247 muta-

396 3287 687 3363 tionem
729 3289 809 3362 in
853 3289 1086 3364 rebus
1131 3290 1560 3365 secundum
1594 3290 1945 3365 substan-

400 3404 612 3492 tiam,
714 3407 1140 3481 secundum
1214 3407 1750 3503 quantitatem,
1836 3430 1947 3481 se-

399 3522 739 3596 cundum
813 3523 1289 3619 qualitatem,
1365 3532 1439 3598 et
1515 3523 1941 3598 secundum

398 3640 559 3735 ubi,
595 3641 664 3714 5.
702 3642 1019 3741 Physic.
1052 3649 1235 3717 tea-t.
1267 3643 1418 3716 7.9.
1467 3650 1539 3717 et
1566 3643 1682 3717 18.
1720 3642 1824 3717 ita
1863 3642 1939 3715 in

402 3758 792 3856 proposito
834 3769 1081 3856 potest
1122 3760 1444 3856 intelligi
1489 3759 1652 3834 fieri
1710 3770 1945 3835 muta-

398 3875 503 3949 tio
538 3877 657 3950 vel
698 3875 1023 3950 variatio
1069 3878 1483 3951 verborum
1522 3878 1941 3952 secundum

398 3988 930 4084 substantiam,
965 4001 1047 4065 ut
1095 3993 1158 4065 si
1201 3992 1351 4066 alia
1383 3994 1616 4068 verba
1657 4017 1944 4091 ponan-

400 4116 525 4181 tur
556 4130 691 4204 pro
727 4107 916 4199 istis,
982 4118 1064 4183 ut
1112 4109 1174 4182 si
1210 4109 1532 4203 dicatur,
1578 4134 1710 4206 eqo
1780 4108 1943 4183 bal-

398 4243 542 4294 neo
575 4228 644 4294 te
676 4222 758 4294 in
790 4223 1104 4295 nomine
1134 4223 1679 4320 Apostolorum
1710 4224 1943 4298 Joan-

54 4333 339 4462 ssssssdg'fi‘
399 4337 523 4411 nis
563 4345 634 4411 et
660 4337 908 4432 Petri,
945 4340 1066 4413 vel
1110 4340 1528 4415 secundum
1570 4340 1944 4439 quantita-

13 4460 371 4576 fflffiffiigai?
401 4461 551 4529 tem
597 4456 1120 4530 subtrahendo
1154 4458 1474 4555 aliquid,
1525 4467 1603 4532 ut
1660 4482 1937 4533 nomen

58 4601 339 4638 crumen—
401 4570 730 4669 alicujus
772 4595 1126 4669 personae
1166 4574 1579 4662 TrinitatiS‚
1636 4575 1757 4648 vel
1808 4574 1942 4648 ad-

85 4655 306 4701 torum.
399 4688 649 4762 dendo
678 4688 961 4785 aliquid
1002 4691 1168 4782 ,vel
1224 4691 1644 4766 secundum
1691 4689 1941 4788 quali-

397 4809 625 4879 tatem
668 4807 1262 4903 corrumpendo,
1309 4810 1430 4881 vel
1484 4808 1938 4905 proferendo

396 4920 821 5016 incongrue
897 4923 1039 4996 ista
1115 4924 1378 5017 verba,
1460 4926 1578 4999 vel
1675 4948 1941 5021 synco-

394 5033 690 5134 pando,
753 5038 874 5111 vel
942 5039 1359 5113 secundum
1432 5039 1585 5128 ubi,
1651 5040 1942 5115 scilicet

392 5155 970 5251 transponendo
1005 5156 1266 5247 verba,
1311 5158 1432 5231 vel
1475 5157 1764 5253 aliquid
1819 5158 1938 5230 in-

400 5271 902 5366 terponendo.

492 5385 923 5460 Verborum
1006 5399 1262 5463 autem
1327 5390 1671 5464 omnium
1755 5391 1940 5465 isto-

395 5527 596 5596 rum,
634 5528 808 5602 quoe
839 5504 1233 5579 continent
1292 5506 1608 5581 formam
1682 5507 1941 5582 Sacra-

398 5620 664 5714 menti,
720 5646 852 5718 eqo
924 5620 1227 5719 baptiso
1261 5630 1357 5716 te,
1423 5635 1563 5697 etc.
1641 5636 1940 5700 nonest

2067 1072 2375 1147 invocat
2404 1098 2672 1148 omnes
2707 1096 3077 1170 personas
3099 1072 3487 1146 Trinitatis
3528 1073 3610 1145 iu

2062 1191 2377 1264 nomine
2441 1190 2733 1283 Patria,
2781 1199 2921 1265 etc.
2996 1191 3177 1287 quia
3254 1213 3390 1287 per
3441 1189 3610 1262 illas

2063 1307 2480 1403 particulas
2553 1307 3006 1404 exprimitur
3083 1306 3610 1404 principaliter

2061 1422 2485 1521 baptizanS,
2532 1448 2574 1497 a
2616 1447 2768 1521 quo
2810 1434 2923 1498 est
2963 1424 3398 1498 immediate
3459 1424 3607 1495 col-

2061 1541 2241 1614 latio
2275 1541 2569 1637 gratiae,
2607 1550 2680 1615 et
2709 1541 2999 1615 ablutio
3032 1540 3375 1629 interior,
3422 1562 3598 1637 quae

2059 1667 2174 1731 est
2205 1655 2519 1732 effectus
2568 1658 3070 1732 Sacramenti.
3122 1657 3269 1731 Sed
3313 1657 3391 1730 in
3426 1679 3599 1729 ver-
3657 1658 3898 1713 Minister

3630 1735 3738 1773 non
3764 1724 3952 1776 deces-

2057 1774 2177 1849 bis
2233 1775 2839 1873 exprimentibus
2906 1774 3368 1866 ministrum,
3442 1797 3595 1847 non
3661 1787 3923 1913 2⁸:325&-

2004 1886 2005 1889 ’
2058 1902 2173 1965 est
2205 1900 2415 1965 tanta
2446 1891 2890 1983 necessitaS,
2937 1891 3121 1987 quia
3161 1914 3312 1964 non
3363 1900 3478 1964 est
3508 1889 3600 1963 de
3648 1911 3703 1962 in
3733 1912 3937 1976 Baptis-

2057 2007 2511 2082 necessitate
2546 2007 3023 2082 Sacramenti
3066 2007 3139 2079 in
3177 2031 3286 2099 se,
3336 2015 3415 2080 ut
3457 2008 3599 2079 hoc
3671 1989 3917 2103 Ὗξὲςῖῗο

2056 2147 2484 2220 pronomen
2571 2125 3109 2198 demonstrans
3193 2145 3599 2220 personam

2055 2239 2601 2336 baptizantem,
2639 2239 2929 2314 scilicet
3003 2263 3165 2337 eqo,
3229 2238 3602 2335 exprima-

2055 2362 2224 2448 tur3
2273 2355 2601 2453 pertinet
2626 2365 2880 2430 tamen
2923 2356 3015 2429 ad
3067 2355 3598 2430 necessitatem

2055 2470 2531 2545 Sacramenti
2636 2471 3028 2569 expressio
3131 2480 3279 2544 tam
3385 2479 3603 2544 actus

2055 2610 2288 2684 quam
2367 2587 2861 2685 suscipientis
2948 2596 3231 2680 actum,
3304 2596 3384 2661 ut
3450 2596 3602 2659 tam

2057 2702 2292 2800 hujus
2356 2700 2574 2777 verbi
2654 2700 2990 2800 baptiw,
3064 2724 3298 2798 quam
3370 2699 3603 2797 hujus

2055 2817 2540 2915 pronominis
2592 2823 2689 2911 te,
2762 2817 3128 2891 secundae
3214 2838 3596 2915 personae,

2055 2958 2212 3010 non
2257 2935 2358 3009 ita
2417 2958 2747 3032 persona
2809 2934 3291 3032 baptizantis.
3344 2933 3601 3008 Salva-

2055 3060 2173 3125 tor
2218 3051 2421 3127 enim
2484 3051 2759 3125 Mattlt.
2805 3051 3106 3145 ult-imO,
3162 3048 3600 3149 exprimens
3646 3058 3938 3175 Βῒξῖἰιεῖθεὲ.

2055 3170 2318 3244 omnia
2349 3169 2810 3263 neccssaria,
2840 3178 2912 3244 et
2936 3169 3345 3244 instituens
3377 3170 3594 3264 illud,
3631 3140 3952 3248 tesexgrimi

2055 3312 2210 3363 non
2272 3288 3129 3388 expressitbaptizantis
3158 3312 3596 3387 personam,
3684 3250 3903 3303 debent.

2054 3405 2429 3503 expressit
2491 3414 2741 3480 tamen
2824 3414 2977 3478 tam
3056 3415 3309 3479 actum
3359 3404 3436 3478 in
3489 3428 3596 3492 se,

2054 3545 2288 3619 quam
2332 3546 2743 3620 personam
2775 3522 3354 3621 suscipientem,
3403 3547 3603 3596 eun-

2054 3649 2183 3724 tes,
2244 3650 2383 3715 etc.
2435 3638 2910 3736 baptizantes
2969 3663 3093 3714 eos
3148 3641 3230 3714 in
3289 3640 3602 3714 nomine

2051 3756 2317 3831 Patris
2361 3767 2431 3831 et
2460 3757 2679 3844 Filii,
2728 3767 2869 3830 etc.
2928 3757 3174 3831 Groeci
3217 3781 3428 3850 vero,
3467 3757 3599 3853 qui

2051 3898 2231 3948 vere
2292 3875 2697 3948 conferunt
2756 3874 3346 3950 Sacramentum
3402 3876 3602 3971 Bap-

2051 3990 2253 4064 tismi
2289 3991 2434 4065 sub
2467 3992 2597 4065 illa
2623 3991 2866 4066 forma
2903 4015 2917 4065 :
2956 3993 3418 4090 Baptizatur
3440 4016 3602 4065 ser-

2048 4130 2186 4181 vus
2255 4105 2549 4180 Christi
2631 4107 2711 4181 iu
2778 4107 3092 4181 nomine
3157 4107 3449 4200 Patris,
3523 4113 3596 4181 et

2048 4223 2271 4316 Filii,
2316 4232 2458 4298 etc.
2507 4246 2660 4296 non
2708 4222 3145 4321 exprimunt
3188 4246 3594 4321 personam

2050 4341 2597 4440 baptizantis.v

2150 4458 2299 4532 Sed
2367 4458 2429 4532 si
2503 4467 2921 4555 quaeratur,
2962 4483 3141 4557 quae.
3205 4459 3300 4533 sit
3355 4483 3589 4535 causa
3754 4487 3819 4552 6,

2051 4577 2314 4651 formae
2357 4575 2767 4650 verborum
2819 4576 2893 4648 in
2942 4575 3332 4674 Baptismo
3375 4577 3588 4652 Grae-
3699 4590 3875 4703 Οάυὸτο

2050 4717 2345 4787 corum,
2381 4703 2454 4768 et
2477 4716 2713 4789 quare
2748 4718 2899 4767 non
2944 4695 3380 4792 exprimunt
3420 4720 3587 4794 per·
3618 4668 3949 4791 {3393}-

2049 4836 2318 4886 sonam
2373 4811 2852 4909 baptizantis,
2900 4811 3103 4887 sicut
3158 4813 3399 4887 forma
3438 4823 3592 4888 tra·
3654 4785 3932 4920 ξζιῗῗέζῖἓ

2052 4928 2206 5002 dita
2284 4928 2378 5002 ab
2443 4928 2787 5002 Ecclesia
2837 4928 2876 4999 ‘2
2931 4929 3421 5026 RespondeO,
3513 4929 3589 5002 in
3654 4923 3705 4958 ¹⁰
3742 4921 3910 4958 ΜΝ·

2053 5044 2433 5143 principio
2485 5044 3033 5141 divulgationis
3073 5047 3166 5119 de
3200 5046 3592 5145 Baptismo

2050 5163 2584 5260 gloriabantur
2650 5163 3009 5261 baptizati
3078 5165 3170 5239 de
3255 5164 3593 5239 bonitate

2055 5279 2409 5367 ministri,
2448 5279 2650 5377 quod
2696 5303 2740 5354 a
2773 5280 3069 5353 meliori
3103 5281 3413 5354 fuerunt
3456 5279 3597 5352 mi-

2050 5396 2292 5469 nistro
2369 5395 2729 5493 baptizati
2787 5395 3152 5481 dicenteS,
3227 5420 3358 5492 eqo
3429 5396 3598 5493 qui—

2055 5512 2228 5586 dem
2288 5511 2557 5599 Pauli,
2633 5535 2764 5608 eqo
2833 5537 3010 5586 vero
3069 5511 3381 5609 Apollo,
3464 5536 3596 5609 eqo

2055 5652 2234 5702 vero
2276 5628 2585 5724 Cephae,
2628 5651 2805 5726 quae
2856 5628 3100 5724 gloria
3142 5638 3302 5703 erat
3357 5629 3603 5702 schis-
