<?xml version="1.0" encoding="UTF-8"?>
<!DOCTYPE html PUBLIC "-//W3C//DTD XHTML 1.0 Transitional//EN"
    "http://www.w3.org/TR/xhtml1/DTD/xhtml1-transitional.dtd">
<html xmlns="http://www.w3.org/1999/xhtml" xml:lang="en" lang="en">
 <head>
  <title>
</title>
<meta http-equiv="Content-Type" content="text/html;charset=utf-8" />
  <meta name='ocr-system' content='tesseract 3.04.00' />
  <meta name='ocr-capabilities' content='ocr_page ocr_carea ocr_par ocr_line ocrx_word'/>
</head>
<body>
  <div class='ocr_page' id='page_1' title='image "./joannisdunsscot00waddgoog_0235.png"; bbox 0 0 4295 6326; ppageno 0'>
   <div class='ocr_carea' id='block_1_1' title="bbox 188 1649 392 1762">
    <p class='ocr_par' dir='ltr' id='par_1_1' title="bbox 188 1649 392 1762">
     <span class='ocr_line' id='line_1_1' title="bbox 188 1649 392 1699; baseline -0.005 0"><span class='ocrx_word' id='word_1_1' title='bbox 188 1649 392 1699; x_wconf 81' lang='lat' dir='ltr'><strong>Secun-</strong></span> 
     </span>
     <span class='ocr_line' id='line_1_2' title="bbox 223 1714 373 1762; baseline 0.007 -1"><span class='ocrx_word' id='word_1_2' title='bbox 223 1714 373 1762; x_wconf 83' lang='lat' dir='ltr'><strong>dum.</strong></span> 
     </span>
    </p>
   </div>
   <div class='ocr_carea' id='block_1_2' title="bbox 181 2632 400 2683">
    <p class='ocr_par' dir='ltr' id='par_1_2' title="bbox 181 2632 400 2683">
     <span class='ocr_line' id='line_1_3' title="bbox 181 2632 400 2683; baseline 0.014 -4"><span class='ocrx_word' id='word_1_3' title='bbox 181 2632 400 2683; x_wconf 74' lang='lat' dir='ltr'><strong>Contra.</strong></span> 
     </span>
    </p>
   </div>
   <div class='ocr_carea' id='block_1_3' title="bbox 123 4016 436 4140">
    <p class='ocr_par' dir='ltr' id='par_1_3' title="bbox 123 4016 436 4140">
     <span class='ocr_line' id='line_1_4' title="bbox 123 4016 436 4087; baseline -0.016 -22"><span class='ocrx_word' id='word_1_4' title='bbox 123 4016 436 4087; x_wconf 61' lang='lat' dir='ltr'><strong>Argument.</strong></span> 
     </span>
     <span class='ocr_line' id='line_1_5' title="bbox 152 4091 402 4140; baseline -0.016 -12"><span class='ocrx_word' id='word_1_5' title='bbox 152 4091 402 4140; x_wconf 76' lang='lat' dir='ltr'><strong>primum.</strong></span> 
     </span>
    </p>
   </div>
   <div class='ocr_carea' id='block_1_4' title="bbox 186 4914 375 5027">
    <p class='ocr_par' dir='ltr' id='par_1_4' title="bbox 186 4914 375 5027">
     <span class='ocr_line' id='line_1_6' title="bbox 186 4914 375 4965; baseline -0.005 0"><span class='ocrx_word' id='word_1_6' title='bbox 186 4914 375 4965; x_wconf 81' lang='lat' dir='ltr'><strong>Secun-</strong></span> 
     </span>
     <span class='ocr_line' id='line_1_7' title="bbox 218 4977 360 5027; baseline 0.007 -2"><span class='ocrx_word' id='word_1_7' title='bbox 218 4977 360 5027; x_wconf 87' lang='lat' dir='ltr'><strong>dum.</strong></span> 
     </span>
    </p>
   </div>
   <div class='ocr_carea' id='block_1_5' title="bbox 1325 416 2754 496">
    <p class='ocr_par' dir='ltr' id='par_1_5' title="bbox 1325 416 2754 496">
     <span class='ocr_line' id='line_1_8' title="bbox 1325 416 2754 496; baseline -0.001 -10"><span class='ocrx_word' id='word_1_8' title='bbox 1325 418 1551 486; x_wconf 82' lang='lat' dir='ltr'><strong>Dlsr.</strong></span> <span class='ocrx_word' id='word_1_9' title='bbox 1602 418 1816 487; x_wconf 82' lang='lat' dir='ltr'><strong>XLII.</strong></span> <span class='ocrx_word' id='word_1_10' title='bbox 1867 416 2286 496; x_wconf 88' lang='lat' dir='ltr'><strong>QUAESTIO</strong></span> <span class='ocrx_word' id='word_1_11' title='bbox 2337 418 2431 484; x_wconf 90' lang='lat'><strong>111</strong></span> <span class='ocrx_word' id='word_1_12' title='bbox 2479 419 2586 485; x_wconf 92' lang='lat' dir='ltr'><strong>ET</strong></span> <span class='ocrx_word' id='word_1_13' title='bbox 2635 416 2754 484; x_wconf 86' lang='lat' dir='ltr'><strong>IV.</strong></span> 
     </span>
    </p>
   </div>
   <div class='ocr_carea' id='block_1_6' title="bbox 479 589 2028 1395">
    <p class='ocr_par' dir='ltr' id='par_1_6' title="bbox 479 589 2028 1395">
     <span class='ocr_line' id='line_1_9' title="bbox 479 589 2024 690; baseline 0.001 -26"><span class='ocrx_word' id='word_1_14' title='bbox 479 589 712 665; x_wconf 80' lang='lat' dir='ltr'><strong>finem</strong></span> <span class='ocrx_word' id='word_1_15' title='bbox 778 592 871 667; x_wconf 90' lang='lat' dir='ltr'><strong>ad</strong></span> <span class='ocrx_word' id='word_1_16' title='bbox 935 616 1166 690; x_wconf 91' lang='lat' dir='ltr'><strong>quem</strong></span> <span class='ocrx_word' id='word_1_17' title='bbox 1219 592 1658 668; x_wconf 88' lang='lat' dir='ltr'><strong>ordinatum</strong></span> <span class='ocrx_word' id='word_1_18' title='bbox 1729 601 1847 666; x_wconf 89' lang='lat' dir='ltr'><strong>est</strong></span> <span class='ocrx_word' id='word_1_19' title='bbox 1904 614 2024 665; x_wconf 93' lang='lat' dir='ltr'><strong>se-</strong></span> 
     </span>
     <span class='ocr_line' id='line_1_10' title="bbox 480 710 2025 806; baseline 0 -23"><span class='ocrx_word' id='word_1_20' title='bbox 480 710 819 783; x_wconf 86' lang='lat' dir='ltr'><strong>cundum</strong></span> <span class='ocrx_word' id='word_1_21' title='bbox 864 720 1146 786; x_wconf 87' lang='lat' dir='ltr'><strong>rectam</strong></span> <span class='ocrx_word' id='word_1_22' title='bbox 1184 712 1586 804; x_wconf 86' lang='lat' dir='ltr'><strong>rationem,</strong></span> <span class='ocrx_word' id='word_1_23' title='bbox 1632 734 1785 784; x_wconf 92' lang='lat' dir='ltr'><strong>non</strong></span> <span class='ocrx_word' id='word_1_24' title='bbox 1844 731 2025 806; x_wconf 84' lang='lat' dir='ltr'><strong>pec-</strong></span> 
     </span>
     <span class='ocr_line' id='line_1_11' title="bbox 479 826 2028 920; baseline -0.001 -20"><span class='ocrx_word' id='word_1_25' title='bbox 479 835 598 900; x_wconf 84' lang='lat' dir='ltr'><strong>cat</strong></span> <span class='ocrx_word' id='word_1_26' title='bbox 632 855 651 920; x_wconf 98' lang='lat'><em>3</em></span> <span class='ocrx_word' id='word_1_27' title='bbox 697 828 829 901; x_wconf 86' lang='lat' dir='ltr'><strong>sed</strong></span> <span class='ocrx_word' id='word_1_28' title='bbox 865 851 1118 903; x_wconf 86' lang='lat' dir='ltr'><strong>sermo</strong></span> <span class='ocrx_word' id='word_1_29' title='bbox 1172 829 1534 902; x_wconf 88' lang='lat' dir='ltr'><strong>inventus</strong></span> <span class='ocrx_word' id='word_1_30' title='bbox 1574 835 1690 901; x_wconf 86' lang='lat' dir='ltr'><strong>est</strong></span> <span class='ocrx_word' id='word_1_31' title='bbox 1729 826 1822 902; x_wconf 90' lang='lat' dir='ltr'><strong>ad</strong></span> <span class='ocrx_word' id='word_1_32' title='bbox 1892 848 2028 899; x_wconf 88' lang='lat' dir='ltr'><strong>ex-</strong></span> 
     </span>
     <span class='ocr_line' id='line_1_12' title="bbox 479 941 2027 1041; baseline -0.001 -27"><span class='ocrx_word' id='word_1_33' title='bbox 479 944 969 1041; x_wconf 86' lang='lat' dir='ltr'><strong>primendum</strong></span> <span class='ocrx_word' id='word_1_34' title='bbox 1008 955 1299 1020; x_wconf 82' lang='lat' dir='ltr'><strong>mutuae</strong></span> <span class='ocrx_word' id='word_1_35' title='bbox 1334 943 1755 1019; x_wconf 87' lang='lat' dir='ltr'><strong>voluntatis</strong></span> <span class='ocrx_word' id='word_1_36' title='bbox 1823 941 2027 1015; x_wconf 88' lang='lat' dir='ltr'><strong>indi-</strong></span> 
     </span>
     <span class='ocr_line' id='line_1_13' title="bbox 480 1060 2028 1153; baseline -0.001 -19"><span class='ocrx_word' id='word_1_37' title='bbox 480 1060 651 1153; x_wconf 74' lang='lat' dir='ltr'><strong>cia,</strong></span> <span class='ocrx_word' id='word_1_38' title='bbox 707 1069 822 1134; x_wconf 91' lang='lat' dir='ltr'><strong>est</strong></span> <span class='ocrx_word' id='word_1_39' title='bbox 887 1061 1090 1135; x_wconf 91' lang='lat' dir='ltr'><strong>enim</strong></span> <span class='ocrx_word' id='word_1_40' title='bbox 1151 1085 1401 1135; x_wconf 81' lang='lat' dir='ltr'><strong>sermo</strong></span> <span class='ocrx_word' id='word_1_41' title='bbox 1459 1060 1833 1135; x_wconf 77' lang='lat' dir='ltr'><strong>indicium</strong></span> <span class='ocrx_word' id='word_1_42' title='bbox 1891 1082 2028 1132; x_wconf 85' lang='lat' dir='ltr'><strong>vo-</strong></span> 
     </span>
     <span class='ocr_line' id='line_1_14' title="bbox 484 1176 2026 1270; baseline 0.001 -21"><span class='ocrx_word' id='word_1_43' title='bbox 484 1176 825 1270; x_wconf 74' lang='grc' dir='ltr'><strong>ἰιιηίαίίε,</strong></span> <span class='ocrx_word' id='word_1_44' title='bbox 861 1179 1068 1254; x_wconf 91' lang='lat' dir='ltr'><strong>unde</strong></span> <span class='ocrx_word' id='word_1_45' title='bbox 1102 1188 1282 1253; x_wconf 87' lang='lat' dir='ltr'><strong>sunt</strong></span> <span class='ocrx_word' id='word_1_46' title='bbox 1313 1179 1404 1253; x_wconf 90' lang='lat' dir='ltr'><strong>ad</strong></span> <span class='ocrx_word' id='word_1_47' title='bbox 1439 1180 1585 1252; x_wconf 87' lang='lat' dir='ltr'><strong>hoc</strong></span> <span class='ocrx_word' id='word_1_48' title='bbox 1631 1199 2026 1251; x_wconf 80' lang='lat' dir='ltr'><strong>sermones</strong></span> 
     </span>
     <span class='ocr_line' id='line_1_15' title="bbox 484 1292 2028 1395; baseline 0.002 -30"><span class='ocrx_word' id='word_1_49' title='bbox 484 1292 807 1389; x_wconf 83' lang='lat' dir='ltr'><strong>inventi,</strong></span> <span class='ocrx_word' id='word_1_50' title='bbox 855 1305 936 1369; x_wconf 92' lang='lat' dir='ltr'><strong>ut</strong></span> <span class='ocrx_word' id='word_1_51' title='bbox 976 1305 1257 1395; x_wconf 74' lang='lat' dir='ltr'><strong>praesto</strong></span> <span class='ocrx_word' id='word_1_52' title='bbox 1299 1295 1486 1370; x_wconf 86' lang='lat' dir='ltr'><strong>fiant</strong></span> <span class='ocrx_word' id='word_1_53' title='bbox 1544 1304 1829 1369; x_wconf 81' lang='lat' dir='ltr'><strong>mutuae</strong></span> <span class='ocrx_word' id='word_1_54' title='bbox 1888 1319 2028 1368; x_wconf 85' lang='lat' dir='ltr'><strong>vo-</strong></span> 
     </span>
    </p>
   </div>
   <div class='ocr_carea' id='block_1_7' title="bbox 484 1400 2054 1497">
    <p class='ocr_par' dir='ltr' id='par_1_7' title="bbox 484 1400 2054 1497">
     <span class='ocr_line' id='line_1_16' title="bbox 484 1400 2054 1497; baseline -0.001 -14"><span class='ocrx_word' id='word_1_55' title='bbox 484 1410 800 1486; x_wconf 89' lang='lat' dir='ltr'><strong>luntatis</strong></span> <span class='ocrx_word' id='word_1_56' title='bbox 858 1411 1158 1497; x_wconf 84' lang='lat' dir='ltr'><strong>indicia,</strong></span> <span class='ocrx_word' id='word_1_57' title='bbox 1218 1421 1300 1486; x_wconf 85' lang='lat' dir='ltr'><strong>ut</strong></span> <span class='ocrx_word' id='word_1_58' title='bbox 1347 1412 1451 1486; x_wconf 90' lang='lat' dir='ltr'><strong>ait</strong></span> <span class='ocrx_word' id='word_1_59' title='bbox 1509 1413 1726 1486; x_wconf 89' lang='lat' dir='ltr'><strong>Plato</strong></span> <span class='ocrx_word' id='word_1_60' title='bbox 1786 1411 1861 1484; x_wconf 91' lang='lat' dir='ltr'><strong>in</strong></span> <span class='ocrx_word' id='word_1_61' title='bbox 1903 1400 2054 1483; x_wconf 71' lang='lat' dir='ltr'><strong>Ti-‘</strong></span> 
     </span>
    </p>
   </div>
   <div class='ocr_carea' id='block_1_8' title="bbox 468 1537 2026 2997">
    <p class='ocr_par' dir='ltr' id='par_1_8' title="bbox 488 1537 1164 1624">
     <span class='ocr_line' id='line_1_17' title="bbox 488 1537 1164 1624; baseline 0.006 -26"><span class='ocrx_word' id='word_1_62' title='bbox 488 1549 681 1601; x_wconf 82' lang='lat' dir='ltr'><strong>maeo</strong></span> <span class='ocrx_word' id='word_1_63' title='bbox 717 1554 735 1619; x_wconf 91' lang='lat'><em>3</em></span> <span class='ocrx_word' id='word_1_64' title='bbox 772 1550 984 1624; x_wconf 82' lang='lat' dir='ltr'><strong>ergO,</strong></span> <span class='ocrx_word' id='word_1_65' title='bbox 1022 1537 1164 1602; x_wconf 85' lang='lat' dir='ltr'><strong>etc.</strong></span> 
     </span>
    </p>

    <p class='ocr_par' dir='ltr' id='par_1_9' title="bbox 479 1643 2026 2559">
     <span class='ocr_line' id='line_1_18' title="bbox 582 1643 2025 1742; baseline 0.001 -25"><span class='ocrx_word' id='word_1_66' title='bbox 582 1643 799 1737; x_wconf 83' lang='lat' dir='ltr'><strong>Item,</strong></span> <span class='ocrx_word' id='word_1_67' title='bbox 881 1644 946 1718; x_wconf 90' lang='lat' dir='ltr'><strong>si</strong></span> <span class='ocrx_word' id='word_1_68' title='bbox 1006 1643 1081 1717; x_wconf 91' lang='lat' dir='ltr'><strong>in</strong></span> <span class='ocrx_word' id='word_1_69' title='bbox 1153 1667 1508 1720; x_wconf 88' lang='lat' dir='ltr'><strong>sermone</strong></span> <span class='ocrx_word' id='word_1_70' title='bbox 1550 1652 1809 1742; x_wconf 86' lang='lat' dir='ltr'><strong>posset</strong></span> <span class='ocrx_word' id='word_1_71' title='bbox 1857 1667 2025 1719; x_wconf 88' lang='lat' dir='ltr'><strong>esse</strong></span> 
     </span>
     <span class='ocr_line' id='line_1_19' title="bbox 482 1759 2023 1857; baseline 0 -25"><span class='ocrx_word' id='word_1_72' title='bbox 482 1767 915 1855; x_wconf 85' lang='lat' dir='ltr'><strong>peccatum,</strong></span> <span class='ocrx_word' id='word_1_73' title='bbox 952 1762 1072 1834; x_wconf 88' lang='lat' dir='ltr'><strong>vel</strong></span> <span class='ocrx_word' id='word_1_74' title='bbox 1112 1761 1254 1833; x_wconf 85' lang='lat' dir='ltr'><strong>hoc</strong></span> <span class='ocrx_word' id='word_1_75' title='bbox 1295 1760 1526 1834; x_wconf 86' lang='lat' dir='ltr'><strong>habet</strong></span> <span class='ocrx_word' id='word_1_76' title='bbox 1566 1759 2023 1857; x_wconf 81' lang='lat' dir='ltr'>inquantum</span> 
     </span>
     <span class='ocr_line' id='line_1_20' title="bbox 481 1877 2026 1976; baseline 0.001 -27"><span class='ocrx_word' id='word_1_77' title='bbox 481 1885 597 1950; x_wconf 86' lang='lat' dir='ltr'><strong>est</strong></span> <span class='ocrx_word' id='word_1_78' title='bbox 625 1902 801 1971; x_wconf 87' lang='lat' dir='ltr'><strong>vox,</strong></span> <span class='ocrx_word' id='word_1_79' title='bbox 847 1879 968 1952; x_wconf 88' lang='lat' dir='ltr'><strong>vel</strong></span> <span class='ocrx_word' id='word_1_80' title='bbox 1024 1877 1482 1976; x_wconf 80' lang='lat' dir='ltr'><strong>inquantum</strong></span> <span class='ocrx_word' id='word_1_81' title='bbox 1526 1886 1640 1952; x_wconf 87' lang='lat' dir='ltr'><strong>est</strong></span> <span class='ocrx_word' id='word_1_82' title='bbox 1707 1901 1853 1952; x_wconf 88' lang='lat' dir='ltr'><strong>vox</strong></span> <span class='ocrx_word' id='word_1_83' title='bbox 1923 1878 2026 1952; x_wconf 90' lang='lat' dir='ltr'><strong>si-</strong></span> 
     </span>
     <span class='ocr_line' id='line_1_21' title="bbox 479 1993 2025 2093; baseline 0.001 -26"><span class='ocrx_word' id='word_1_84' title='bbox 479 1993 976 2090; x_wconf 82' lang='lat' dir='ltr'><strong>gnificativa3</strong></span> <span class='ocrx_word' id='word_1_85' title='bbox 1024 2019 1177 2068; x_wconf 87' lang='lat' dir='ltr'><strong>non</strong></span> <span class='ocrx_word' id='word_1_86' title='bbox 1233 1995 1482 2093; x_wconf 88' lang='lat' dir='ltr'><strong>primo</strong></span> <span class='ocrx_word' id='word_1_87' title='bbox 1537 1995 1788 2088; x_wconf 85' lang='lat' dir='ltr'><strong>modO,</strong></span> <span class='ocrx_word' id='word_1_88' title='bbox 1843 1995 2025 2092; x_wconf 92' lang='lat' dir='ltr'><strong>quia</strong></span> 
     </span>
     <span class='ocr_line' id='line_1_22' title="bbox 483 2110 2023 2210; baseline 0.001 -26"><span class='ocrx_word' id='word_1_89' title='bbox 483 2120 666 2186; x_wconf 86' lang='lat' dir='ltr'><strong>tunc</strong></span> <span class='ocrx_word' id='word_1_90' title='bbox 707 2110 786 2185; x_wconf 94' lang='lat' dir='ltr'><strong>in</strong></span> <span class='ocrx_word' id='word_1_91' title='bbox 830 2111 1076 2186; x_wconf 87' lang='lat' dir='ltr'><strong>brutis</strong></span> <span class='ocrx_word' id='word_1_92' title='bbox 1117 2121 1320 2187; x_wconf 86' lang='lat' dir='ltr'><strong>esset</strong></span> <span class='ocrx_word' id='word_1_93' title='bbox 1358 2121 1750 2210; x_wconf 84' lang='lat' dir='ltr'><strong>peccatum</strong></span> <span class='ocrx_word' id='word_1_94' title='bbox 1790 2140 1808 2205; x_wconf 92' lang='lat'><em>3</em></span> <span class='ocrx_word' id='word_1_95' title='bbox 1880 2135 2023 2186; x_wconf 88' lang='lat' dir='ltr'><strong>nec</strong></span> 
     </span>
     <span class='ocr_line' id='line_1_23' title="bbox 479 2227 2024 2327; baseline 0.001 -24"><span class='ocrx_word' id='word_1_96' title='bbox 479 2228 821 2304; x_wconf 86' lang='lat' dir='ltr'><strong>secundo</strong></span> <span class='ocrx_word' id='word_1_97' title='bbox 874 2230 1130 2322; x_wconf 91' lang='lat' dir='ltr'><strong>mod0,</strong></span> <span class='ocrx_word' id='word_1_98' title='bbox 1194 2229 1377 2327; x_wconf 89' lang='lat' dir='ltr'><strong>quia</strong></span> <span class='ocrx_word' id='word_1_99' title='bbox 1434 2229 1527 2303; x_wconf 92' lang='lat' dir='ltr'><strong>ad</strong></span> <span class='ocrx_word' id='word_1_100' title='bbox 1589 2227 2024 2325; x_wconf 83' lang='lat' dir='ltr'><strong>significan-</strong></span> 
     </span>
     <span class='ocr_line' id='line_1_24' title="bbox 479 2344 2021 2443; baseline -0.001 -25"><span class='ocrx_word' id='word_1_101' title='bbox 479 2344 663 2419; x_wconf 90' lang='lat' dir='ltr'><strong>dum</strong></span> <span class='ocrx_word' id='word_1_102' title='bbox 698 2344 1054 2443; x_wconf 84' lang='lat' dir='ltr'><strong>imposita</strong></span> <span class='ocrx_word' id='word_1_103' title='bbox 1084 2355 1224 2440; x_wconf 90' lang='lat' dir='ltr'><strong>est,</strong></span> <span class='ocrx_word' id='word_1_104' title='bbox 1260 2354 1333 2420; x_wconf 86' lang='lat' dir='ltr'><strong>et</strong></span> <span class='ocrx_word' id='word_1_105' title='bbox 1376 2345 1450 2419; x_wconf 92' lang='lat' dir='ltr'><strong>in</strong></span> <span class='ocrx_word' id='word_1_106' title='bbox 1502 2345 1668 2442; x_wconf 88' lang='lat' dir='ltr'><strong>ejus</strong></span> <span class='ocrx_word' id='word_1_107' title='bbox 1700 2345 2021 2443; x_wconf 91' lang='lat' dir='ltr'><strong>imposi-</strong></span> 
     </span>
     <span class='ocr_line' id='line_1_25' title="bbox 479 2460 1498 2559; baseline 0 -27"><span class='ocrx_word' id='word_1_108' title='bbox 479 2460 684 2536; x_wconf 85' lang='lat' dir='ltr'><strong>tione</strong></span> <span class='ocrx_word' id='word_1_109' title='bbox 717 2484 871 2535; x_wconf 91' lang='lat' dir='ltr'><strong>non</strong></span> <span class='ocrx_word' id='word_1_110' title='bbox 917 2470 1032 2536; x_wconf 86' lang='lat' dir='ltr'><strong>est</strong></span> <span class='ocrx_word' id='word_1_111' title='bbox 1069 2471 1498 2559; x_wconf 82' lang='lat' dir='ltr'><strong>peccatum.</strong></span> 
     </span>
    </p>

    <p class='ocr_par' dir='ltr' id='par_1_10' title="bbox 468 2576 2017 2997">
     <span class='ocr_line' id='line_1_26' title="bbox 574 2576 2017 2674; baseline 0.001 -25"><span class='ocrx_word' id='word_1_112' title='bbox 574 2576 883 2669; x_wconf 79' lang='lat' dir='ltr'>Contra,</span> <span class='ocrx_word' id='word_1_113' title='bbox 920 2576 1191 2652; x_wconf 88' lang='lat' dir='ltr'><strong>Matth.</strong></span> <span class='ocrx_word' id='word_1_114' title='bbox 1231 2576 1303 2649; x_wconf 77' lang='lat'><strong>5.</strong></span> <span class='ocrx_word' id='word_1_115' title='bbox 1355 2577 1510 2668; x_wconf 80' lang='lat' dir='ltr'><strong>Qui</strong></span> <span class='ocrx_word' id='word_1_116' title='bbox 1537 2577 1828 2651; x_wconf 71' lang='lat' dir='ltr'><strong>dixerit</strong></span> <span class='ocrx_word' id='word_1_117' title='bbox 1844 2576 2017 2674; x_wconf 80' lang='lat' dir='ltr'><strong>fra-</strong></span> 
     </span>
     <span class='ocr_line' id='line_1_27' title="bbox 471 2691 2011 2792; baseline -0.001 -27"><span class='ocrx_word' id='word_1_118' title='bbox 471 2691 580 2766; x_wconf 84' lang='lat' dir='ltr'><strong>tri</strong></span> <span class='ocrx_word' id='word_1_119' title='bbox 603 2692 1034 2787; x_wconf 80' lang='lat' dir='ltr'><strong>suo,Raca‚</strong></span> <span class='ocrx_word' id='word_1_120' title='bbox 1079 2717 1253 2768; x_wconf 79' lang='lat' dir='ltr'><strong>reus</strong></span> <span class='ocrx_word' id='word_1_121' title='bbox 1309 2699 1418 2767; x_wconf 79' lang='lat' dir='ltr'><strong>eet</strong></span> <span class='ocrx_word' id='word_1_122' title='bbox 1445 2693 1781 2792; x_wconf 76' lang='lat' dir='ltr'><strong>judicio.</strong></span> <span class='ocrx_word' id='word_1_123' title='bbox 1826 2693 2011 2768; x_wconf 87' lang='lat' dir='ltr'><strong>Item</strong></span> 
     </span>
     <span class='ocr_line' id='line_1_28' title="bbox 469 2804 2011 2907; baseline 0.001 -26"><span class='ocrx_word' id='word_1_124' title='bbox 469 2805 737 2882; x_wconf 82' lang='lat' dir='ltr'><strong>Jacohi</strong></span> <span class='ocrx_word' id='word_1_125' title='bbox 770 2807 840 2881; x_wconf 89' lang='grc'><strong>3.</strong></span> <span class='ocrx_word' id='word_1_126' title='bbox 879 2809 1016 2907; x_wconf 81' lang='lat' dir='ltr'><strong>qui</strong></span> <span class='ocrx_word' id='word_1_127' title='bbox 1068 2808 1147 2883; x_wconf 81' lang='lat' dir='ltr'><strong>in</strong></span> <span class='ocrx_word' id='word_1_128' title='bbox 1198 2808 1423 2884; x_wconf 81' lang='lat' dir='ltr'><strong>verbo</strong></span> <span class='ocrx_word' id='word_1_129' title='bbox 1468 2832 1620 2883; x_wconf 79' lang='lat' dir='ltr'><strong>non</strong></span> <span class='ocrx_word' id='word_1_130' title='bbox 1671 2804 2011 2905; x_wconf 79' lang='lat' dir='ltr'><strong>offendit,</strong></span> 
     </span>
     <span class='ocr_line' id='line_1_29' title="bbox 468 2931 616 2997; baseline -0.014 0"><span class='ocrx_word' id='word_1_131' title='bbox 468 2931 616 2997; x_wconf 86' lang='lat' dir='ltr'><strong>etc.</strong></span> 
     </span>
    </p>
   </div>
   <div class='ocr_carea' id='block_1_9' title="bbox 955 3246 1521 3325">
    <p class='ocr_par' dir='ltr' id='par_1_11' title="bbox 955 3246 1521 3325">
     <span class='ocr_line' id='line_1_30' title="bbox 955 3246 1521 3325; baseline 0.004 -11"><span class='ocrx_word' id='word_1_132' title='bbox 955 3246 1367 3325; x_wconf 82' lang='lat' dir='ltr'><strong>QUAESTIO</strong></span> <span class='ocrx_word' id='word_1_133' title='bbox 1409 3248 1521 3316; x_wconf 89' lang='lat' dir='ltr'><strong>Ill.</strong></span> 
     </span>
    </p>
   </div>
   <div class='ocr_carea' id='block_1_10' title="bbox 476 3416 2017 3505">
    <p class='ocr_par' dir='ltr' id='par_1_12' title="bbox 476 3416 2017 3505">
     <span class='ocr_line' id='line_1_31' title="bbox 476 3416 2017 3505; baseline 0.004 -24"><span class='ocrx_word' id='word_1_134' title='bbox 476 3420 719 3484; x_wconf 78' lang='lat' dir='ltr'><strong>Utrum</strong></span> <span class='ocrx_word' id='word_1_135' title='bbox 751 3416 929 3483; x_wconf 84' lang='lat' dir='ltr'><strong>ratio</strong></span> <span class='ocrx_word' id='word_1_136' title='bbox 952 3418 1229 3503; x_wconf 79' lang='lat' dir='ltr'><strong>peccati</strong></span> <span class='ocrx_word' id='word_1_137' title='bbox 1236 3418 1461 3502; x_wconf 80' lang='lat' dir='ltr'><strong>possit</strong></span> <span class='ocrx_word' id='word_1_138' title='bbox 1489 3437 1626 3484; x_wconf 80' lang='lat' dir='ltr'><strong>esse</strong></span> <span class='ocrx_word' id='word_1_139' title='bbox 1647 3419 1722 3487; x_wconf 83' lang='lat' dir='ltr'><strong>in</strong></span> <span class='ocrx_word' id='word_1_140' title='bbox 1753 3437 1956 3505; x_wconf 83' lang='lat' dir='ltr'><strong>opere</strong></span> <span class='ocrx_word' id='word_1_141' title='bbox 1980 3422 2017 3486; x_wconf 80' lang='lat'><strong><em>?</em></strong></span> 
     </span>
    </p>
   </div>
   <div class='ocr_carea' id='block_1_11' title="bbox 472 3611 2010 3757">
    <p class='ocr_par' dir='ltr' id='par_1_13' title="bbox 472 3611 2010 3757">
     <span class='ocr_line' id='line_1_32' title="bbox 472 3611 2010 3686; baseline 0.001 -18"><span class='ocrx_word' id='word_1_142' title='bbox 472 3611 669 3668; x_wconf 79' lang='lat' dir='ltr'><strong>Alens.</strong></span> <span class='ocrx_word' id='word_1_143' title='bbox 702 3613 755 3667; x_wconf 83' lang='lat'><strong>2.</strong></span> <span class='ocrx_word' id='word_1_144' title='bbox 787 3628 843 3679; x_wconf 80' lang='lat' dir='ltr'><strong>p.</strong></span> <span class='ocrx_word' id='word_1_145' title='bbox 875 3627 926 3683; x_wconf 84' lang='lat' dir='ltr'><strong>q.</strong></span> <span class='ocrx_word' id='word_1_146' title='bbox 963 3611 1084 3667; x_wconf 84' lang='lat'><strong>106.</strong></span> <span class='ocrx_word' id='word_1_147' title='bbox 1116 3628 1193 3666; x_wconf 88' lang='lat' dir='ltr'><strong>m.</strong></span> <span class='ocrx_word' id='word_1_148' title='bbox 1226 3612 1278 3666; x_wconf 85' lang='grc'><strong>3.</strong></span> <span class='ocrx_word' id='word_1_149' title='bbox 1320 3611 1388 3668; x_wconf 90' lang='lat' dir='ltr'><strong>D.</strong></span> <span class='ocrx_word' id='word_1_150' title='bbox 1421 3613 1628 3668; x_wconf 87' lang='lat' dir='ltr'><strong>Thom.</strong></span> <span class='ocrx_word' id='word_1_151' title='bbox 1662 3632 1699 3670; x_wconf 82' lang='grc' dir='ltr'><strong>ι.</strong></span> <span class='ocrx_word' id='word_1_152' title='bbox 1730 3616 1784 3670; x_wconf 88' lang='grc'><strong>2.</strong></span> <span class='ocrx_word' id='word_1_153' title='bbox 1817 3620 2010 3686; x_wconf 73' lang='lat' dir='ltr'><strong>quaest.</strong></span> 
     </span>
     <span class='ocr_line' id='line_1_33' title="bbox 547 3682 1771 3757; baseline 0.004 -20"><span class='ocrx_word' id='word_1_154' title='bbox 547 3685 633 3738; x_wconf 79' lang='lat'><strong>18.</strong></span> <span class='ocrx_word' id='word_1_155' title='bbox 664 3700 717 3739; x_wconf 85' lang='lat' dir='ltr'><strong>a.</strong></span> <span class='ocrx_word' id='word_1_156' title='bbox 752 3700 787 3738; x_wconf 91' lang='grc' dir='ltr'><strong>ι.</strong></span> <span class='ocrx_word' id='word_1_157' title='bbox 827 3687 1096 3739; x_wconf 78' lang='lat' dir='ltr'><strong>Doctores</strong></span> <span class='ocrx_word' id='word_1_158' title='bbox 1127 3682 1286 3739; x_wconf 85' lang='lat' dir='ltr'><strong>citati</strong></span> <span class='ocrx_word' id='word_1_159' title='bbox 1317 3690 1505 3756; x_wconf 64' lang='lat' dir='ltr'><strong>quaest.</strong></span> <span class='ocrx_word' id='word_1_160' title='bbox 1534 3689 1771 3757; x_wconf 78' lang='lat' dir='ltr'><strong>praeced.</strong></span> 
     </span>
    </p>
   </div>
   <div class='ocr_carea' id='block_1_12' title="bbox 464 3860 2016 5700">
    <p class='ocr_par' dir='ltr' id='par_1_14' title="bbox 464 3860 2016 4886">
     <span class='ocr_line' id='line_1_34' title="bbox 569 3860 2016 3960; baseline 0.002 -27"><span class='ocrx_word' id='word_1_161' title='bbox 569 3861 797 3934; x_wconf 82' lang='lat' dir='ltr'>Juxta</span> <span class='ocrx_word' id='word_1_162' title='bbox 839 3862 984 3934; x_wconf 87' lang='lat' dir='ltr'><strong>hoc</strong></span> <span class='ocrx_word' id='word_1_163' title='bbox 1024 3860 1402 3957; x_wconf 81' lang='lat' dir='ltr'><strong>quaeritur</strong></span> <span class='ocrx_word' id='word_1_164' title='bbox 1447 3886 1460 3931; x_wconf 92' lang='lat'>:</span> <span class='ocrx_word' id='word_1_165' title='bbox 1509 3862 1782 3937; x_wconf 78' lang='lat' dir='ltr'><strong>Utrum</strong></span> <span class='ocrx_word' id='word_1_166' title='bbox 1824 3886 2016 3960; x_wconf 83' lang='lat' dir='ltr'><strong>pec-</strong></span> 
     </span>
     <span class='ocr_line' id='line_1_35' title="bbox 474 3977 2009 4076; baseline 0.001 -25"><span class='ocrx_word' id='word_1_167' title='bbox 474 3984 726 4051; x_wconf 77' lang='lat' dir='ltr'><strong>catum</strong></span> <span class='ocrx_word' id='word_1_168' title='bbox 767 3977 1112 4050; x_wconf 75' lang='lat' dir='ltr'><em>consistit</em></span> <span class='ocrx_word' id='word_1_169' title='bbox 1142 3978 1223 4050; x_wconf 81' lang='lat' dir='ltr'><strong>in</strong></span> <span class='ocrx_word' id='word_1_170' title='bbox 1256 4000 1481 4076; x_wconf 84' lang='lat' dir='ltr'><strong>opere</strong></span> <span class='ocrx_word' id='word_1_171' title='bbox 1518 3978 1563 4053; x_wconf 69' lang='lat' dir='ltr'><em>P</em></span> <span class='ocrx_word' id='word_1_172' title='bbox 1595 3978 1813 4065; x_wconf 90' lang='lat' dir='ltr'><strong>Quod</strong></span> <span class='ocrx_word' id='word_1_173' title='bbox 1858 4003 2009 4053; x_wconf 90' lang='lat' dir='ltr'><strong>non</strong></span> 
     </span>
     <span class='ocr_line' id='line_1_36' title="bbox 470 4092 2006 4190; baseline 0.003 -26"><span class='ocrx_word' id='word_1_174' title='bbox 470 4092 818 4186; x_wconf 84' lang='lat' dir='ltr'><strong>videtur3</strong></span> <span class='ocrx_word' id='word_1_175' title='bbox 853 4116 1050 4189; x_wconf 91' lang='lat' dir='ltr'><strong>opus</strong></span> <span class='ocrx_word' id='word_1_176' title='bbox 1081 4116 1232 4165; x_wconf 89' lang='lat' dir='ltr'><strong>non</strong></span> <span class='ocrx_word' id='word_1_177' title='bbox 1289 4102 1401 4168; x_wconf 87' lang='lat' dir='ltr'><strong>est</strong></span> <span class='ocrx_word' id='word_1_178' title='bbox 1438 4093 1957 4169; x_wconf 86' lang='lat' dir='ltr'><strong>voluntarium</strong></span> <span class='ocrx_word' id='word_1_179' title='bbox 1987 4123 2006 4190; x_wconf 93' lang='lat'><em>3</em></span> 
     </span>
     <span class='ocr_line' id='line_1_37' title="bbox 467 4212 2012 4308; baseline 0.002 -22"><span class='ocrx_word' id='word_1_180' title='bbox 467 4234 652 4307; x_wconf 84' lang='lat' dir='ltr'><strong>ergo</strong></span> <span class='ocrx_word' id='word_1_181' title='bbox 734 4233 877 4285; x_wconf 87' lang='lat' dir='ltr'><strong>nec</strong></span> <span class='ocrx_word' id='word_1_182' title='bbox 987 4218 1413 4308; x_wconf 86' lang='lat' dir='ltr'><strong>peccatum.</strong></span> <span class='ocrx_word' id='word_1_183' title='bbox 1530 4212 2012 4289; x_wconf 86' lang='lat' dir='ltr'><strong>Antecedens</strong></span> 
     </span>
     <span class='ocr_line' id='line_1_38' title="bbox 466 4327 2005 4426; baseline 0.003 -27"><span class='ocrx_word' id='word_1_184' title='bbox 466 4328 834 4426; x_wconf 87' lang='lat' dir='ltr'><strong>probatur</strong></span> <span class='ocrx_word' id='word_1_185' title='bbox 864 4350 1000 4424; x_wconf 87' lang='lat' dir='ltr'><strong>per</strong></span> <span class='ocrx_word' id='word_1_186' title='bbox 1038 4327 1517 4424; x_wconf 85' lang='lat' dir='ltr'><strong>Apostolum,</strong></span> <span class='ocrx_word' id='word_1_187' title='bbox 1554 4329 1878 4403; x_wconf 83' lang='lat' dir='ltr'><strong>Roman.</strong></span> <span class='ocrx_word' id='word_1_188' title='bbox 1934 4330 2005 4404; x_wconf 88' lang='lat'><strong>8.</strong></span> 
     </span>
     <span class='ocr_line' id='line_1_39' title="bbox 464 4442 2005 4543; baseline 0 -22"><span class='ocrx_word' id='word_1_189' title='bbox 464 4445 645 4521; x_wconf 80' lang='lat' dir='ltr'><strong>Non</strong></span> <span class='ocrx_word' id='word_1_190' title='bbox 699 4443 906 4542; x_wconf 82' lang='lat' dir='ltr'><strong>quod</strong></span> <span class='ocrx_word' id='word_1_191' title='bbox 965 4442 1135 4517; x_wconf 84' lang='lat' dir='ltr'><strong>volo</strong></span> <span class='ocrx_word' id='word_1_192' title='bbox 1197 4442 1503 4531; x_wconf 78' lang='lat' dir='ltr'><strong>bonum,</strong></span> <span class='ocrx_word' id='word_1_193' title='bbox 1571 4444 1710 4519; x_wconf 82' lang='lat' dir='ltr'><strong>lzoc</strong></span> <span class='ocrx_word' id='word_1_194' title='bbox 1770 4444 2005 4543; x_wconf 73' lang='grc' dir='ltr'><em>Ιαοίο,</em></span> 
     </span>
     <span class='ocr_line' id='line_1_40' title="bbox 465 4555 2012 4657; baseline 0.002 -26"><span class='ocrx_word' id='word_1_195' title='bbox 465 4557 607 4632; x_wconf 83' lang='lat' dir='ltr'><strong>sed</strong></span> <span class='ocrx_word' id='word_1_196' title='bbox 631 4557 839 4655; x_wconf 82' lang='lat' dir='ltr'><strong>quod</strong></span> <span class='ocrx_word' id='word_1_197' title='bbox 862 4555 1041 4632; x_wconf 79' lang='lat' dir='ltr'><strong>nolo</strong></span> <span class='ocrx_word' id='word_1_198' title='bbox 1082 4556 1405 4652; x_wconf 61' lang='lat' dir='ltr'><strong>rnatum,</strong></span> <span class='ocrx_word' id='word_1_199' title='bbox 1439 4557 1577 4632; x_wconf 82' lang='lat' dir='ltr'><strong>lzoc</strong></span> <span class='ocrx_word' id='word_1_200' title='bbox 1610 4582 1775 4657; x_wconf 71' lang='lat' dir='ltr'><strong>ayo.</strong></span> <span class='ocrx_word' id='word_1_201' title='bbox 1822 4561 2012 4634; x_wconf 91' lang='lat' dir='ltr'><strong>Con-</strong></span> 
     </span>
     <span class='ocr_line' id='line_1_41' title="bbox 469 4672 2010 4771; baseline 0.001 -22"><span class='ocrx_word' id='word_1_202' title='bbox 469 4672 875 4771; x_wconf 79' lang='lat' dir='ltr'><strong>sequentia</strong></span> <span class='ocrx_word' id='word_1_203' title='bbox 908 4682 1138 4770; x_wconf 88' lang='lat' dir='ltr'><strong>patet,</strong></span> <span class='ocrx_word' id='word_1_204' title='bbox 1176 4672 1356 4768; x_wconf 85' lang='lat' dir='ltr'><strong>quia</strong></span> <span class='ocrx_word' id='word_1_205' title='bbox 1434 4673 1639 4768; x_wconf 90' lang='lat' dir='ltr'><strong>quod</strong></span> <span class='ocrx_word' id='word_1_206' title='bbox 1681 4698 1834 4749; x_wconf 91' lang='lat' dir='ltr'><strong>non</strong></span> <span class='ocrx_word' id='word_1_207' title='bbox 1897 4687 2010 4751; x_wconf 87' lang='lat' dir='ltr'><strong>est</strong></span> 
     </span>
     <span class='ocr_line' id='line_1_42' title="bbox 468 4787 1833 4886; baseline 0.001 -23"><span class='ocrx_word' id='word_1_208' title='bbox 468 4787 1023 4880; x_wconf 87' lang='lat' dir='ltr'><strong>voluntarium,</strong></span> <span class='ocrx_word' id='word_1_209' title='bbox 1060 4812 1215 4862; x_wconf 91' lang='lat' dir='ltr'><strong>non</strong></span> <span class='ocrx_word' id='word_1_210' title='bbox 1256 4796 1370 4863; x_wconf 86' lang='lat' dir='ltr'><strong>est</strong></span> <span class='ocrx_word' id='word_1_211' title='bbox 1408 4799 1833 4886; x_wconf 86' lang='lat' dir='ltr'><strong>peccatum.</strong></span> 
     </span>
    </p>

    <p class='ocr_par' dir='ltr' id='par_1_15' title="bbox 469 4903 2009 5700">
     <span class='ocr_line' id='line_1_43' title="bbox 567 4903 2006 5002; baseline 0.002 -22"><span class='ocrx_word' id='word_1_212' title='bbox 567 4906 783 4997; x_wconf 91' lang='lat' dir='ltr'><strong>Item,</strong></span> <span class='ocrx_word' id='word_1_213' title='bbox 848 4903 927 4977; x_wconf 89' lang='lat' dir='ltr'><strong>in</strong></span> <span class='ocrx_word' id='word_1_214' title='bbox 1013 4927 1105 4978; x_wconf 95' lang='lat' dir='ltr'><strong>eo</strong></span> <span class='ocrx_word' id='word_1_215' title='bbox 1157 4905 1357 5002; x_wconf 90' lang='lat' dir='ltr'><strong>quod</strong></span> <span class='ocrx_word' id='word_1_216' title='bbox 1417 4916 1528 4980; x_wconf 91' lang='lat' dir='ltr'><strong>est</strong></span> <span class='ocrx_word' id='word_1_217' title='bbox 1597 4929 2006 4983; x_wconf 85' lang='lat' dir='ltr'><strong>commune</strong></span> 
     </span>
     <span class='ocr_line' id='line_1_44' title="bbox 470 5020 2009 5121; baseline 0.002 -25"><span class='ocrx_word' id='word_1_218' title='bbox 470 5021 682 5097; x_wconf 89' lang='lat' dir='ltr'><strong>omni</strong></span> <span class='ocrx_word' id='word_1_219' title='bbox 749 5020 1042 5094; x_wconf 90' lang='lat' dir='ltr'><strong>homini</strong></span> <span class='ocrx_word' id='word_1_220' title='bbox 1122 5029 1193 5095; x_wconf 85' lang='lat' dir='ltr'><strong>et</strong></span> <span class='ocrx_word' id='word_1_221' title='bbox 1256 5021 1506 5114; x_wconf 84' lang='lat' dir='ltr'><strong>bruto,</strong></span> <span class='ocrx_word' id='word_1_222' title='bbox 1562 5046 1714 5097; x_wconf 93' lang='lat' dir='ltr'><strong>non</strong></span> <span class='ocrx_word' id='word_1_223' title='bbox 1761 5034 2009 5121; x_wconf 89' lang='lat' dir='ltr'><strong>potest</strong></span> 
     </span>
     <span class='ocr_line' id='line_1_45' title="bbox 469 5137 2005 5238; baseline 0.001 -25"><span class='ocrx_word' id='word_1_224' title='bbox 469 5162 637 5214; x_wconf 89' lang='lat' dir='ltr'><strong>esse</strong></span> <span class='ocrx_word' id='word_1_225' title='bbox 737 5138 926 5211; x_wconf 90' lang='lat' dir='ltr'><strong>ratio</strong></span> <span class='ocrx_word' id='word_1_226' title='bbox 976 5137 1292 5235; x_wconf 82' lang='lat' dir='ltr'><strong>peccati,</strong></span> <span class='ocrx_word' id='word_1_227' title='bbox 1366 5139 1547 5234; x_wconf 85' lang='lat' dir='ltr'><strong>quia</strong></span> <span class='ocrx_word' id='word_1_228' title='bbox 1603 5163 1740 5238; x_wconf 84' lang='lat' dir='ltr'><strong>per</strong></span> <span class='ocrx_word' id='word_1_229' title='bbox 1816 5141 2005 5215; x_wconf 85' lang='lat' dir='ltr'><strong>illud</strong></span> 
     </span>
     <span class='ocr_line' id='line_1_46' title="bbox 469 5261 2003 5354; baseline 0.002 -24"><span class='ocrx_word' id='word_1_230' title='bbox 469 5281 620 5331; x_wconf 91' lang='lat' dir='ltr'><strong>non</strong></span> <span class='ocrx_word' id='word_1_231' title='bbox 691 5278 1106 5354; x_wconf 89' lang='lat' dir='ltr'><strong>possumus</strong></span> <span class='ocrx_word' id='word_1_232' title='bbox 1172 5277 1313 5328; x_wconf 93' lang='lat' dir='ltr'><strong>nos</strong></span> <span class='ocrx_word' id='word_1_233' title='bbox 1389 5266 1835 5334; x_wconf 85' lang='lat' dir='ltr'><strong>convertere</strong></span> <span class='ocrx_word' id='word_1_234' title='bbox 1913 5261 2003 5335; x_wconf 89' lang='lat' dir='ltr'><strong>ad</strong></span> 
     </span>
     <span class='ocr_line' id='line_1_47' title="bbox 469 5369 2006 5470; baseline 0.002 -24"><span class='ocrx_word' id='word_1_235' title='bbox 469 5373 699 5447; x_wconf 85' lang='lat' dir='ltr'><strong>finem</strong></span> <span class='ocrx_word' id='word_1_236' title='bbox 737 5400 754 5466; x_wconf 91' lang='lat'><em>3</em></span> <span class='ocrx_word' id='word_1_237' title='bbox 791 5395 974 5467; x_wconf 84' lang='lat' dir='ltr'><strong>ergo</strong></span> <span class='ocrx_word' id='word_1_238' title='bbox 1014 5394 1150 5468; x_wconf 82' lang='lat' dir='ltr'><strong>per</strong></span> <span class='ocrx_word' id='word_1_239' title='bbox 1183 5369 1368 5444; x_wconf 90' lang='lat' dir='ltr'><strong>illud</strong></span> <span class='ocrx_word' id='word_1_240' title='bbox 1415 5397 1824 5470; x_wconf 85' lang='lat' dir='ltr'><strong>possumus</strong></span> <span class='ocrx_word' id='word_1_241' title='bbox 1867 5399 2006 5449; x_wconf 91' lang='lat' dir='ltr'><strong>nos</strong></span> 
     </span>
     <span class='ocr_line' id='line_1_48' title="bbox 469 5486 2006 5589; baseline 0.001 -24"><span class='ocrx_word' id='word_1_242' title='bbox 469 5499 882 5565; x_wconf 83' lang='lat' dir='ltr'><strong>averterea</strong></span> <span class='ocrx_word' id='word_1_243' title='bbox 910 5486 1061 5561; x_wconf 84' lang='lat' dir='ltr'><strong>sine</strong></span> <span class='ocrx_word' id='word_1_244' title='bbox 1106 5514 1124 5579; x_wconf 89' lang='lat'><em>3</em></span> <span class='ocrx_word' id='word_1_245' title='bbox 1180 5488 1308 5561; x_wconf 90' lang='lat' dir='ltr'><strong>sed</strong></span> <span class='ocrx_word' id='word_1_246' title='bbox 1347 5513 1542 5588; x_wconf 87' lang='lat' dir='ltr'><strong>opus</strong></span> <span class='ocrx_word' id='word_1_247' title='bbox 1585 5500 1698 5565; x_wconf 90' lang='lat' dir='ltr'><strong>est</strong></span> <span class='ocrx_word' id='word_1_248' title='bbox 1730 5493 2006 5589; x_wconf 86' lang='lat' dir='ltr'><strong>hujus-</strong></span> 
     </span>
     <span class='ocr_line' id='line_1_49' title="bbox 471 5604 1155 5700; baseline -0.004 -23"><span class='ocrx_word' id='word_1_249' title='bbox 471 5604 720 5697; x_wconf 92' lang='lat' dir='ltr'><strong>modi3</strong></span> <span class='ocrx_word' id='word_1_250' title='bbox 766 5626 976 5700; x_wconf 84' lang='lat' dir='ltr'><strong>ergO,</strong></span> <span class='ocrx_word' id='word_1_251' title='bbox 1012 5612 1155 5677; x_wconf 84' lang='lat' dir='ltr'><strong>etc.</strong></span> 
     </span>
    </p>
   </div>
   <div class='ocr_carea' id='block_1_13' title="bbox 3552 404 3681 473">
    <p class='ocr_par' dir='ltr' id='par_1_16' title="bbox 3552 404 3681 473">
     <span class='ocr_line' id='line_1_50' title="bbox 3552 404 3681 473; baseline -0.016 0"><span class='ocrx_word' id='word_1_252' title='bbox 3552 404 3681 473; x_wconf 73' lang='lat'><strong>21⁵</strong></span> 
     </span>
    </p>
   </div>
   <div class='ocr_carea' id='block_1_14' title="bbox 2137 584 3681 1040">
    <p class='ocr_par' dir='ltr' id='par_1_17' title="bbox 2137 584 3681 1040">
     <span class='ocr_line' id='line_1_51' title="bbox 2235 584 3679 666; baseline -0.006 -1"><span class='ocrx_word' id='word_1_253' title='bbox 2235 593 2517 666; x_wconf 77' lang='lat' dir='ltr'><strong>Contra</strong></span> <span class='ocrx_word' id='word_1_254' title='bbox 2556 591 2630 664; x_wconf 92' lang='lat' dir='ltr'><strong>in</strong></span> <span class='ocrx_word' id='word_1_255' title='bbox 2680 592 2983 665; x_wconf 90' lang='lat' dir='ltr'><strong>Psalmo</strong></span> <span class='ocrx_word' id='word_1_256' title='bbox 3026 590 3144 663; x_wconf 88' lang='grc'><strong>61.</strong></span> <span class='ocrx_word' id='word_1_257' title='bbox 3179 586 3475 664; x_wconf 81' lang='lat' dir='ltr'><strong>Reddet</strong></span> <span class='ocrx_word' id='word_1_258' title='bbox 3502 584 3679 659; x_wconf 82' lang='lat' dir='ltr'><strong>uni-</strong></span> 
     </span>
     <span class='ocr_line' id='line_1_52' title="bbox 2137 706 3680 807; baseline -0.006 -23"><span class='ocrx_word' id='word_1_259' title='bbox 2137 711 2410 802; x_wconf 76' lang='lat' dir='ltr'><strong>cuique</strong></span> <span class='ocrx_word' id='word_1_260' title='bbox 2448 709 2868 784; x_wconf 77' lang='lat' dir='ltr'><strong>seeundum</strong></span> <span class='ocrx_word' id='word_1_261' title='bbox 2938 731 3170 807; x_wconf 81' lang='lat' dir='ltr'><strong>opera</strong></span> <span class='ocrx_word' id='word_1_262' title='bbox 3197 730 3361 780; x_wconf 80' lang='lat' dir='ltr'><strong>sua.</strong></span> <span class='ocrx_word' id='word_1_263' title='bbox 3402 706 3491 777; x_wconf 86' lang='lat' dir='ltr'><strong>Et</strong></span> <span class='ocrx_word' id='word_1_264' title='bbox 3556 725 3680 775; x_wconf 90' lang='lat' dir='ltr'><strong>se-</strong></span> 
     </span>
     <span class='ocr_line' id='line_1_53' title="bbox 2137 823 3681 922; baseline -0.008 -20"><span class='ocrx_word' id='word_1_265' title='bbox 2137 826 2475 902; x_wconf 88' lang='lat' dir='ltr'><strong>cundum</strong></span> <span class='ocrx_word' id='word_1_266' title='bbox 2522 828 2931 918; x_wconf 85' lang='lat' dir='ltr'><strong>Joannem,</strong></span> <span class='ocrx_word' id='word_1_267' title='bbox 2982 824 3291 922; x_wconf 81' lang='lat' dir='ltr'><strong>Apocal.</strong></span> <span class='ocrx_word' id='word_1_268' title='bbox 3325 823 3395 893; x_wconf 81' lang='lat'><strong>3.</strong></span> <span class='ocrx_word' id='word_1_269' title='bbox 3450 841 3681 917; x_wconf 80' lang='lat' dir='ltr'><strong>opera</strong></span> 
     </span>
     <span class='ocr_line' id='line_1_54' title="bbox 2139 938 3370 1040; baseline -0.006 -23"><span class='ocrx_word' id='word_1_270' title='bbox 2139 967 2229 1017; x_wconf 80' lang='lat' dir='ltr'><strong>en</strong></span> <span class='ocrx_word' id='word_1_271' title='bbox 2242 944 2343 1016; x_wconf 85' lang='lat' dir='ltr'><strong>im</strong></span> <span class='ocrx_word' id='word_1_272' title='bbox 2369 942 2684 1017; x_wconf 76' lang='lat' dir='ltr'><strong>illorum</strong></span> <span class='ocrx_word' id='word_1_273' title='bbox 2724 947 3150 1040; x_wconf 75' lang='lat' dir='ltr'><strong>sequuntur</strong></span> <span class='ocrx_word' id='word_1_274' title='bbox 3173 938 3370 1012; x_wconf 80' lang='lat' dir='ltr'><strong>illos.</strong></span> 
     </span>
    </p>
   </div>
   <div class='ocr_carea' id='block_1_15' title="bbox 2603 1317 3191 1399">
    <p class='ocr_par' dir='ltr' id='par_1_18' title="bbox 2603 1317 3191 1399">
     <span class='ocr_line' id='line_1_55' title="bbox 2603 1317 3191 1399; baseline -0.022 0"><span class='ocrx_word' id='word_1_275' title='bbox 2603 1317 3026 1399; x_wconf 81' lang='lat' dir='ltr'><strong>QUAESTto</strong></span> <span class='ocrx_word' id='word_1_276' title='bbox 3078 1322 3191 1387; x_wconf 93' lang='lat' dir='ltr'><strong>lV.</strong></span> 
     </span>
    </p>
   </div>
   <div class='ocr_carea' id='block_1_16' title="bbox 2286 1501 3532 1693">
    <p class='ocr_par' dir='ltr' id='par_1_19' title="bbox 2286 1501 3532 1693">
     <span class='ocr_line' id='line_1_56' title="bbox 2286 1501 3532 1585; baseline 0 -17"><span class='ocrx_word' id='word_1_277' title='bbox 2286 1504 2523 1568; x_wconf 78' lang='lat' dir='ltr'><strong>Utrum</strong></span> <span class='ocrx_word' id='word_1_278' title='bbox 2604 1501 2857 1568; x_wconf 71' lang='lat' dir='ltr'><strong>divisio</strong></span> <span class='ocrx_word' id='word_1_279' title='bbox 2951 1502 3369 1585; x_wconf 74' lang='lat' dir='ltr'><strong>Hieronymi</strong></span> <span class='ocrx_word' id='word_1_280' title='bbox 3443 1503 3532 1568; x_wconf 85' lang='lat' dir='ltr'><strong>sit</strong></span> 
     </span>
     <span class='ocr_line' id='line_1_57' title="bbox 2688 1604 3125 1693; baseline -0.005 -19"><span class='ocrx_word' id='word_1_281' title='bbox 2688 1607 3050 1693; x_wconf 74' lang='lat' dir='ltr'><strong>sufficiens</strong></span> <span class='ocrx_word' id='word_1_282' title='bbox 3085 1604 3125 1672; x_wconf 73' lang='lat' dir='ltr'><em>P</em></span> 
     </span>
    </p>
   </div>
   <div class='ocr_carea' id='block_1_17' title="bbox 2136 1814 3679 2086">
    <p class='ocr_par' dir='ltr' id='par_1_20' title="bbox 2136 1814 3679 2086">
     <span class='ocr_line' id='line_1_58' title="bbox 2136 1814 3678 1888; baseline 0.002 -20"><span class='ocrx_word' id='word_1_283' title='bbox 2136 1818 2200 1868; x_wconf 82' lang='grc' dir='ltr'><strong>Ι).</strong></span> <span class='ocrx_word' id='word_1_284' title='bbox 2256 1814 2464 1869; x_wconf 83' lang='lat' dir='ltr'><strong>Hieron</strong></span> <span class='ocrx_word' id='word_1_285' title='bbox 2512 1830 2588 1868; x_wconf 91' lang='lat' dir='ltr'><strong>m.</strong></span> <span class='ocrx_word' id='word_1_286' title='bbox 2635 1816 2694 1868; x_wconf 83' lang='lat' dir='ltr'><strong>in</strong></span> <span class='ocrx_word' id='word_1_287' title='bbox 2744 1814 2936 1870; x_wconf 67' lang='lat' dir='ltr'><strong>ezech.</strong></span> <span class='ocrx_word' id='word_1_288' title='bbox 2982 1815 3048 1872; x_wconf 90' lang='lat' dir='ltr'><strong>D.</strong></span> <span class='ocrx_word' id='word_1_289' title='bbox 3097 1814 3302 1871; x_wconf 88' lang='lat' dir='ltr'><strong>Thom.</strong></span> <span class='ocrx_word' id='word_1_290' title='bbox 3345 1832 3385 1872; x_wconf 86' lang='grc' dir='ltr'><strong>ι.</strong></span> <span class='ocrx_word' id='word_1_291' title='bbox 3417 1815 3469 1869; x_wconf 93' lang='grc'><strong>2.</strong></span> <span class='ocrx_word' id='word_1_292' title='bbox 3505 1833 3557 1888; x_wconf 86' lang='lat' dir='ltr'><strong>q.</strong></span> <span class='ocrx_word' id='word_1_293' title='bbox 3588 1816 3678 1871; x_wconf 78' lang='lat'><strong>72.</strong></span> 
     </span>
     <span class='ocr_line' id='line_1_59' title="bbox 2206 1884 3679 1958; baseline 0.002 -19"><span class='ocrx_word' id='word_1_294' title='bbox 2206 1891 2313 1940; x_wconf 82' lang='lat' dir='ltr'><strong>art.</strong></span> <span class='ocrx_word' id='word_1_295' title='bbox 2346 1887 2400 1942; x_wconf 89' lang='lat'><strong>7.</strong></span> <span class='ocrx_word' id='word_1_296' title='bbox 2434 1904 2469 1940; x_wconf 80' lang='lat' dir='ltr'><strong>u</strong></span> <span class='ocrx_word' id='word_1_297' title='bbox 2511 1884 2736 1956; x_wconf 84' lang='lat' dir='ltr'><strong>iCajet.</strong></span> <span class='ocrx_word' id='word_1_298' title='bbox 2771 1886 3021 1942; x_wconf 77' lang='lat' dir='ltr'><strong>conrad.</strong></span> <span class='ocrx_word' id='word_1_299' title='bbox 3056 1887 3249 1942; x_wconf 81' lang='lat' dir='ltr'><strong>Bassol</strong></span> <span class='ocrx_word' id='word_1_300' title='bbox 3290 1886 3378 1941; x_wconf 75' lang='lat' dir='ltr'><strong>hic</strong></span> <span class='ocrx_word' id='word_1_301' title='bbox 3424 1904 3474 1958; x_wconf 84' lang='lat' dir='ltr'><strong>q.</strong></span> <span class='ocrx_word' id='word_1_302' title='bbox 3528 1889 3679 1942; x_wconf 69' lang='lat' dir='ltr'><strong>unic.</strong></span> 
     </span>
     <span class='ocr_line' id='line_1_60' title="bbox 2206 1957 3678 2026; baseline 0.001 -15"><span class='ocrx_word' id='word_1_303' title='bbox 2206 1965 2309 2011; x_wconf 85' lang='lat' dir='ltr'><strong>art.</strong></span> <span class='ocrx_word' id='word_1_304' title='bbox 2343 1958 2396 2011; x_wconf 87' lang='grc'><strong>2.</strong></span> <span class='ocrx_word' id='word_1_305' title='bbox 2428 1963 2479 2012; x_wconf 81' lang='lat' dir='ltr'><strong>et</strong></span> <span class='ocrx_word' id='word_1_306' title='bbox 2512 1958 2564 2011; x_wconf 89' lang='lat'><strong>3.</strong></span> <span class='ocrx_word' id='word_1_307' title='bbox 2599 1960 2760 2013; x_wconf 85' lang='lat' dir='ltr'><strong>Azor.</strong></span> <span class='ocrx_word' id='word_1_308' title='bbox 2797 1961 2925 2013; x_wconf 83' lang='lat' dir='ltr'><strong>tom.</strong></span> <span class='ocrx_word' id='word_1_309' title='bbox 2963 1974 3001 2012; x_wconf 82' lang='grc' dir='ltr'><strong>ι.</strong></span> <span class='ocrx_word' id='word_1_310' title='bbox 3029 1957 3122 2013; x_wconf 80' lang='lat' dir='ltr'><strong>lib.</strong></span> <span class='ocrx_word' id='word_1_311' title='bbox 3160 1959 3211 2015; x_wconf 83' lang='lat'><strong>4.</strong></span> <span class='ocrx_word' id='word_1_312' title='bbox 3253 1975 3377 2026; x_wconf 80' lang='lat' dir='ltr'><strong>cap.</strong></span> <span class='ocrx_word' id='word_1_313' title='bbox 3429 1959 3480 2013; x_wconf 83' lang='lat'><strong>4.</strong></span> <span class='ocrx_word' id='word_1_314' title='bbox 3529 1960 3678 2013; x_wconf 87' lang='lat' dir='ltr'><strong>Scot.</strong></span> 
     </span>
     <span class='ocr_line' id='line_1_61' title="bbox 2205 2030 2615 2086; baseline 0.007 -3"><span class='ocrx_word' id='word_1_315' title='bbox 2205 2031 2261 2083; x_wconf 84' lang='lat' dir='ltr'><strong>in</strong></span> <span class='ocrx_word' id='word_1_316' title='bbox 2294 2032 2476 2086; x_wconf 77' lang='lat' dir='ltr'><strong>Oxou.</strong></span> <span class='ocrx_word' id='word_1_317' title='bbox 2505 2030 2615 2086; x_wconf 69' lang='lat' dir='ltr'><strong>leto.</strong></span> 
     </span>
    </p>
   </div>
   <div class='ocr_carea' id='block_1_18' title="bbox 2127 2226 3679 2559">
    <p class='ocr_par' dir='ltr' id='par_1_21' title="bbox 2127 2226 3679 2559">
     <span class='ocr_line' id='line_1_62' title="bbox 2232 2226 3679 2324; baseline 0.003 -26"><span class='ocrx_word' id='word_1_318' title='bbox 2232 2226 2462 2300; x_wconf 89' lang='lat' dir='ltr'><strong>Juxta</strong></span> <span class='ocrx_word' id='word_1_319' title='bbox 2494 2228 2637 2301; x_wconf 89' lang='lat' dir='ltr'><strong>hoc</strong></span> <span class='ocrx_word' id='word_1_320' title='bbox 2680 2227 3054 2324; x_wconf 81' lang='lat' dir='ltr'><strong>quaeritur</strong></span> <span class='ocrx_word' id='word_1_321' title='bbox 3106 2251 3121 2302; x_wconf 77' lang='grc' dir='ltr'>ε</span> <span class='ocrx_word' id='word_1_322' title='bbox 3170 2227 3441 2303; x_wconf 78' lang='lat' dir='ltr'><strong>Utrum</strong></span> <span class='ocrx_word' id='word_1_323' title='bbox 3477 2229 3679 2302; x_wconf 81' lang='lat' dir='ltr'><strong>divi-</strong></span> 
     </span>
     <span class='ocr_line' id='line_1_63' title="bbox 2127 2343 3675 2444; baseline 0.001 -27"><span class='ocrx_word' id='word_1_324' title='bbox 2127 2344 2242 2417; x_wconf 81' lang='lat' dir='ltr'><strong>sio</strong></span> <span class='ocrx_word' id='word_1_325' title='bbox 2320 2343 2461 2418; x_wconf 76' lang='lat' dir='ltr'><strong>itta</strong></span> <span class='ocrx_word' id='word_1_326' title='bbox 2514 2345 2986 2444; x_wconf 77' lang='lat' dir='ltr'><strong>Hieronymi</strong></span> <span class='ocrx_word' id='word_1_327' title='bbox 3045 2347 3146 2419; x_wconf 77' lang='lat' dir='ltr'><strong>sit</strong></span> <span class='ocrx_word' id='word_1_328' title='bbox 3203 2344 3675 2444; x_wconf 76' lang='lat' dir='ltr'><strong>sufficiens?</strong></span> 
     </span>
     <span class='ocr_line' id='line_1_64' title="bbox 2130 2459 3317 2559; baseline 0.002 -26"><span class='ocrx_word' id='word_1_329' title='bbox 2130 2459 2583 2534; x_wconf 87' lang='lat' dir='ltr'><strong>Proceditur</strong></span> <span class='ocrx_word' id='word_1_330' title='bbox 2613 2461 2780 2536; x_wconf 91' lang='lat' dir='ltr'><strong>sine</strong></span> <span class='ocrx_word' id='word_1_331' title='bbox 2812 2461 3317 2559; x_wconf 65' lang='lat' dir='ltr'><strong>argumentis</strong></span> 
     </span>
    </p>
   </div>
   <div class='ocr_carea' id='block_1_19' title="bbox 2673 2747 3121 2808">
    <p class='ocr_par' dir='ltr' id='par_1_22' title="bbox 2673 2747 3121 2808">
     <span class='ocr_line' id='line_1_65' title="bbox 2673 2747 3121 2808; baseline 0.007 -3"><span class='ocrx_word' id='word_1_332' title='bbox 2673 2747 3035 2806; x_wconf 85' lang='lat' dir='ltr'><strong>SCHOLIUM</strong></span> <span class='ocrx_word' id='word_1_333' title='bbox 3078 2750 3121 2808; x_wconf 90' lang='lat'><strong>1.</strong></span> 
     </span>
    </p>
   </div>
   <div class='ocr_carea' id='block_1_20' title="bbox 2123 2899 3672 3151">
    <p class='ocr_par' dir='ltr' id='par_1_23' title="bbox 2123 2899 3672 3151">
     <span class='ocr_line' id='line_1_66' title="bbox 2193 2899 3667 2973; baseline 0.002 -18"><span class='ocrx_word' id='word_1_334' title='bbox 2193 2900 2313 2955; x_wconf 80' lang='lat' dir='ltr'><strong>Etsi</strong></span> <span class='ocrx_word' id='word_1_335' title='bbox 2349 2899 2572 2956; x_wconf 79' lang='lat' dir='ltr'><strong>malitia</strong></span> <span class='ocrx_word' id='word_1_336' title='bbox 2604 2900 2678 2955; x_wconf 79' lang='lat' dir='ltr'><strong>sit</strong></span> <span class='ocrx_word' id='word_1_337' title='bbox 2710 2899 2988 2972; x_wconf 77' lang='lat' dir='ltr'><strong>primario</strong></span> <span class='ocrx_word' id='word_1_338' title='bbox 3042 2900 3098 2954; x_wconf 90' lang='lat' dir='ltr'><strong>in</strong></span> <span class='ocrx_word' id='word_1_339' title='bbox 3152 2906 3282 2956; x_wconf 81' lang='lat' dir='ltr'><strong>actu</strong></span> <span class='ocrx_word' id='word_1_340' title='bbox 3329 2901 3667 2973; x_wconf 84' lang='lat' dir='ltr'><strong>voluntatis,</strong></span> 
     </span>
     <span class='ocr_line' id='line_1_67' title="bbox 2123 2988 3668 3048; baseline 0.001 -1"><span class='ocrx_word' id='word_1_341' title='bbox 2123 2998 2207 3047; x_wconf 85' lang='lat' dir='ltr'><strong>est</strong></span> <span class='ocrx_word' id='word_1_342' title='bbox 2238 2995 2434 3046; x_wconf 88' lang='lat' dir='ltr'><strong>tamen</strong></span> <span class='ocrx_word' id='word_1_343' title='bbox 2459 2988 2732 3045; x_wconf 83' lang='lat' dir='ltr'><strong>distincta</strong></span> <span class='ocrx_word' id='word_1_344' title='bbox 2763 2988 2980 3045; x_wconf 79' lang='lat' dir='ltr'><strong>malitie</strong></span> <span class='ocrx_word' id='word_1_345' title='bbox 3028 2990 3376 3046; x_wconf 67' lang='lat' dir='ltr'><strong>secundario</strong></span> <span class='ocrx_word' id='word_1_346' title='bbox 3430 2991 3486 3046; x_wconf 90' lang='lat' dir='ltr'><strong>in</strong></span> <span class='ocrx_word' id='word_1_347' title='bbox 3529 2992 3668 3048; x_wconf 81' lang='lat' dir='ltr'><strong>acti-</strong></span> 
     </span>
     <span class='ocr_line' id='line_1_68' title="bbox 2125 3078 3672 3151; baseline 0.003 -16"><span class='ocrx_word' id='word_1_348' title='bbox 2125 3080 2240 3136; x_wconf 78' lang='lat' dir='ltr'><strong>bus</strong></span> <span class='ocrx_word' id='word_1_349' title='bbox 2274 3078 2521 3136; x_wconf 79' lang='lat' dir='ltr'><strong>aliarum</strong></span> <span class='ocrx_word' id='word_1_350' title='bbox 2583 3078 2996 3151; x_wconf 80' lang='lat' dir='ltr'><strong>potentiarum,</strong></span> <span class='ocrx_word' id='word_1_351' title='bbox 3055 3079 3228 3136; x_wconf 78' lang='lat' dir='ltr'><strong>etiam</strong></span> <span class='ocrx_word' id='word_1_352' title='bbox 3282 3082 3551 3137; x_wconf 85' lang='lat' dir='ltr'><strong>externis.</strong></span> <span class='ocrx_word' id='word_1_353' title='bbox 3586 3082 3672 3140; x_wconf 81' lang='lat' dir='ltr'><strong>Ita</strong></span> 
     </span>
    </p>
   </div>
   <div class='ocr_carea' id='block_1_21' title="bbox 2117 3170 3675 4318">
    <p class='ocr_par' dir='ltr' id='par_1_24' title="bbox 2117 3170 3675 4318">
     <span class='ocr_line' id='line_1_69' title="bbox 2124 3170 3668 3243; baseline 0.003 -16"><span class='ocrx_word' id='word_1_354' title='bbox 2124 3176 2331 3229; x_wconf 90' lang='lat' dir='ltr'><strong>Doctor</strong></span> <span class='ocrx_word' id='word_1_355' title='bbox 2360 3172 2452 3227; x_wconf 76' lang='lat' dir='ltr'><strong>hic</strong></span> <span class='ocrx_word' id='word_1_356' title='bbox 2487 3172 2547 3228; x_wconf 88' lang='lat' dir='ltr'><strong>in</strong></span> <span class='ocrx_word' id='word_1_357' title='bbox 2588 3170 2769 3228; x_wconf 82' lang='lat' dir='ltr'><strong>Oxou.</strong></span> <span class='ocrx_word' id='word_1_358' title='bbox 2806 3179 2856 3228; x_wconf 87' lang='lat' dir='ltr'><strong>et</strong></span> <span class='ocrx_word' id='word_1_359' title='bbox 2892 3170 3065 3228; x_wconf 81' lang='lat' dir='ltr'><strong>latius</strong></span> <span class='ocrx_word' id='word_1_360' title='bbox 3095 3172 3293 3243; x_wconf 78' lang='lat' dir='ltr'><strong>quodi,</strong></span> <span class='ocrx_word' id='word_1_361' title='bbox 3329 3173 3413 3231; x_wconf 84' lang='lat'><strong>18.</strong></span> <span class='ocrx_word' id='word_1_362' title='bbox 3452 3180 3562 3232; x_wconf 69' lang='lat' dir='ltr'><strong>art.</strong></span> <span class='ocrx_word' id='word_1_363' title='bbox 3614 3178 3668 3232; x_wconf 88' lang='lat'><strong>3.</strong></span> 
     </span>
     <span class='ocr_line' id='line_1_70' title="bbox 2121 3258 3667 3330; baseline 0.004 -18"><span class='ocrx_word' id='word_1_364' title='bbox 2121 3275 2222 3330; x_wconf 85' lang='lat' dir='ltr'><strong>pro</strong></span> <span class='ocrx_word' id='word_1_365' title='bbox 2254 3276 2371 3330; x_wconf 88' lang='lat' dir='ltr'><strong>quo</strong></span> <span class='ocrx_word' id='word_1_366' title='bbox 2407 3259 2620 3314; x_wconf 84' lang='lat' dir='ltr'><strong>multos</strong></span> <span class='ocrx_word' id='word_1_367' title='bbox 2650 3259 2778 3313; x_wconf 73' lang='lat' dir='ltr'><strong>vide</strong></span> <span class='ocrx_word' id='word_1_368' title='bbox 2812 3259 2868 3313; x_wconf 88' lang='lat' dir='ltr'><strong>in</strong></span> <span class='ocrx_word' id='word_1_369' title='bbox 2901 3258 3080 3315; x_wconf 85' lang='lat' dir='ltr'><strong>Oxou.</strong></span> <span class='ocrx_word' id='word_1_370' title='bbox 3116 3260 3172 3314; x_wconf 87' lang='lat' dir='ltr'><strong>in</strong></span> <span class='ocrx_word' id='word_1_371' title='bbox 3225 3258 3456 3316; x_wconf 87' lang='lat' dir='ltr'><strong>Scholio</strong></span> <span class='ocrx_word' id='word_1_372' title='bbox 3505 3278 3667 3319; x_wconf 88' lang='lat' dir='ltr'><strong>num.</strong></span> 
     </span>
     <span class='ocr_line' id='line_1_71' title="bbox 2119 3347 3668 3417; baseline 0.001 -16"><span class='ocrx_word' id='word_1_373' title='bbox 2119 3363 2159 3401; x_wconf 85' lang='lat'><strong>1.</strong></span> <span class='ocrx_word' id='word_1_374' title='bbox 2195 3348 2346 3417; x_wconf 90' lang='lat' dir='ltr'><strong>quod</strong></span> <span class='ocrx_word' id='word_1_375' title='bbox 2381 3347 2462 3403; x_wconf 85' lang='lat' dir='ltr'><strong>ait</strong></span> <span class='ocrx_word' id='word_1_376' title='bbox 2497 3365 2510 3403; x_wconf 75' lang='grc' dir='ltr'><strong><em>ε</em></strong></span> <span class='ocrx_word' id='word_1_377' title='bbox 2543 3349 2829 3403; x_wconf 76' lang='lat' dir='ltr'><strong>Peccatum</strong></span> <span class='ocrx_word' id='word_1_378' title='bbox 2863 3348 3183 3417; x_wconf 77' lang='lat' dir='ltr'><strong>formaliter</strong></span> <span class='ocrx_word' id='word_1_379' title='bbox 3210 3364 3320 3404; x_wconf 77' lang='lat' dir='ltr'><strong>esse</strong></span> <span class='ocrx_word' id='word_1_380' title='bbox 3365 3351 3424 3404; x_wconf 83' lang='lat' dir='ltr'><strong>in</strong></span> <span class='ocrx_word' id='word_1_381' title='bbox 3470 3348 3668 3405; x_wconf 83' lang='lat' dir='ltr'><strong>volun·</strong></span> 
     </span>
     <span class='ocr_line' id='line_1_72' title="bbox 2117 3436 3667 3508; baseline 0.003 -19"><span class='ocrx_word' id='word_1_382' title='bbox 2117 3440 2250 3505; x_wconf 83' lang='lat' dir='ltr'><strong>tate,</strong></span> <span class='ocrx_word' id='word_1_383' title='bbox 2282 3446 2334 3492; x_wconf 86' lang='lat' dir='ltr'><strong>et</strong></span> <span class='ocrx_word' id='word_1_384' title='bbox 2392 3438 2758 3493; x_wconf 76' lang='lat' dir='ltr'><strong>materialiter</strong></span> <span class='ocrx_word' id='word_1_385' title='bbox 2815 3438 2874 3491; x_wconf 84' lang='lat' dir='ltr'><strong>in</strong></span> <span class='ocrx_word' id='word_1_386' title='bbox 2929 3436 3057 3491; x_wconf 71' lang='lat' dir='ltr'><strong>aliis</strong></span> <span class='ocrx_word' id='word_1_387' title='bbox 3111 3436 3386 3508; x_wconf 78' lang='lat' dir='ltr'><strong>potentiis,</strong></span> <span class='ocrx_word' id='word_1_388' title='bbox 3440 3442 3667 3493; x_wconf 75' lang='lat' dir='ltr'><strong>tantum</strong></span> 
     </span>
     <span class='ocr_line' id='line_1_73' title="bbox 2120 3526 3675 3601; baseline 0.002 -20"><span class='ocrx_word' id='word_1_389' title='bbox 2120 3526 2242 3582; x_wconf 88' lang='lat' dir='ltr'><strong>vult</strong></span> <span class='ocrx_word' id='word_1_390' title='bbox 2271 3526 2553 3582; x_wconf 83' lang='lat' dir='ltr'><strong>malitiam</strong></span> <span class='ocrx_word' id='word_1_391' title='bbox 2592 3543 2705 3583; x_wconf 89' lang='lat' dir='ltr'><strong>non</strong></span> <span class='ocrx_word' id='word_1_392' title='bbox 2737 3543 2866 3582; x_wconf 80' lang='lat' dir='ltr'><strong>esse</strong></span> <span class='ocrx_word' id='word_1_393' title='bbox 2888 3527 2944 3582; x_wconf 88' lang='lat' dir='ltr'><strong>in</strong></span> <span class='ocrx_word' id='word_1_394' title='bbox 2982 3526 3114 3583; x_wconf 82' lang='lat' dir='ltr'><strong>aliis</strong></span> <span class='ocrx_word' id='word_1_395' title='bbox 3148 3528 3394 3596; x_wconf 70' lang='lat' dir='ltr'><strong>actibuS,</strong></span> <span class='ocrx_word' id='word_1_396' title='bbox 3424 3528 3538 3584; x_wconf 83' lang='lat' dir='ltr'><strong>nisi</strong></span> <span class='ocrx_word' id='word_1_397' title='bbox 3574 3544 3675 3601; x_wconf 87' lang='lat' dir='ltr'><strong>per</strong></span> 
     </span>
     <span class='ocr_line' id='line_1_74' title="bbox 2120 3614 3674 3687; baseline 0.001 -16"><span class='ocrx_word' id='word_1_398' title='bbox 2120 3616 2665 3672; x_wconf 77' lang='lat' dir='ltr'><strong>determinationem</strong></span> <span class='ocrx_word' id='word_1_399' title='bbox 2707 3614 3044 3683; x_wconf 77' lang='lat' dir='ltr'><strong>voluntatis,</strong></span> <span class='ocrx_word' id='word_1_400' title='bbox 3093 3633 3211 3687; x_wconf 82' lang='lat' dir='ltr'><strong>qua</strong></span> <span class='ocrx_word' id='word_1_401' title='bbox 3250 3617 3436 3687; x_wconf 77' lang='lat' dir='ltr'><strong>posita</strong></span> <span class='ocrx_word' id='word_1_402' title='bbox 3474 3626 3674 3672; x_wconf 81' lang='lat' dir='ltr'><strong>contra</strong></span> 
     </span>
     <span class='ocr_line' id='line_1_75' title="bbox 2122 3704 3670 3776; baseline 0.001 -16"><span class='ocrx_word' id='word_1_403' title='bbox 2122 3710 2334 3762; x_wconf 78' lang='lat' dir='ltr'><strong>rectam</strong></span> <span class='ocrx_word' id='word_1_404' title='bbox 2367 3706 2672 3772; x_wconf 67' lang='lat' dir='ltr'><strong>rationem,</strong></span> <span class='ocrx_word' id='word_1_405' title='bbox 2706 3709 2795 3760; x_wconf 86' lang='lat' dir='ltr'><strong>cst</strong></span> <span class='ocrx_word' id='word_1_406' title='bbox 2826 3704 2881 3758; x_wconf 90' lang='lat' dir='ltr'><strong>in</strong></span> <span class='ocrx_word' id='word_1_407' title='bbox 2913 3704 3055 3776; x_wconf 85' lang='lat' dir='ltr'><strong>ipsis</strong></span> <span class='ocrx_word' id='word_1_408' title='bbox 3103 3705 3379 3760; x_wconf 82' lang='lat' dir='ltr'><strong>distincta</strong></span> <span class='ocrx_word' id='word_1_409' title='bbox 3431 3705 3670 3774; x_wconf 83' lang='lat' dir='ltr'><strong>malitia,</strong></span> 
     </span>
     <span class='ocr_line' id='line_1_76' title="bbox 2119 3794 3669 3866; baseline 0.001 -16"><span class='ocrx_word' id='word_1_410' title='bbox 2119 3803 2175 3850; x_wconf 85' lang='lat' dir='ltr'><strong>et</strong></span> <span class='ocrx_word' id='word_1_411' title='bbox 2209 3800 2505 3864; x_wconf 83' lang='lat' dir='ltr'><strong>peccatum</strong></span> <span class='ocrx_word' id='word_1_412' title='bbox 2542 3794 2860 3849; x_wconf 82' lang='lat' dir='ltr'><strong>formaliter</strong></span> <span class='ocrx_word' id='word_1_413' title='bbox 2891 3795 3086 3850; x_wconf 82' lang='lat' dir='ltr'><strong>minus</strong></span> <span class='ocrx_word' id='word_1_414' title='bbox 3118 3794 3532 3866; x_wconf 75' lang='lat' dir='ltr'><strong>principaliter,</strong></span> <span class='ocrx_word' id='word_1_415' title='bbox 3585 3797 3669 3851; x_wconf 82' lang='lat' dir='ltr'><strong>sic</strong></span> 
     </span>
     <span class='ocr_line' id='line_1_77' title="bbox 2119 3882 3668 3955; baseline -0.001 -16"><span class='ocrx_word' id='word_1_416' title='bbox 2119 3890 2257 3940; x_wconf 84' lang='lat' dir='ltr'><strong>sunt</strong></span> <span class='ocrx_word' id='word_1_417' title='bbox 2288 3884 2450 3954; x_wconf 84' lang='lat' dir='ltr'><strong>quasi</strong></span> <span class='ocrx_word' id='word_1_418' title='bbox 2486 3882 2781 3939; x_wconf 81' lang='lat' dir='ltr'><strong>materiale</strong></span> <span class='ocrx_word' id='word_1_419' title='bbox 2834 3888 3096 3953; x_wconf 84' lang='lat' dir='ltr'><strong>respectu</strong></span> <span class='ocrx_word' id='word_1_420' title='bbox 3149 3884 3501 3950; x_wconf 75' lang='lat' dir='ltr'><strong>voluntatis3</strong></span> <span class='ocrx_word' id='word_1_421' title='bbox 3553 3901 3668 3955; x_wconf 87' lang='lat' dir='ltr'><strong>quo</strong></span> 
     </span>
     <span class='ocr_line' id='line_1_78' title="bbox 2119 3973 3669 4045; baseline -0.002 -15"><span class='ocrx_word' id='word_1_422' title='bbox 2119 3991 2295 4031; x_wconf 85' lang='lat' dir='ltr'><strong>sensu</strong></span> <span class='ocrx_word' id='word_1_423' title='bbox 2329 3975 2472 4030; x_wconf 86' lang='lat' dir='ltr'><strong>dixit</strong></span> <span class='ocrx_word' id='word_1_424' title='bbox 2498 3975 2702 4029; x_wconf 84' lang='lat' dir='ltr'><strong>Doctor</strong></span> <span class='ocrx_word' id='word_1_425' title='bbox 2726 3975 2784 4029; x_wconf 87' lang='lat' dir='ltr'><strong>in</strong></span> <span class='ocrx_word' id='word_1_426' title='bbox 2815 3973 2997 4029; x_wconf 87' lang='lat' dir='ltr'><strong>Oxon.</strong></span> <span class='ocrx_word' id='word_1_427' title='bbox 3032 3974 3089 4027; x_wconf 91' lang='lat' dir='ltr'><strong>d.</strong></span> <span class='ocrx_word' id='word_1_428' title='bbox 3123 3975 3211 4029; x_wconf 82' lang='lat'><strong>37.</strong></span> <span class='ocrx_word' id='word_1_429' title='bbox 3246 3991 3301 4045; x_wconf 87' lang='lat' dir='ltr'><strong>q.</strong></span> <span class='ocrx_word' id='word_1_430' title='bbox 3346 3976 3401 4028; x_wconf 84' lang='lat'><strong>2.</strong></span> <span class='ocrx_word' id='word_1_431' title='bbox 3462 3977 3489 4042; x_wconf 67' lang='grc' dir='ltr'><strong>ἓ</strong></span> <span class='ocrx_word' id='word_1_432' title='bbox 3524 3980 3669 4030; x_wconf 80' lang='lat' dir='ltr'><strong>Gon-</strong></span> 
     </span>
     <span class='ocr_line' id='line_1_79' title="bbox 2117 4062 3670 4134; baseline -0.003 -12"><span class='ocrx_word' id='word_1_433' title='bbox 2117 4066 2243 4122; x_wconf 80' lang='lat' dir='ltr'><strong>cedo</strong></span> <span class='ocrx_word' id='word_1_434' title='bbox 2268 4067 2444 4132; x_wconf 66' lang='grc' dir='ltr'><strong>ἐρίων</strong></span> <span class='ocrx_word' id='word_1_435' title='bbox 2464 4065 2602 4119; x_wconf 82' lang='lat' dir='ltr'><strong>velte</strong></span> <span class='ocrx_word' id='word_1_436' title='bbox 2631 4080 2760 4118; x_wconf 84' lang='lat' dir='ltr'><strong>esse</strong></span> <span class='ocrx_word' id='word_1_437' title='bbox 2792 4062 3092 4119; x_wconf 81' lang='lat' dir='ltr'><strong>materiale</strong></span> <span class='ocrx_word' id='word_1_438' title='bbox 3139 4063 3381 4131; x_wconf 81' lang='lat' dir='ltr'><strong>peccati,</strong></span> <span class='ocrx_word' id='word_1_439' title='bbox 3434 4080 3547 4134; x_wconf 75' lang='lat' dir='ltr'><strong>qua</strong></span> <span class='ocrx_word' id='word_1_440' title='bbox 3578 4065 3670 4117; x_wconf 87' lang='lat' dir='ltr'><strong>de·</strong></span> 
     </span>
     <span class='ocr_line' id='line_1_80' title="bbox 2123 4153 3670 4227; baseline -0.001 -17"><span class='ocrx_word' id='word_1_441' title='bbox 2123 4159 2473 4212; x_wconf 84' lang='lat' dir='ltr'><strong>terminatur</strong></span> <span class='ocrx_word' id='word_1_442' title='bbox 2520 4171 2622 4227; x_wconf 71' lang='grc' dir='ltr'><strong>μοι·</strong></span> <span class='ocrx_word' id='word_1_443' title='bbox 2676 4153 3052 4226; x_wconf 82' lang='lat' dir='ltr'><strong>privationem</strong></span> <span class='ocrx_word' id='word_1_444' title='bbox 3103 4154 3492 4222; x_wconf 80' lang='lat' dir='ltr'><strong>rectitudinis,</strong></span> <span class='ocrx_word' id='word_1_445' title='bbox 3542 4154 3670 4209; x_wconf 81' lang='lat' dir='ltr'><strong>eine</strong></span> 
     </span>
     <span class='ocr_line' id='line_1_81' title="bbox 2117 4250 2845 4318; baseline -0.004 -17"><span class='ocrx_word' id='word_1_446' title='bbox 2117 4263 2234 4317; x_wconf 88' lang='lat' dir='ltr'><strong>qua</strong></span> <span class='ocrx_word' id='word_1_447' title='bbox 2265 4250 2561 4318; x_wconf 80' lang='lat' dir='ltr'><strong>peccatum</strong></span> <span class='ocrx_word' id='word_1_448' title='bbox 2598 4261 2709 4299; x_wconf 89' lang='lat' dir='ltr'><strong>non</strong></span> <span class='ocrx_word' id='word_1_449' title='bbox 2740 4251 2845 4300; x_wconf 83' lang='lat' dir='ltr'><strong>est.</strong></span> 
     </span>
    </p>
   </div>
   <div class='ocr_carea' id='block_1_22' title="bbox 2116 4436 3665 4777">
    <p class='ocr_par' dir='ltr' id='par_1_25' title="bbox 2116 4436 3665 4777">
     <span class='ocr_line' id='line_1_82' title="bbox 2216 4436 3660 4514; baseline -0.001 -2"><span class='ocrx_word' id='word_1_450' title='bbox 2216 4437 2610 4514; x_wconf 80' lang='lat' dir='ltr'><strong>Praemitto</strong></span> <span class='ocrx_word' id='word_1_451' title='bbox 2652 4436 2760 4511; x_wconf 75' lang='lat' dir='ltr'><strong>&#39;ad</strong></span> <span class='ocrx_word' id='word_1_452' title='bbox 2821 4436 3284 4512; x_wconf 87' lang='lat' dir='ltr'><strong>solutionem</strong></span> <span class='ocrx_word' id='word_1_453' title='bbox 3341 4436 3660 4511; x_wconf 87' lang='lat' dir='ltr'><strong>istarum</strong></span> 
     </span>
     <span class='ocr_line' id='line_1_83' title="bbox 2116 4553 3665 4654; baseline -0.003 -23"><span class='ocrx_word' id='word_1_454' title='bbox 2116 4555 2633 4654; x_wconf 72' lang='lat' dir='ltr'><strong>quaestionum</strong></span> <span class='ocrx_word' id='word_1_455' title='bbox 2686 4576 2924 4627; x_wconf 91' lang='lat' dir='ltr'><strong>unum</strong></span> <span class='ocrx_word' id='word_1_456' title='bbox 2989 4554 3381 4649; x_wconf 87' lang='lat' dir='ltr'><strong>generale,</strong></span> <span class='ocrx_word' id='word_1_457' title='bbox 3449 4553 3665 4642; x_wconf 77' lang='lat' dir='ltr'><strong>scili-</strong></span> 
     </span>
     <span class='ocr_line' id='line_1_84' title="bbox 2117 4668 3662 4777; baseline -0.003 -29"><span class='ocrx_word' id='word_1_458' title='bbox 2117 4682 2234 4748; x_wconf 85' lang='lat' dir='ltr'><strong>cet</strong></span> <span class='ocrx_word' id='word_1_459' title='bbox 2267 4671 2470 4770; x_wconf 92' lang='lat' dir='ltr'><strong>quod</strong></span> <span class='ocrx_word' id='word_1_460' title='bbox 2498 4669 2609 4769; x_wconf 88' lang='lat' dir='ltr'><strong>pri</strong></span> <span class='ocrx_word' id='word_1_461' title='bbox 2624 4693 2757 4777; x_wconf 23' lang='lat' dir='ltr'><strong>mo·</strong></span> <span class='ocrx_word' id='word_1_462' title='bbox 2776 4677 2891 4744; x_wconf 88' lang='lat' dir='ltr'><strong>est</strong></span> <span class='ocrx_word' id='word_1_463' title='bbox 2922 4668 3338 4743; x_wconf 82' lang='lat' dir='ltr'><strong>formaliter</strong></span> <span class='ocrx_word' id='word_1_464' title='bbox 3369 4693 3522 4743; x_wconf 90' lang='lat' dir='ltr'><strong>non</strong></span> <span class='ocrx_word' id='word_1_465' title='bbox 3549 4680 3662 4744; x_wconf 89' lang='lat' dir='ltr'><strong>est</strong></span> 
     </span>
    </p>
   </div>
   <div class='ocr_carea' id='block_1_23' title="bbox 2111 4905 3660 5585">
    <p class='ocr_par' dir='ltr' id='par_1_26' title="bbox 2111 4905 3660 5585">
     <span class='ocr_line' id='line_1_85' title="bbox 2115 4905 3660 5005; baseline -0.002 -21"><span class='ocrx_word' id='word_1_466' title='bbox 2115 4909 2321 4984; x_wconf 91' lang='lat' dir='ltr'><strong>batio</strong></span> <span class='ocrx_word' id='word_1_467' title='bbox 2361 4933 2374 4982; x_wconf 91' lang='lat'>:</span> <span class='ocrx_word' id='word_1_468' title='bbox 2426 4908 2564 4982; x_wconf 91' lang='lat' dir='ltr'><strong>Illa</strong></span> <span class='ocrx_word' id='word_1_469' title='bbox 2598 4905 2913 4999; x_wconf 85' lang='lat' dir='ltr'><strong>malitia,</strong></span> <span class='ocrx_word' id='word_1_470' title='bbox 2946 4928 3121 5002; x_wconf 81' lang='lat' dir='ltr'><strong>quae</strong></span> <span class='ocrx_word' id='word_1_471' title='bbox 3155 4905 3434 4979; x_wconf 87' lang='lat' dir='ltr'><strong>dicitur</strong></span> <span class='ocrx_word' id='word_1_472' title='bbox 3470 4930 3660 5005; x_wconf 84' lang='lat' dir='ltr'><strong>pec-</strong></span> 
     </span>
     <span class='ocr_line' id='line_1_86' title="bbox 2115 5022 3658 5119; baseline -0.001 -20"><span class='ocrx_word' id='word_1_473' title='bbox 2115 5032 2397 5118; x_wconf 76' lang='lat' dir='ltr'><strong>catum,</strong></span> <span class='ocrx_word' id='word_1_474' title='bbox 2434 5034 2547 5099; x_wconf 92' lang='lat' dir='ltr'><strong>est</strong></span> <span class='ocrx_word' id='word_1_475' title='bbox 2577 5022 2948 5119; x_wconf 89' lang='lat' dir='ltr'><strong>injustitia</strong></span> <span class='ocrx_word' id='word_1_476' title='bbox 2979 5022 3300 5096; x_wconf 87' lang='lat' dir='ltr'><strong>actualis</strong></span> <span class='ocrx_word' id='word_1_477' title='bbox 3338 5024 3460 5098; x_wconf 89' lang='lat' dir='ltr'><strong>vel</strong></span> <span class='ocrx_word' id='word_1_478' title='bbox 3519 5026 3658 5097; x_wconf 88' lang='lat' dir='ltr'><strong>ha-</strong></span> 
     </span>
     <span class='ocr_line' id='line_1_87' title="bbox 2115 5138 3657 5235; baseline -0.003 -18"><span class='ocrx_word' id='word_1_479' title='bbox 2115 5140 2466 5235; x_wconf 89' lang='lat' dir='ltr'><strong>bitualis3</strong></span> <span class='ocrx_word' id='word_1_480' title='bbox 2523 5140 2597 5212; x_wconf 93' lang='lat' dir='ltr'><strong>in</strong></span> <span class='ocrx_word' id='word_1_481' title='bbox 2644 5162 2734 5213; x_wconf 95' lang='lat' dir='ltr'><strong>eo</strong></span> <span class='ocrx_word' id='word_1_482' title='bbox 2814 5138 3046 5234; x_wconf 83' lang='lat' dir='ltr'><strong>igitur</strong></span> <span class='ocrx_word' id='word_1_483' title='bbox 3103 5147 3217 5213; x_wconf 88' lang='lat' dir='ltr'><strong>est</strong></span> <span class='ocrx_word' id='word_1_484' title='bbox 3257 5148 3657 5235; x_wconf 85' lang='lat' dir='ltr'><strong>peecatum</strong></span> 
     </span>
     <span class='ocr_line' id='line_1_88' title="bbox 2114 5251 3654 5353; baseline -0.002 -25"><span class='ocrx_word' id='word_1_485' title='bbox 2114 5256 2194 5328; x_wconf 86' lang='lat' dir='ltr'><strong>in</strong></span> <span class='ocrx_word' id='word_1_486' title='bbox 2237 5278 2390 5353; x_wconf 90' lang='lat' dir='ltr'><strong>quo</strong></span> <span class='ocrx_word' id='word_1_487' title='bbox 2423 5261 2538 5327; x_wconf 87' lang='lat' dir='ltr'><strong>est</strong></span> <span class='ocrx_word' id='word_1_488' title='bbox 2567 5251 2864 5350; x_wconf 87' lang='lat' dir='ltr'><strong>justitia</strong></span> <span class='ocrx_word' id='word_1_489' title='bbox 2897 5279 2915 5344; x_wconf 91' lang='lat'><em>3</em></span> <span class='ocrx_word' id='word_1_490' title='bbox 2967 5251 3133 5326; x_wconf 80' lang='lat' dir='ltr'><strong>haec</strong></span> <span class='ocrx_word' id='word_1_491' title='bbox 3166 5260 3418 5325; x_wconf 86' lang='lat' dir='ltr'><strong>autem</strong></span> <span class='ocrx_word' id='word_1_492' title='bbox 3499 5276 3654 5326; x_wconf 92' lang='lat' dir='ltr'><strong>non</strong></span> 
     </span>
     <span class='ocr_line' id='line_1_89' title="bbox 2114 5371 3658 5466; baseline -0.005 -17"><span class='ocrx_word' id='word_1_493' title='bbox 2114 5384 2229 5449; x_wconf 92' lang='lat' dir='ltr'><strong>est</strong></span> <span class='ocrx_word' id='word_1_494' title='bbox 2262 5372 2407 5446; x_wconf 87' lang='lat' dir='ltr'><strong>nisi</strong></span> <span class='ocrx_word' id='word_1_495' title='bbox 2478 5372 2553 5444; x_wconf 92' lang='lat' dir='ltr'><strong>in</strong></span> <span class='ocrx_word' id='word_1_496' title='bbox 2607 5371 3034 5462; x_wconf 85' lang='lat' dir='ltr'><strong>voluntate,</strong></span> <span class='ocrx_word' id='word_1_497' title='bbox 3110 5379 3190 5443; x_wconf 94' lang='lat' dir='ltr'><strong>ut</strong></span> <span class='ocrx_word' id='word_1_498' title='bbox 3257 5378 3464 5466; x_wconf 89' lang='lat' dir='ltr'><strong>patet</strong></span> <span class='ocrx_word' id='word_1_499' title='bbox 3522 5393 3658 5466; x_wconf 85' lang='lat' dir='ltr'><strong>per</strong></span> 
     </span>
     <span class='ocr_line' id='line_1_90' title="bbox 2111 5486 3655 5585; baseline -0.005 -20"><span class='ocrx_word' id='word_1_500' title='bbox 2111 5492 2593 5581; x_wconf 86' lang='lat' dir='ltr'><strong>Anselmum,</strong></span> <span class='ocrx_word' id='word_1_501' title='bbox 2679 5511 2845 5585; x_wconf 81' lang='lat' dir='ltr'><strong>cap.</strong></span> <span class='ocrx_word' id='word_1_502' title='bbox 2938 5487 3008 5559; x_wconf 79' lang='lat'><strong>4.</strong></span> <span class='ocrx_word' id='word_1_503' title='bbox 3083 5487 3176 5560; x_wconf 81' lang='lat' dir='ltr'><strong>de</strong></span> <span class='ocrx_word' id='word_1_504' title='bbox 3274 5486 3655 5583; x_wconf 79' lang='lat' dir='ltr'><strong>Conceptu</strong></span> 
     </span>
    </p>
   </div>
   <div class='ocr_carea' id='block_1_24' title="bbox 2127 5607 2416 5704">
    <p class='ocr_par' dir='ltr' id='par_1_27' title="bbox 2127 5607 2416 5704">
     <span class='ocr_line' id='line_1_91' title="bbox 2127 5607 2416 5704; baseline -0.014 -21"><span class='ocrx_word' id='word_1_505' title='bbox 2127 5607 2416 5704; x_wconf 73' lang='lat' dir='ltr'><strong>Virqin.</strong></span> 
     </span>
    </p>
   </div>
   <div class='ocr_carea' id='block_1_25' title="bbox 3776 587 3993 645">
    <p class='ocr_par' dir='ltr' id='par_1_28' title="bbox 3776 587 3993 645">
     <span class='ocr_line' id='line_1_92' title="bbox 3776 587 3993 645; baseline 0 0"><span class='ocrx_word' id='word_1_506' title='bbox 3776 587 3889 645; x_wconf 89' lang='lat' dir='ltr'><strong>Con</strong></span> <span class='ocrx_word' id='word_1_507' title='bbox 3897 595 3993 645; x_wconf 74' lang='lat' dir='ltr'><strong>tre.</strong></span> 
     </span>
    </p>
   </div>
   <div class='ocr_carea' id='block_1_26' title="bbox 3689 4539 4014 4785">
    <p class='ocr_par' dir='ltr' id='par_1_29' title="bbox 3689 4539 4014 4785">
     <span class='ocr_line' id='line_1_93' title="bbox 3716 4539 3987 4591; baseline 0.015 -4"><span class='ocrx_word' id='word_1_508' title='bbox 3716 4539 3987 4591; x_wconf 76' lang='lat' dir='ltr'><strong>Peccatum</strong></span> 
     </span>
     <span class='ocr_line' id='line_1_94' title="bbox 3691 4601 4014 4654; baseline 0.012 -4"><span class='ocrx_word' id='word_1_509' title='bbox 3691 4605 3772 4651; x_wconf 77' lang='lat' dir='ltr'><strong>eet</strong></span> <span class='ocrx_word' id='word_1_510' title='bbox 3805 4601 3860 4653; x_wconf 87' lang='lat' dir='ltr'><strong>in</strong></span> <span class='ocrx_word' id='word_1_511' title='bbox 3888 4601 4014 4654; x_wconf 75' lang='lat' dir='ltr'><strong>‘ecla</strong></span> 
     </span>
     <span class='ocr_line' id='line_1_95' title="bbox 3709 4664 3986 4716; baseline 0.014 -4"><span class='ocrx_word' id='word_1_512' title='bbox 3709 4664 3986 4716; x_wconf 81' lang='lat' dir='ltr'><strong>voluntate</strong></span> 
     </span>
     <span class='ocr_line' id='line_1_96' title="bbox 3689 4728 4007 4785; baseline 0.006 -8"><span class='ocrx_word' id='word_1_513' title='bbox 3689 4728 3824 4785; x_wconf 81' lang='lat' dir='ltr'><strong>form</strong></span> <span class='ocrx_word' id='word_1_514' title='bbox 3836 4728 4007 4779; x_wconf 79' lang='lat' dir='ltr'><strong>aliter.</strong></span> 
     </span>
    </p>
   </div>
   <div class='ocr_carea' id='block_1_27' title="bbox 2118 4786 3979 4918">
    <p class='ocr_par' dir='ltr' id='par_1_30' title="bbox 2118 4786 3979 4918">
     <span class='ocr_line' id='line_1_97' title="bbox 2118 4786 3979 4918; baseline -0.005 -53"><span class='ocrx_word' id='word_1_515' title='bbox 2118 4791 2408 4865; x_wconf 87' lang='lat' dir='ltr'><strong>malitia</strong></span> <span class='ocrx_word' id='word_1_516' title='bbox 2439 4788 2588 4862; x_wconf 90' lang='lat' dir='ltr'><strong>nisi</strong></span> <span class='ocrx_word' id='word_1_517' title='bbox 2630 4788 2706 4860; x_wconf 89' lang='lat' dir='ltr'><strong>in</strong></span> <span class='ocrx_word' id='word_1_518' title='bbox 2750 4795 2918 4861; x_wconf 86' lang='lat' dir='ltr'><strong>actu</strong></span> <span class='ocrx_word' id='word_1_519' title='bbox 2971 4786 3416 4861; x_wconf 84' lang='lat' dir='ltr'><strong>voluntatis.</strong></span> <span class='ocrx_word' id='word_1_520' title='bbox 3464 4788 3658 4861; x_wconf 90' lang='lat' dir='ltr'><strong>Pro-</strong></span> <span class='ocrx_word' id='word_1_521' title='bbox 3719 4790 3979 4918; x_wconf 54' lang='lat' dir='ltr'><strong>pssssffiffi‘</strong></span> 
     </span>
    </p>
   </div>
  </div>
 </body>
</html>
