4295 6326
363 526 447 600 Ad
481 532 580 577 ter·

404 596 554 640 uum.

440 2722 499 2787 1.

371 2836 592 2910 Argum.

340 2914 591 2964 prunum.

365 3768 562 3818 Secun-

411 3832 556 3880 dum.

329 4251 582 4302 Tertium.

319 4840 597 4898 Quartum.

669 327 799 396 558

2009 400 2016 408 ,
2070 321 2311 390 mem
2359 321 2480 393 w,

763 499 875 572 Ad
928 498 1166 591 aliud,
1209 498 1379 572 dico
1426 497 1630 595 quod
1688 520 1889 571 nova
1942 495 2210 569 relatio
2322 497 2413 569 de
2445 496 2805 571 Consecr.
2837 493 3009 569 dist.
3049 495 3118 569 4.
3155 498 3479 591 August.
3510 492 3602 566 de
3637 498 3857 589 nupt.
3925 492 4077 545 R⁸fi⁰
4115 492 4177 565 sd

666 616 890 691 realis
950 639 1351 713 nunquam
1403 625 1515 689 est
1573 613 1994 688 adveniens
2043 613 2210 687 sine

663 758 865 808 novo
934 734 1434 808 fundamento
1526 732 1708 807 reali
1808 731 2205 823 absolut03

660 861 909 949 potest
974 860 1228 925 tamen
1297 851 1558 925 relatio
1615 848 1933 923 rationis
1973 848 2213 922 adve-

662 967 826 1042 nire
859 966 1087 1041 alicui
1133 966 1299 1040 sine
1328 965 1664 1040 novitate
1697 964 2204 1057 fundamenti,

660 1092 735 1157 et
787 1084 963 1157 talis
1024 1093 1137 1158 est
1201 1084 1468 1158 relatio
1528 1081 2004 1157 Sacramenti
2061 1104 2211 1155 res·

662 1210 885 1298 pectu
930 1202 1223 1298 gratiae.

1164 1563 1570 1642 QUAES'HO
1623 1565 1704 1629 V.

666 1735 907 1799 Utrum
967 1733 1044 1796 in
1106 1728 1643 1798 Circumcisioue
1719 1726 2212 1813 conferebatur

1291 1837 1523 1924 qratia
1554 1833 1594 1900 ἶ)

659 2028 855 2084 Alens.
883 2026 935 2082 4.
970 2029 1112 2095 part.
1148 2033 1338 2096 qua-st.
1363 2025 1420 2078 7.
1451 2022 1691 2078 membro
1727 2024 1781 2077 7.
1835 2020 1900 2076 D.
1953 2020 2210 2076 Thomas

731 2102 783 2155 3.
816 2110 958 2169 parc.
992 2106 1186 2168 quaest.
1216 2097 1303 2151 70.
1339 2102 1452 2150 are.
1478 2097 1531 2148 4.
1569 2100 1630 2150 D.
1675 2098 1990 2149 Bonavent.
2036 2092 2124 2147 hic
2153 2093 2208 2147 2.

728 2175 875 2243 part.
903 2172 1011 2224 art.
1044 2170 1096 2222 2.
1129 2174 1326 2239 quaest.
1359 2168 1412 2222 3.
1466 2165 1740 2221 Richard.
1782 2173 1889 2220 art.
1923 2166 1975 2219 6.
2013 2166 2207 2237 quoest.

733 2260 769 2297 1.
806 2240 1059 2297 Gabriel.
1092 2245 1289 2312 qamt.
1338 2240 1391 2293 4.
1448 2237 1701 2293 Durand.
1746 2245 1938 2307 quaest.
1996 2238 2050 2292 5.
2092 2238 2213 2291 Au-

733 2315 869 2370 reol.
900 2316 1094 2383 quaest.
1130 2315 1180 2365 2.
1212 2315 1316 2366 art.
1341 2313 1394 2366 4.
1426 2310 1669 2365 Rubion.
1708 2319 1894 2380 quaest.
1921 2308 1977 2362 5.
2035 2310 2213 2379 Major

730 2385 869 2441 ibid.
903 2386 1117 2439 Sunt-ez
1145 2392 1273 2439 tom.
1317 2384 1370 2437 3.
1408 2385 1551 2453 part.
1607 2382 1659 2437 3.
1705 2381 1845 2451 disp.
1890 2380 1947 2433 5.
1989 2385 2114 2435 sect.
2168 2395 2208 2433 1.

733 2457 997 2527 vasquez
1026 2456 1076 2509 3.
1115 2464 1259 2522 parc.
1288 2454 1343 2508 d.
1381 2454 1501 2508 165.
1534 2457 1741 2508 Scotus
1796 2456 1854 2506 in
1912 2451 2085 2507 Oxou.
2120 2452 2210 2506 hic

730 2531 924 2601 quaest.
957 2530 1016 2581 6.
1039 2526 1164 2582 etde
1218 2544 1253 2581 1.
1284 2525 1470 2596 princ.
1501 2540 1619 2595 cap.
1654 2526 1688 2578 3

760 2702 1130 2799 Arguitur
1164 2700 1367 2799 quod
1419 2723 1602 2773 non.
1665 2700 1935 2773 Glossa
1976 2721 2211 2797 super

661 2822 732 2894 id
768 2820 862 2894 ad
945 2820 1162 2892 Rom.
1213 2818 1281 2889 4.
1358 2815 1689 2912 Siquam
1786 2814 2212 2890 Circumci-

655 2937 949 3028 sionz'33
1021 2945 1095 3010 et
1137 2934 1463 3008 habetur
1539 2932 1612 3004 in
1685 2931 1934 3006 littera
1974 2931 2208 3028 hujus

657 3036 1241 3145 distinctionis,
1291 3074 1455 3148 cap.
1519 3049 1819 3146 penult.
1896 3049 1972 3122 in
2051 3050 2211 3122 Cir-

656 3171 1129 3246 cumcisione
1171 3176 1485 3266 peccata
1523 3176 1819 3241 tantum
1866 3168 2208 3241 remitte-

656 3290 967 3381 bantur,
1003 3286 1136 3362 sed
1189 3310 1342 3359 non
1375 3284 1622 3381 gratia
1681 3286 1773 3359 ad
1808 3286 2003 3360 bene
2035 3309 2208 3384 ope-

657 3406 986 3480 randum
1064 3403 1602 3502 praestabatur,
1664 3427 1806 3478 nec
1884 3403 2206 3479 virtutes

659 3522 1170 3617 augebantur,
1208 3544 1349 3594 nec
1403 3520 1810 3614 dabantur,
1866 3521 1999 3596 sed
2031 3531 2207 3596 tan-

651 3647 817 3710 tum
863 3637 1393 3733 signabantur.

752 3756 969 3847 Item,
1022 3752 1518 3827 Circumcisio
1552 3776 1706 3825 non
1766 3755 2207 3832 conferebat

654 3870 804 3945 nisi
838 3870 1041 3968 quod
1084 3868 1491 3965 signabat3
1556 3869 1688 3942 sed
1748 3894 1900 3944 non
1945 3871 2202 3967 signa·

655 3991 782 4064 hat
822 3987 969 4062 nisi
1026 3987 1317 4086 peccati
1387 3987 1973 4076 remissionem;
2020 4014 2203 4087 ergo

654 4110 841 4184 illud
888 4117 1180 4182 tantum
1245 4106 1707 4181 conferebat.

749 4226 964 4312 Item,
1003 4222 1429 4297 secundum
1463 4221 1915 4318 Magistrum
1950 4233 2023 4298 et
2060 4248 2205 4323 po·-

647 4338 855 4413 nitur
899 4337 976 4410 in
1023 4336 1295 4428 littera,
1359 4335 1855 4411 Sacramenta
1919 4338 2203 4414 veteris

650 4456 839 4552 legis
872 4465 1169 4529 tantum
1214 4452 1760 4550 promittebant
1827 4456 2196 4551 gratiam3

652 4572 1154 4646 Sacramenta
1258 4593 1480 4644 novae
1576 4570 1767 4666 legis
1849 4584 2197 4668 causant,

652 4689 854 4788 quod
889 4688 1020 4762 illa
1071 4686 1612 4785 promittebant
1638 4699 1677 4781 ;‘
1714 4711 1922 4784 erge,
1957 4699 2096 4764 etc.

750 4807 969 4897 Item,
1025 4804 1456 4878 secundum
1536 4804 1824 4878 Bedam
1896 4807 1975 4880 in
2030 4832 2197 4905 cap.

650 4923 719 4992 2.
814 4921 1070 5011 Lucae,
1180 4927 1253 4991 et
1349 4918 1673 4992 habetur
1753 4921 1827 4992 in
1906 4922 2195 4996 littera:

657 5038 1163 5113 Circumcisio
1233 5061 1386 5111 non
1455 5040 1758 5135 aperuit
1803 5043 2197 5139 januam3

650 5157 895 5254 gratia
926 5154 1251 5254 aperuit,
1285 5155 1466 5252 quia
1498 5181 1650 5230 non
1686 5157 1907 5231 datur
1939 5159 2197 5249 alicui,

649 5274 794 5349 nisi
832 5274 1007 5371 quis
1041 5271 1137 5346 sit
1179 5283 1537 5370 acceptus
1570 5283 1641 5347 et
1684 5275 1977 5349 amicus
2008 5276 2145 5350 Dei
2177 5303 2194 5363 ;

649 5415 865 5489 erge,
904 5399 1045 5464 etc.

748 5510 1030 5582 Contra
1073 5505 1595 5603 multipliciter
1671 5509 1743 5581 in
1801 5509 2076 5604 littera,
2125 5518 2199 5586 et

2320 622 2394 686 et
2434 636 2758 710 concup.
2819 636 2985 710 cap.
3036 613 3152 685 11.
3212 613 3345 685 Em
3375 635 3519 709 quo
3553 609 3863 684 institu-

2319 735 2395 803 ta
2456 736 2568 803 est
2635 730 3136 805 Circumcisio
3203 730 3284 803 in
3328 727 3619 826 populo
3681 727 3859 820 Dei,

2318 847 2619 943 mayn-is
2659 853 2731 921 et
2767 848 3033 944 parvis
3080 844 3386 920 valebat
3419 844 3522 918 ad
3585 867 3869 941 purqa-

2317 962 2603 1035 tionem
2637 962 3040 1059 oriqinalis
3070 961 3397 1059 peccati,
3439 960 3636 1034 sicul
3662 959 3871 1056 Bap-

2319 1079 2616 1174 tismuS,
2660 1103 2760 1154 θα)
2797 1079 2932 1154 illo
2992 1088 3331 1176 tempore
3370 1101 3515 1177 quo
3557 1077 3871 1153 institu-

2316 1203 2437 1270 tus
2478 1203 2606 1282 est,
2643 1195 3059 1293 incipiebat
3096 1195 3352 1270 valere
3392 1194 3497 1269 ad
3556 1195 3871 1268 innova-

2314 1312 2597 1387 tionem
2637 1312 2969 1388 hominis
2992 1341 3018 1397 ‚·
3045 1314 3178 1387 sed
3221 1336 3355 1411 per
3385 1312 3866 1410 Baptismum

2318 1451 2471 1503 non
2514 1438 2809 1503 tantum
2857 1430 3385 1505 remittebatur
3433 1431 3687 1528 culpa,
3732 1430 3864 1504 sed

2316 1545 2546 1620 etiam
2607 1547 3143 1622 conferebatur
3196 1547 3493 1644 gratia3
3557 1569 3740 1642 ergo
3795 1554 3871 1621 et

2316 1662 2394 1734 in
2437 1661 3040 1737 Circumcisione
3093 1663 3341 1760 gratia
3408 1663 3864 1737 confereba-

2318 1785 2467 1850 tur.

2423 1895 2636 1988 Item,
2674 1895 2881 1970 Beda
2921 1895 3002 1969 in
3061 1895 3356 1970 littera:
3426 1895 3627 1986 Quia
3663 1919 3867 1969 nunc

2312 2034 2459 2107 per
2506 2012 3020 2109 Evanqelium
3046 2037 3298 2103 suum,
3336 2022 3480 2087 etc.

2867 2264 3226 2323 SCHOLIUM
3269 2268 3312 2323 I.

2388 2413 2677 2487 originale
2708 2414 2886 2472 deleri
2921 2433 3021 2489 per
3051 2417 3563 2474 circumcisionem
3589 2437 3603 2484 ;
3637 2421 3714 2475 ita
3745 2425 3868 2477 Au-

2313 2511 2470 2578 gust.
2504 2507 2599 2563 cit.
2633 2511 2689 2562 ot
2717 2507 2771 2564 3.
2806 2512 3010 2563 contra
3055 2507 3174 2564 Jul.
3224 2525 3350 2581 cap.
3408 2510 3493 2564 18.
3545 2518 3599 2565 et
3646 2526 3775 2583 cap.
3805 2513 3860 2568 5.

2318 2613 2444 2668 cap.
2477 2601 2532 2651 9.
2563 2601 2621 2652 et
2649 2598 2706 2653 in
2738 2597 2877 2653 illud
2907 2598 3050 2654 Gen.
3086 2600 3172 2655 17.
3225 2601 3499 2656 Masculus
3541 2604 3698 2668 cuius
3726 2617 3873 2675 prae·

2314 2686 2462 2756 putii
2489 2700 2638 2754 caro,
2664 2690 2721 2741 et
2751 2685 2804 2742 4.
2839 2685 2910 2740 de
2951 2686 3119 2757 Bapt.
3171 2702 3296 2758 cap.
3347 2687 3438 2744 24.
3488 2693 3543 2743 et
3585 2688 3670 2744 13.
3713 2689 3866 2745 Civi-

2317 2778 2418 2829 tat.
2449 2773 2539 2829 26.
2569 2778 2740 2845 Greg.
2784 2774 2833 2829 4.
2869 2773 3066 2831 Mor-al.
3101 2775 3156 2831 2.
3187 2776 3239 2830 3.
3277 2775 3524 2832 habetur
3552 2794 3679 2847 cap.
3713 2778 3865 2847 Quod

2314 2868 2519 2929 autem,
2553 2864 2622 2918 de
2651 2879 2814 2919 cons.
2848 2863 2904 2918 d.
2940 2865 2989 2918 4.
3024 2867 3081 2919 et
3120 2880 3242 2936 cap.
3280 2864 3525 2936 Maiores,
3555 2866 3622 2923 clo
3648 2868 3862 2940 Baptis-

2314 2966 2421 3005 mn.
2447 2951 2645 3019 Prosp.
2680 2951 2716 3004 1.
2747 2951 2819 3007 de
2843 2953 3106 3023 promisS.
3146 2969 3274 3024 cap.
3328 2954 3413 3009 14.
3467 2954 3741 3028 Cyprian.
3792 2958 3864 3014 de

2315 3040 2606 3097 Cardinal.
2639 3058 2765 3113 cap.
2800 3041 2887 3097 to,
2923 3043 3197 3098 Bernard.
3232 3059 3406 3100 serm.
3440 3045 3512 3101 de
3557 3045 3862 3105 Circumci-

2314 3130 2497 3188 sione.
2542 3131 2694 3189 Beda
2722 3131 2817 3189 hle
2839 3132 3054 3190 citatus
3084 3131 3142 3190 in
3175 3134 3511 3208 quaestione.
3550 3137 3617 3195 D.
3650 3139 3860 3197 Thom.

2314 3224 2365 3278 3.
2403 3228 2547 3293 part.
2584 3228 2791 3296 quaest.
2813 3225 2867 3281 6.
2901 3231 3009 3281 art.
3040 3226 3097 3281 5.
3132 3230 3189 3281 et
3235 3233 3441 3298 quaest,
3487 3229 3576 3284 62.
3633 3236 3740 3287 art.
3797 3234 3853 3289 6.

2313 3313 2510 3369 Alens.
2543 3329 2743 3383 supra,
2787 3318 2844 3369 et
2890 3317 3236 3384 communis,
3298 3318 3458 3388 ponit
3498 3321 3848 3377 sententiam

2316 3409 2631 3476 negantem,
2665 3405 2840 3460 etiam
2873 3405 2943 3460 de
2973 3406 3236 3478 potentia
3264 3407 3553 3478 absoluta,
3598 3411 3859 3481 potuisse

2313 3494 2612 3561 peccatum
2646 3489 2771 3546 tolli
2829 3491 2955 3548 sine
3007 3494 3213 3565 gratia,
3264 3511 3397 3550 cum
3440 3495 3564 3551 suis
3617 3497 3856 3553 rationi·

2315 3579 2445 3638 bus.

2412 3761 2495 3833 In
2529 3760 2675 3834 ista
2720 3761 3148 3859 quaestione
3192 3764 3572 3860 praemitto
3611 3790 3849 3840 unum

2311 3886 2630 3967 certum,
2690 3877 2766 3951 in
2811 3901 2964 3976 quo
3027 3903 3296 3956 omnes
3355 3884 3846 3975 concordant,

2310 3995 2600 4070 scilicet
2665 3996 2869 4094 quod
2965 4020 3103 4094 per
3172 3997 3850 4075 Circumcisionem

2310 4114 2654 4188 deleatur
2713 4125 3106 4211 peccatum
3176 4116 3576 4214 originale,
3649 4119 3854 4217 quod

2309 4238 2515 4324 patet
2546 4253 2902 4327 expresse
2945 4255 3080 4329 per
3139 4233 3669 4309 auctoritatem
3711 4237 3861 4309 Au-

2314 4345 2600 4442 gustini
2656 4346 3060 4422 adductam
3128 4348 3204 4421 in
3254 4350 3717 4447 oppositum,
3762 4375 3861 4426 eae

2316 4487 2460 4562 quo
2503 4464 2851 4538 instituta
2890 4470 3002 4537 est
3033 4463 3716 4560 Circumcisi0,etc.
3766 4471 3859 4543 Et

2310 4581 2676 4678 probatur
2734 4603 2871 4677 per
2949 4580 3354 4676 rationem,
3410 4584 3590 4680 quia
3647 4585 3857 4661 Deus

2308 4720 2712 4794 nunquam
2809 4698 3116 4795 reliquit
3214 4700 3603 4775 hominem
3690 4703 3857 4777 sine

2311 4812 2690 4909 adjutorio
2724 4823 2798 4888 et
2827 4837 3173 4909 congruo
3232 4816 3569 4891 remedio
3610 4819 3706 4892 ad
3745 4830 3872 4893 sa-‘

2313 4931 2574 5016 lutem;
2612 4931 2746 5004 sed
2772 4941 3110 5029 tempore
3135 4933 3327 5029 legis
3360 4935 3664 5033 scriptae
3699 4959 3853 5011 non

2308 5046 2713 5122 videbatur
2784 5048 2992 5122 aliud
3052 5050 3477 5124 remedium
3531 5063 3705 5127 ante
3748 5052 3859 5126 in-

2310 5162 2656 5237 stitutum
2709 5172 2980 5238 contra
3041 5175 3440 5262 peccatum
3483 5168 3856 5265 originale

2311 5302 2541 5376 quam
2667 5279 3089 5354 remedium
3194 5283 3850 5379 CircumcisioniS,

2307 5396 2513 5492 quod
2563 5397 2866 5490 faceret,
2940 5395 3117 5471 licet
3168 5396 3636 5498 imperfecte,
3671 5412 3855 5476 tunc

2309 5512 2811 5606 circumcisiS,
2870 5513 3075 5610 quod
3147 5517 3372 5592 modo
3441 5517 3613 5594 facit
3663 5518 3855 5616 Bap-

3953 570 4156 620 opposi-

3984 626 4114 670 tum.
