4295 6326
221 1544 401 1596 Sexto.

258 4330 367 4397 10.

131 5632 433 5688 Delemna
496 5605 607 5683 eis
674 5613 790 5681 est
854 5603 1160 5681 absens,

1435 393 1661 463 DIST.
1706 393 1963 463 XXVI.
2007 394 2426 473 QUAESTIO
2478 397 2711 466 UNIC.

499 564 685 638 dum
737 566 882 640 hoc
933 566 1213 641 dicitur
1263 567 1449 665 poni
1490 568 1771 665 duplex
1806 566 2050 640 virtus

503 682 579 757 in
614 684 1042 778 voluntate,
1088 693 1162 759 et
1221 685 1365 759 hoc
1398 684 1625 759 etiam
1697 691 2046 781 respectu

503 798 670 891 Dei,
743 799 874 895 qui
947 801 1176 876 habet
1241 800 1427 874 istas
1495 800 1831 874 rationes
1891 798 2051 873 dis-

506 913 912 989 tinctorum
947 916 1420 1013 objectorum
1474 925 1820 1013 respectu
1866 916 2049 990 boni

501 1035 718 1109 ardui
765 1064 783 1129 3
821 1036 1057 1132 igitur
1097 1037 1426 1111 arduum
1470 1037 1762 1111 bonum
1800 1035 2050 1136 requi-

498 1153 596 1226 rit
654 1154 731 1226 in
793 1155 1135 1252 appetitu
1199 1155 1571 1230 sensitivo
1666 1154 2040 1250 habitum,

499 1293 636 1366 per
667 1293 898 1367 quem
936 1271 1288 1347 lortificat
1327 1271 2040 1368 concupiscibilem,

501 1410 596 1461 ne
630 1387 818 1461 forte
852 1387 1142 1462 resiliat
1183 1411 1227 1462 a
1258 1388 1461 1463 bono
1503 1387 1939 1485 concupiti).

597 1502 813 1595 Item,
850 1502 1261 1577 irascibilis
1294 1512 1407 1578 est
1440 1527 1577 1601 per
1617 1526 1696 1577 se
1735 1504 2045 1577 consor-

499 1617 734 1692 tativa
782 1618 1432 1716 concupiscibilis,
1484 1618 1666 1716 quia
1733 1629 2044 1716 propter

497 1738 642 1811 hoc
682 1736 995 1834 ponitur
1037 1765 1056 1831 3
1102 1761 1284 1835 ergo
1336 1747 1516 1811 nata
1574 1748 1690 1812 est
1736 1738 2042 1812 confor-

498 1861 655 1927 tare
697 1875 895 1947 eam,
942 1863 1016 1928 et
1078 1853 1514 1947 fortificare,
1569 1876 1666 1927 ue
1726 1876 1770 1927 a
1835 1853 2039 1927 bono

495 1972 735 2047 arduo
779 1971 1092 2046 resiliat.
1130 1973 1268 2048 Vel
1320 1982 1569 2072 potest
1623 1972 1867 2069 major
1929 1971 2039 2047 sic

493 2088 659 2164 fieri
699 2089 1018 2164 :Omnis
1069 2090 1259 2163 ratio
1311 2089 1388 2164 in
1449 2089 1746 2187 objecto
1777 2091 2041 2187 repul-

491 2208 655 2283 siva
716 2207 1367 2306 concupiscibilis,
1427 2207 1750 2305 requirit
1790 2230 2042 2313 spem,

490 2324 865 2420 habitum,
913 2327 1030 2399 vel
1080 2324 1438 2400 virtutem
1490 2324 1567 2399 in
1638 2324 2034 2418 irascibili,

489 2466 627 2540 per
658 2465 890 2540 quam
938 2441 1293 2517 fortificat
1351 2442 2033 2541 concupiscibilem

492 2568 841 2658 respectu
905 2559 1342 2655 cujuslibet,
1405 2569 1756 2656 respectu
1815 2560 2038 2656 cujus

491 2684 737 2773 potest
767 2698 808 2749 a
843 2674 1378 2774 prosecutione
1423 2673 1606 2749 boni
1634 2674 2038 2749 delectabi-

493 2794 582 2867 lis
617 2792 909 2867 resilire
939 2818 955 2878 ;
1025 2792 1157 2868 sed
1192 2816 1346 2867 non
1380 2793 1635 2866 solum
1678 2792 2038 2889 concupi-

489 2908 778 2983 scibilis
811 2908 1053 2983 resilit
1112 2917 1422 3006 propter
1479 2908 1844 2983 nocivum
1902 2932 2037 2983 oc-

489 3050 835 3119 currenS,
909 3025 1042 3101 sed
1110 3034 1424 3124 propter
1508 3023 2033 3100 difficultatem

488 3141 708 3216 ardui
756 3141 828 3214 in
876 3140 1174 3239 objecto
1219 3168 1238 3235 3
1285 3140 1519 3238 igitur
1558 3165 1712 3215 non
1782 3143 2032 3217 solum

487 3271 602 3336 est
632 3258 1118 3335 fortificativa
1181 3259 1812 3359 concupiscibilis
1871 3284 2035 3336 res-

487 3388 710 3477 pectu
782 3377 1038 3452 nocivi
1107 3377 1610 3475 insurgentiS,
1670 3379 1804 3453 sed
1868 3402 2032 3454 res-

486 3504 711 3593 pectu
745 3495 924 3568 boni
960 3495 1181 3569 ardui
1241 3495 1692 3570 delectantis
1728 3524 1746 3590 3
1798 3495 2035 3592 igitur

488 3611 802 3687 11666886
885 3621 1000 3687 est
1106 3635 1395 3710 ponere
1499 3613 1577 3685 in
1668 3612 2033 3687 irascibili

488 3755 731 3830 spem,
779 3735 913 3828 per
944 3753 1178 3828 quam
1206 3728 1679 3825 habilitetur,
1716 3755 1867 3805 non
1905 3756 2035 3807 so-

490 3850 649 3922 lum
683 3849 778 3923 ad
838 3848 1439 3947 expugnandum
1490 3848 1882 3942 nocivum,
1952 3857 2035 3923 ut

487 3964 827 4042 vindicet
921 3963 1632 4062 concupiscibilem,
1732 3965 1866 4039 sed
1954 3974 2036 4039 ut

490 4081 845 4157 fortificet
919 4081 1630 4180 concupiscibilem,
1694 4105 1789 4157 ne
1857 4081 2037 4157 resi-

493 4199 628 4275 liat
657 4223 702 4274 a
740 4199 944 4273 bono
986 4200 1226 4273 arduo
1268 4199 1689 4296 sequendo.

591 4317 874 4391 Contra
911 4314 1123 4390 illam
1165 4314 1611 4413 opinionem
1658 4339 1927 4413 arguO,
1965 4324 2038 4390 et

492 4432 741 4531 primo
837 4438 1104 4506 contra
1196 4431 1522 4529 primam
1627 4430 2031 4526 rationem,

491 4572 756 4648 quaero
789 4548 974 4646 quid
1007 4547 1368 4645 intelligit
1398 4570 1536 4647 per
1577 4547 1867 4622 bonum
1909 4571 2038 4622 ar-

489 4668 754 4752 duum,
817 4674 950 4741 aut
1015 4666 1334 4759 bonum,
1415 4689 1512 4740 an
1572 4666 1761 4740 forte
1830 4665 2034 4763 quod

488 4795 600 4861 cst
642 4785 950 4871 absenS‚
989 4793 1120 4858 aut
1184 4783 1390 4881 quod
1446 4793 1561 4858 est
1612 4806 1847 4881 supra
1923 4783 2037 4859 fa-

486 4903 849 4976 cultatem
912 4910 1240 4992 naturae,
1287 4899 1398 4974 sic
1455 4899 1660 4997 quod
1721 4900 2037 4975 excedat

487 5018 848 5092 virtutem
892 5018 1324 5091 naturalem
1379 5015 1619 5109 illius,
1680 5026 2032 5115 respectu

487 5137 709 5235 cujus
757 5134 1036 5209 dicitur
1079 5134 1436 5230 arduum,
1494 5142 1624 5208 aut
1674 5132 1857 5231 quia
1896 5157 2037 5234 ap-

487 5251 884 5353 pretiabile
906 5275 1140 5351 super
1164 5260 1517 5326 naturam
1552 5250 2036 5326 ostenditur?

490 5372 568 5447 Si
606 5370 935 5470 primum
992 5370 1236 5456 detur,
1295 5393 1450 5445 non
1513 5368 1832 5468 habehit
1890 5369 2036 5444 ista

490 5488 607 5563 vis
638 5486 977 5585 aliquem
1019 5495 1276 5563 actum
1318 5486 1397 5560 in
1430 5485 1579 5571 his,
1616 5486 1799 5584 quia
1840 5485 2030 5560 nihil

1261 5602 1628 5679 Similiter
1684 5627 1823 5702 per
1887 5606 2033 5678 hoc

3569 390 3695 459 471

2161 591 2315 641 non
2360 580 2561 645 esset
2615 570 2766 645 alia
2833 572 2949 646 vis
3007 595 3050 646 a
3089 566 3698 667 concupiscibili,
3735 562 4023 677 “rffiffidssg

2160 686 2342 782 quia
2384 688 2478 762 ad
2521 689 2870 763 eamdem
2932 690 3084 762 vim
3146 688 3530 788 pertinent
3574 709 3706 760 ac·
3760 690 4047 813 iffi‘iss'ss'e.

2160 812 2284 877 tus
2341 804 2874 880 delectationis
2934 806 3026 881 de
3082 806 3368 904 aliquo,
3455 812 3536 877 ut
3589 811 3703 877 est
3826 819 3954 869 tant.

2159 946 2530 1020 praesens,
2620 934 2693 998 et
2769 934 2985 999 actus
3053 923 3413 1000 desiderii
3499 922 3701 997 circa

2156 1036 2357 1112 idem
2388 1038 2800 1134 objectum,
2847 1049 2931 1114 ut
2970 1040 3273 1114 absenS.

2256 1155 2470 1247 ltem,
2547 1178 2686 1230 1166
2758 1157 3096 1231 secundo
3185 1156 3435 1246 modo,
3519 1155 3701 1251 quia

2156 1268 2509 1343 charitati
2541 1269 2910 1368 possibile
2952 1282 3068 1346 est
3111 1272 3420 1347 tendere
3452 1270 3531 1343 in
3571 1270 3702 1344 ali-

2152 1385 2336 1483 quid
2372 1386 2517 1461 sub
2561 1388 2855 1463 ratione
2908 1389 3345 1464 excedentis
3378 1388 3699 1462 faculta-

2151 1511 2303 1576 tem
2362 1503 2750 1599 possibilis
2810 1505 3121 1579 aliunde
3182 1505 3476 1602 acquiri
3547 1503 3693 1578 nisi

2154 1618 2470 1693 alterius
2524 1619 2839 1712 auxilio,
2939 1621 3162 1718 cujus
3229 1630 3344 1696 est
3432 1628 3700 1718 postea

2151 1737 2552 1835 quiescere
2612 1737 2685 1810 in
2735 1738 2865 1811 illo
2928 1761 3064 1835 per
3123 1748 3376 1812 actum
3438 1738 3698 1814 inten-

2149 1852 2409 1927 tionis.
2456 1854 2647 1927 Cum
2689 1853 2922 1951 igitur
2952 1855 3092 1929 iste
3126 1864 3341 1929 actus
3366 1854 3694 1929 maxime

2150 1969 2561 2045 conveniat
2619 1970 2779 2045 Deo
2844 1982 3189 2069 respectu
3240 1972 3358 2046 sui
3419 1971 3689 2068 ipsiuS,

2152 2088 2482 2163 maxime
2535 2096 2952 2185 poneretur
3003 2090 3079 2163 111
3122 2091 3515 2164 voluntate
3575 2089 3695 2162 di-

2152 2204 2335 2277 vina
2374 2203 2975 2299 vis-irascibilis,
3023 2216 3096 2280 et
3145 2206 3207 2279 si
3259 2229 3413 2279 non
3459 2204 3693 2304 prop-

2146 2329 2262 2395 ter
2316 2319 2650 2418 primum
2723 2329 3006 2414 actum,
3060 2330 3311 2396 tamen
3383 2331 3693 2420 propter

2146 2436 2603 2523 secundum,
2642 2438 2845 2536 quod
2894 2448 3008 2514 est
3064 2445 3347 2533 tenere,
3401 2440 3534 2537 qui
3577 2450 3692 2515 est

2146 2555 2385 2629 altero
2496 2555 3022 2652 principalior,
3122 2567 3487 2654 tanquam
3553 2559 3685 2631 ·ad

2145 2695 2376 2770 quem
2412 2676 2610 2749 alius
2641 2674 3067 2749 ordinatur.

2245 2788 2462 2883 Item,
2508 2790 2571 2865 si
2633 2790 3039 2865 irascibilis
3090 2800 3163 2866 et
3216 2791 3690 2890 concupisci·
3833 2811 3942 2878 11,

2143 2905 2320 2980 bilis
2374 2906 2528 2981 sint
2587 2908 2761 2983 duae
2821 2908 3053 3002 vireS,
3108 2919 3335 2983 erunt
3396 2910 3473 2983 in
3526 2910 3687 2985 Deo

2143 3022 2570 3097 secundum
2625 3023 2998 3099 rationem
3058 3024 3435 3100 distincta}
3480 3053 3498 3119 3
3555 3028 3687 3101 sed

2143 3140 2208 3215 si
2241 3140 2570 3215 arduum
2603 3140 2747 3217 isto
2791 3143 3015 3218 modo
3049 3152 3249 3219 esset
3300 3144 3684 3241 objectum

2143 3258 2580 3353 irascibilis,
2627 3283 2781 3333 non
2824 3269 3081 3334 essent
3130 3260 3207 3333 in
3267 3260 3458 3355 De0,
3503 3262 3687 3360 quia

2141 3375 2352 3451 Deus
2411 3400 2565 3450 non
2629 3376 2858 3451 habet
2911 3377 3223 3475 aliquod
3300 3378 3683 3475 objectum

2141 3495 2520 3570 excedens
2582 3496 3011 3570 naturalem
3060 3496 3474 3593 potentiam
3541 3499 3687 3570 hu-

2131 3612 2472 3711 jusmodi
2518 3641 2536 3706 3
2584 3637 2764 3710 ergo
2815 3621 3047 3688 restat
3099 3613 3431 3708 tertium,
3478 3615 3689 3690 scili-

2142 3739 2258 3805 cet
2301 3739 2384 3804 ut
2432 3729 2730 3804 dicatur
2759 3730 3051 3804 bonum
3093 3731 3450 3826 arduum,
3505 3732 3687 3831 quia

2141 3856 2256 3922 est
2339 3847 2751 3945 appetibile
2872 3870 3344 3946 exsuperans
3456 3872 3684 3923 omne

2142 3964 2397 4057 aliud3
2466 3964 2599 4039 sed
2660 3965 2803 4038 isto
2874 3966 3097 4039 modo
3156 3965 3485 4039 maxime
3542 3965 3684 4039 erit

2140 4080 2525 4178 obJectum
2588 4081 3007 4175 charitatiS,
3088 4081 3419 4155 charitas
3477 4082 3679 4156 enim

2142 4196 2343 4272 inter
2373 4220 2642 4272 omnes
2673 4197 2995 4272 virtutes
3047 4197 3374 4271 maxime
3407 4220 3678 4295 appre-

2142 4313 2279 4387 tiat
2378 4312 2655 4407 Deum,
2751 4313 2934 4410 quia
3030 4314 3207 4388 facit
3301 4314 3681 4389 inhaerere
3753 4324 4002 4396 Charitas

2143 4452 2402 4504 amore
2480 4429 2867 4523 amicitiae,
2957 4441 3032 4505 et
3096 4429 3335 4504 vincit
3423 4430 3685 4505 omnia
3739 4401 4006 4514 ssssffl'ifit

2143 4546 2320 4633 alia,
2412 4569 2552 4621 nec
2628 4556 2878 4646 potest
2968 4548 3144 4645 plus
3222 4547 3680 4644 appretiare,
3783 4514 3967 4564 Deum'

2143 4686 2379 4761 quam
2455 4672 2539 4736 ut
2617 4663 3000 4759 objectum
3071 4663 3149 4734 in
3234 4662 3679 4756 infinitum3

2142 4779 2379 4877 igitur
2434 4780 2766 4855 ostendit
2833 4781 3161 4855 arduum
3212 4805 3366 4854 non
3411 4780 3688 4855 distin-

2142 4899 2275 4994 gui
2388 4898 2642 4996 specie
2717 4923 2761 4974 a
2849 4898 3308 4992 delectabili,
3389 4909 3463 4974 et
3552 4924 3688 4998 per

2143 5037 2632 5111 consequens
2674 5038 2830 5088 non
2872 5014 3371 5111 distinguitur
3421 5038 3598 5112 spes
3641 5039 3686 5090 a

2144 5131 2512 5206 charitate
2558 5131 2827 5228 magiS,
2874 5155 3103 5230 quam
3131 5131 3455 5206 arduum
3492 5155 3537 5206 a
3568 5132 3691 5207 de·

2143 5247 2503 5322 lectabili.

2239 5365 2455 5452 Item,
2515 5363 3014 5464 appretiabile
3063 5388 3215 5437 non
3267 5372 3515 5462 potest
3558 5364 3683 5438 in-

2139 5481 2407 5579 telligi,
2453 5482 2602 5557 nisi
2656 5492 2788 5557 aut
2837 5482 3017 5579 quia
3073 5490 3241 5556 actu
3294 5483 3682 5579 appretia-

2139 5609 2331 5688 tum,
2378 5609 2451 5674 et
2508 5600 2653 5674 hoc
2693 5622 2851 5673 non
2894 5593 3096 5675 valet
3148 5597 3242 5673 ad
3302 5596 3675 5674 rationem
