4295 6326
584 413 713 484 334

404 2210 478 2285 Ἰ.

295 2332 569 2383 Summam

275 2395 500 2459 gratiam
515 2408 592 2443 es-

280 2472 337 2507 ee
367 2456 566 2507 creabi-

274 2521 376 2571 lem
413 2519 588 2572 simul.

1130 774 1492 837 sonetum
1534 773 1604 829 11.

673 930 988 989 creabilem
1020 945 1149 985 esse
1177 927 1423 998 gratiam
1455 930 1571 980 tarn
1603 937 1899 995 magnam,
1933 926 1996 975 ut
2045 937 2140 976 ex-

603 1023 726 1081 cedi
783 1025 1053 1092 nequeat.
1115 1019 1323 1084 Primo,
1384 1018 1523 1088 quia
1573 1016 1615 1071 si
1668 1030 1782 1070 non
1824 1018 1912 1069 est
1937 1017 2143 1080 status,

607 1118 798 1187 potest
829 1110 1064 1181 produci
1116 1109 1304 1181 gratia
1361 1108 1421 1162 in
1480 1106 1799 1162 infinitum.
1856 1103 2145 1167 Secundo,

605 1220 674 1259 ex
697 1202 914 1258 Philus.
946 1201 994 1255 3.
1036 1200 1199 1272 phys.
1238 1204 1375 1254 text.
1428 1198 1516 1252 6⁹.
1570 1197 1742 1265 eujus
1784 1194 1977 1251 locum
2025 1193 2147 1247 fuse

608 1293 899 1367 expendit,
932 1301 985 1346 et
1016 1289 1258 1361 explicat
1293 1289 1601 1360 procedere
1642 1285 1700 1341 in
1751 1281 2147 1357 permanenti-

609 1385 740 1438 bue.
781 1384 862 1438 lta
893 1398 1021 1438 cum
1056 1380 1300 1436 Doetore
1358 1382 1558 1433 tenent
1593 1374 1845 1432 Dur-and.
1876 1392 1911 1429 ι.
1952 1374 2042 1428 Π.
2091 1387 2154 1443 q.

607 1473 662 1528 4.
693 1481 749 1527 et
779 1471 875 1527 hle
900 1488 956 1542 q.
985 1487 1026 1525 1.
1061 1473 1118 1525 et
1151 1469 1202 1525 4.
1253 1468 1310 1524 d.
1365 1468 1451 1522 44.
1503 1482 1557 1538 q.
1607 1468 1662 1520 2.
1715 1464 1974 1534 Cajetan.
2006 1460 2064 1518 2.
2093 1462 2155 1516 2.

608 1566 817 1633 quaeet.
849 1562 939 1615 24.
975 1568 1082 1615 art.
1112 1560 1166 1613 7.
1196 1564 1255 1614 et
1283 1559 1335 1614 3.
1371 1575 1424 1628 p.
1450 1573 1505 1628 q.
1536 1557 1591 1610 7.
1634 1558 1742 1609 art.
1786 1553 1845 1607 9.
1897 1551 2154 1624 probans

612 1668 743 1707 esse
774 1651 839 1707 D.
866 1650 1119 1705 Thomae.
1156 1646 1387 1703 Heni-ie.
1421 1644 1620 1718 quodl.
1651 1645 1707 1701 5.
1740 1646 1950 1714 quaest.
2000 1640 2054 1697 3.
2098 1642 2157 1693 et

613 1741 813 1813 quodl.
844 1739 894 1794 8.
927 1756 984 1811 q.
1016 1739 1070 1792 8.
1104 1736 1337 1794 Aureol.
1387 1735 1538 1808 apud
1588 1731 1844 1803 Capreol.
1894 1730 1948 1785 4.
1997 1728 2151 1799 disp.

611 1828 702 1884 43.
736 1832 941 1900 quaest.
977 1826 1083 1883 ult.
1117 1831 1225 1882 art.
1259 1825 1312 1878 2.
1371 1820 1664 1878 AEsoulan.
1716 1820 1768 1877 3.
1822 1818 1987 1892 phys.
2023 1816 2155 1872 leet.

609 1919 663 1972 7.
699 1921 902 1989 quaest.
938 1918 989 1972 3.
1021 1914 1203 1971 Palud
1230 1916 1323 1969 hto
1355 1920 1557 1984 quaest.
1617 1927 1655 1965 ι.
1708 1909 1863 1965 Cano
1919 1909 1989 1961 de
2042 1905 2154 1961 loc.

615 2025 742 2083 cap.
781 2010 868 2065 44.
901 2008 1182 2065 Soneinas
1213 2006 1268 2061 8.
1316 2002 1638 2075 Metaphys.
1674 2004 1880 2073 quaest.
1915 1999 2001 2054 13.

720 2202 909 2276 Dico
951 2210 1206 2275 tamen
1267 2197 1471 2296 quod
1549 2217 1850 2269 summa
1917 2190 2164 2289 gratia

625 2316 1040 2393 causabilis
1143 2324 1393 2414 potest
1485 2334 1653 2387 esse
1744 2310 1972 2385 simul
2079 2308 2160 2381 in

623 2434 920 2511 effectu.
960 2433 1150 2508 Illud
1197 2432 1435 2531 probo
1469 2429 1606 2524 sie,
1652 2427 1835 2526 quia
1884 2423 2164 2524 quaeli-

622 2556 752 2631 bet
802 2551 1047 2651 gratia
1093 2549 1508 2626 causabilis
1549 2546 1900 2621 distinete
1944 2543 2164 2618 vide-

624 2682 748 2747 tur
786 2673 881 2748 ab
936 2671 1325 2746 intellectu
1362 2666 1624 2740 divino
1656 2691 1674 2758 ;
1708 2685 1972 2763 quaero
2013 2659 2164 2757 igi-

623 2800 768 2884 tur,
805 2812 981 2864 eum
1017 2787 1268 2861 videat
1308 2787 1507 2860 hanc
1565 2780 1889 2879 gratiam
1944 2801 2163 2854 erea-

617 2919 800 3000 tam,
845 2929 942 2981 an
1020 2904 1274 2978 videat
1341 2900 1565 2976 istam
1648 2899 1929 2972 distare
2025 2917 2163 2994 per

619 3022 964 3098 infinitos
1049 3020 1334 3117 gradus
1441 3016 1734 3091 medios
1816 3014 2161 3110 ejusdem

624 3137 1016 3240 qualitatis
1047 3137 1141 3213 ab
1175 3136 1325 3212 alia
1355 3133 1598 3234 gratia
1639 3154 1870 3231 quam
1915 3138 2160 3229 potest

624 3282 913 3353 creare,
959 3259 1079 3332 vel
1114 3258 1365 3332 solum
1406 3255 1616 3329 videt
1655 3275 1822 3328 eam
1879 3250 2160 3325 distare

614 3401 753 3476 per
793 3384 1041 3450 certos
1107 3371 1457 3471 gradus?
1523 3369 1603 3444 Si
1670 3369 1925 3442 videat
1991 3390 2160 3442 eam

616 3494 900 3568 distare
983 3515 1120 3590 per
1208 3489 1494 3588 gradus
1579 3486 1865 3579 Ηηίῑοε,
1928 3484 2165 3580 igitur

616 3634 924 3686 summa
972 3607 1328 3684 creabilis
1381 3604 1596 3696 finita
1649 3613 1788 3697 est,
1824 3610 1897 3677 et
1931 3601 2161 3676 simul

617 3736 867 3827 potest
925 3725 1167 3800 creari
1212 3723 1615 3798 includens
1669 3728 1918 3795 certos
1998 3741 2166 3813 gra·

616 3846 788 3938 dus,
834 3854 908 3918 et
963 3853 1141 3917 tune
1183 3863 1486 3915 summa
1525 3837 1769 3936 gratia
1808 3834 2164 3911 creabilis

614 3970 864 4062 potest
906 3961 1141 4036 simul
1184 3980 1352 4033 esse
1396 3957 1476 4031 in
1524 3954 1825 4044 effectu,
1862 3954 1926 4028 si
1961 3953 2167 4026 videt

618 4077 1066 4154 distantiam
1111 4074 1489 4149 infinitam
1531 4070 1952 4147 secundum
1988 4092 2167 4166 gra-

622 4197 768 4270 dus
855 4194 1200 4292 ejusdem
1266 4190 1660 4290 qualitatis
1736 4187 2163 4279 intensive3

626 4311 864 4409 igitur
904 4309 1113 4385 videt
1166 4308 1502 4405 aliquem
1547 4306 1869 4404 gradum
1903 4303 2170 4377 infini-

628 4440 790 4505 tum
859 4429 1268 4522 intensive,
1324 4426 1543 4501 aliter
1581 4424 1785 4523 enim
1849 4421 2171 4521 quilibet

629 4570 857 4646 quem
894 4545 1128 4638 videt,
1165 4543 1482 4618 distaret
1509 4540 1721 4614 finite
1750 4539 1844 4614 ab
1875 4539 2062 4632 isto;
2099 4546 2174 4612 et

631 4675 815 4738 tune
898 4658 1548 4758 sequentur·duo
1608 4653 2165 4754 impossibilia:

638 4779 1014 4871 Primum,
1059 4776 1264 4874 quod
1297 4775 1470 4849 talis
1510 4773 1792 4869 gradus
1834 4771 1927 4845 sit
1964 4769 2176 4844 faeti-

634 4896 841 4988 bilis,
877 4905 950 4969 et
990 4903 1173 4968 tune
1203 4892 1460 4990 aliqua
1491 4899 1840 4965 ereatura
1875 4887 2177 4962 infinita

636 5022 837 5086 esset
879 5009 1259 5084 factibilis.
1313 5008 1668 5083 Secundo
1711 5005 2058 5103 sequitur
2086 5029 2178 5079 ex

639 5128 936 5218 eodem,
1010 5126 1215 5225 quod
1312 5126 1452 5200 iste
1542 5124 1826 5221 gradus
1929 5131 2181 5221 potest

639 5245 879 5321 creari
951 5244 1181 5319 unica
1248 5243 1659 5333 creatione,
1704 5266 1878 5317 eum
1928 5241 2183 5318 videat

640 5386 817 5438 eum
852 5361 1233 5453 distincte,
1279 5370 1351 5433 et
1393 5371 1572 5433 tune
1620 5359 1894 5433 iterum
1946 5360 2184 5435 habe-

646 5489 770 5554 tur
846 5477 1351 5577 propositum,
1433 5475 1612 5574 quia
1688 5477 1813 5550 ille
1899 5478 2184 5573 gradus

652 5595 919 5693 gratia}
979 5603 1092 5668 est
1132 5615 1512 5686 summus,
1557 5591 1687 5689 qui
1740 5592 1983 5690 potuit
2015 5616 2186 5668 ere-

2007 406 2249 475 LIBRI
2297 404 2418 473 111.

2248 576 2385 664 ari,
2470 585 2543 650 et
2623 574 2798 649 talis
2872 580 3123 672 potest
3183 591 3351 644 esse
3420 566 3648 642 simul
3717 563 3795 637 in

2248 692 2548 770 effectu.

2350 813 2440 885 Et
2473 807 2899 885 secundum
2944 807 3087 879 hoe
3135 811 3343 877 tenet
3385 800 3573 875 ratio
3608 797 3797 871 Phi-

2252 926 2583 1025 losophi,
2627 924 2696 996 3.
2732 923 2973 1021 Phys.
3024 926 3206 996 teJtt.
3255 919 3373 992 69.
3434 914 3785 1008 dicentis,

2253 1051 2621 1145 quantum
2700 1045 2950 1138 potest
3028 1062 3186 1113 6336
3272 1037 3351 1110 in
3420 1032 3792 1132 potentia,

2253 1168 2547 1236 tantum
2573 1163 3006 1257 potestesse
3046 1155 3129 1229 in
3170 1160 3368 1229 acta.
3408 1154 3499 1227 Et
3529 1148 3797 1224 Philo·
3852 1166 4124 1236 Qupntum

2257 1278 2549 1374 sophus
2580 1273 2833 1369 arguit
2879 1271 2984 1347 ihi
3024 1271 3116 1346 de
3159 1269 3583 1368 quantitate
3625 1291 3796 1341 mo·
3825 1235 4147 1342 igssissfissd-

2256 1393 2438 1481 bili;
2504 1400 2575 1466 et
2640 1390 2831 1465 ratio
2899 1387 3348 1484 Philosophi
3403 1394 3541 1474 est,
3613 1384 3795 1483 quia
3825 1359 4150 1424 ‘um-‘'⁰¹²“

2258 1533 2416 1584 non
2458 1515 2706 1608 potest
2769 1504 3035 1602 augeri
3079 1502 3527 1600 magnitudo
3561 1501 3636 1573 in
3691 1500 3799 1573 in·

2261 1623 2596 1715 finitum,
2675 1620 3025 1696 addendo
3111 1630 3363 1717 partes
3458 1617 3798 1714 ejusdem

2263 1738 2743 1840 quantitatis,
2801 1737 2985 1837 quia
3046 1737 3139 1812 de
3216 1736 3367 1811 illis
3435 1736 3801 1833 loquitur,

2265 1859 2410 1934 nisi
2440 1880 2748 1957 semper
2779 1857 3170 1933 auferatur
3201 1855 3296 1930 ab
3329 1854 3480 1928 alia
3514 1852 3811 1949 magni·
3889 1889 3898 1899 ·

2264 1976 2559 2070 tudine,
2623 1973 2828 2073 quod
2901 1973 3209 2047 additur
3260 1971 3467 2065 huie,
3512 1980 3586 2045 et
3637 1970 3809 2044 ideo

2264 2096 2431 2169 vult
2470 2092 2675 2191 quod
2716 2101 3008 2166 tantum
3054 2100 3171 2165 est
3210 2090 3291 2164 in
3333 2098 3612 2164 natura
3641 2112 3813 2162 eor-

2265 2234 2502 2310 porea
2539 2209 2618 2282 in
2655 2218 2828 2283 actu
2862 2208 3124 2301 simul,
3161 2215 3537 2304 quantum
3566 2214 3813 2305 potest

2270 2325 2719 2424 magnitudo
2756 2347 2923 2400 esse
2966 2323 3044 2396 in
3086 2322 3429 2424 potentia
3454 2350 3473 2416 3
3511 2331 3584 2397 et
3642 2301 3857 2396 ideo'

2268 2467 2442 2519 cum
2476 2464 2661 2536 6336,
2698 2439 2905 2538 quod
2947 2449 3060 2513 est
3100 2449 3270 2514 actu
3324 2460 3809 2537 corporeum,

2267 2560 2363 2635 sit
2394 2558 2726 2652 finitum,
2763 2580 2919 2630 non
2953 2565 3200 2655 potest
3230 2555 3492 2654 aliqua
3526 2554 3817 2650 magni-

2268 2677 2450 2751 tudo
2484 2698 2650 2751 esse
2693 2674 2996 2748 infinita
3025 2673 3105 2746 in
3148 2674 3514 2772 potentia.

2366 2792 2584 2884 Item,
2621 2789 2973 2865 similiter
3003 2800 3119 2864 est
3150 2813 3417 2864 verum
3451 2788 3543 2863 de
3577 2810 3815 2885 quan·
3974 2827 4039 2893 3·

2268 2911 2476 2985 titate
2518 2909 2850 3002 virtutis,
2924 2908 3131 3006 quod
3190 2908 3353 3006 ipse
3408 2906 3680 3004 probat
3718 2905 3812 2980 de

2268 3029 2694 3128 quantitate
2730 3027 3022 3121 mobili,
3070 3026 3209 3101 etsi
3250 3050 3405 3100 non
3448 3025 3814 3124 probetur

2267 3169 2404 3246 per
2442 3145 2646 3222 idem
2690 3144 3056 3238 medium,
3094 3143 3278 3241 quia
3306 3166 3483 3218 eum
3539 3141 3814 3217 erescit

2268 3262 2558 3362 aliquid
2610 3261 3037 3336 secundum
3087 3259 3590 3357 quantitatem
3653 3258 3812 3332 vir-

2267 3378 2477 3473 tutis,
2513 3401 2668 3452 non
2711 3385 3009 3475 oportet
3039 3376 3245 3473 quod
3280 3376 3631 3456 addendo
3665 3374 3813 3447 vir-

2269 3506 2504 3570 tutem
2583 3493 2743 3583 uni,
2817 3493 3208 3567 auferatur
3262 3491 3510 3568 virtus
3562 3515 3815 3591 praee—

2267 3615 2559 3691 xistens
2627 3612 2703 3687 in
2775 3613 2951 3708 alia,
3016 3621 3090 3688 et
3146 3612 3369 3687 detur
3425 3612 3597 3687 sibi.
3663 3611 3812 3687 Sed
3871 3642 4138 3692 numerus

2269 3740 2573 3807 tenetur
2621 3752 2758 3830 per
2808 3730 2955 3804 hoe
3012 3727 3383 3822 medium,
3446 3739 3811 3825 quantam
3889 3708 4136 3817 ,ἵζ’ὲξέζ,

2272 3848 2592 3923 formam
2632 3855 3218 3943 permanentem
3252 3844 3614 3920 convenit
3646 3868 3818 3920 esse

2270 3965 2345 4038 in
2408 3962 2750 4061 potentia
2788 3963 3211 4057 causativa,
3278 3970 3573 4037 tantum
3636 3986 3820 4037 eon—

2270 4079 2483 4155 venit
2548 4103 2717 4155 esse
2800 4079 3029 4154 simul
3099 4078 3180 4153 in
3250 4087 3455 4167 actu,
3526 4089 3600 4153 et
3664 4101 3820 4152 non

2274 4204 2481 4271 tenet
2541 4197 2687 4269 hoc
2751 4195 2843 4269 de
2886 4218 3239 4288 numero,
3305 4218 3449 4269 nee
3508 4194 3600 4269 de
3643 4218 3826 4269 sue-

2274 4312 2599 4389 cessivo.
2649 4313 2828 4387 ldeo
2880 4313 3188 4387 additur
3243 4311 3526 4409 forma,
3567 4313 3661 4387 ad
3705 4337 3825 4387 ex-

2275 4428 2745 4505 cludendum
2824 4452 3265 4521 numerum,
3348 4451 3578 4526 quem
3668 4452 3821 4503 non

2278 4554 2549 4644 reputo
2622 4546 2904 4621 habere
2968 4545 3287 4619 formam
3370 4555 3581 4620 extra
3656 4546 3829 4620 ani-

2283 4679 2513 4755 mam,
2561 4671 2635 4736 et
2675 4661 2981 4736 additur
3011 4684 3503 4757 permanem,
3559 4662 3653 4736 ad
3694 4685 3828 4737 ex-

2281 4778 2753 4853 cludendum
2812 4777 3367 4851 successivum.

2381 4894 2601 4969 Ratio
2706 4893 2939 4991 hujus
3001 4878 3005 4882 ’
3035 4893 3582 4992 propositionis
3681 4903 3822 4988 est,

2285 5011 2467 5110 quia
2520 5010 2746 5085 unica
2791 5010 3343 5109 potentialitate
3403 5020 3518 5085 est
3586 5020 3829 5086 mate-

2286 5128 2400 5201 ria
2438 5125 2961 5226 permanentis
3004 5125 3078 5199 in
3122 5126 3464 5224 potentia
3513 5127 3607 5201 ad
3654 5128 3828 5201 uni-

3825 1423 4145 1487 essem-actu

3827 1486 4115 1544 exponitur
4134 1518 4145 1530 .

3859 5132 4057 5181 Omnes
4087 5142 4190 5192 po·

2289 5268 2464 5319 eum
2506 5253 2759 5318 actum
2815 5241 3212 5343 simul2Et
3261 5242 3832 5319 Commentator
3878 5194 4163 5306 tffiffirss'd

2290 5361 2570 5436 ibidem
2631 5359 2847 5457 ponit
2884 5383 3226 5452 eausam,
3273 5381 3510 5455 quare
3573 5385 3835 5436 nume·
3864 5331 4193 5453 ιῖἶᾞᾶἒιῗέἶ

2290 5500 2423 5551 rus
2477 5487 2591 5551 est
2632 5477 2705 5548 in
2755 5475 3094 5574 potentia
3136 5474 3512 5570 infinitus,
3573 5490 3646 5551 et
3676 5504 3830 5553 non
3865 5457 4050 5557 ιὲἓῖἶέἓ
4079 5456 4177 5554 «ῗὲζ

2293 5594 2367 5667 in
2448 5603 2618 5667 actu
2684 5620 2703 5688 ;
2786 5616 2940 5666 non
3010 5601 3265 5666 autem
3357 5594 3828 5692 magnitude,
3893 5573 4166 5683 nazzan-
