4295 6326
187 651 346 720 corpori

172 728 363 777 coujunc-

209 786 306 827 lum.

196 4489 244 4552 5.

109 4599 249 4652 Lumen
275 4604 357 4654 du·

170 4667 283 4727 plex,

108 5259 253 5314 ladius
278 5269 359 5318 tri-

108 5325 206 5384 1⁴³1.
232 5329 338 5381 Rec-

187 5399 270 5441 tut.

1478 443 1705 511 DlST.
1758 442 1947 509 Xlll.
2000 439 2419 519 QUAES'rlo
2474 439 2706 508 UNIC.

416 641 536 717 pra
566 618 875 715 aliquod
920 617 1191 711 viride,
1228 624 1544 715 apparet
1592 615 1695 689 ibi
1737 616 1938 689 alius

411 738 603 810 color
669 758 900 832 quam
956 735 1194 833 priuS,
1258 743 1331 808 et
1408 742 1666 807 tamen
1724 732 1804 806 in
1859 755 1937 806 re

407 878 543 927 non
580 863 695 926 est
737 853 937 927 alius
973 881 990 946 3
1038 851 1360 926 intentio
1428 850 1662 947 igitur
1701 872 1941 947 quan-

405 972 490 1043 do
519 980 633 1044 est
666 970 969 1063 debilis,
1002 971 1250 1043 solum
1288 977 1402 1043 est
1433 968 1624 1041 ratio
1666 966 1939 1041 viden·-

404 1088 466 1159 di
493 1117 511 1181 3
543 1089 854 1184 quando
899 1097 1011 1162 est
1042 1088 1283 1181 fortis,
1324 1096 1570 1185 potest
1592 1108 1759 1161 esse
1791 1108 1935 1183 quo

401 1217 464 1279 et
504 1207 730 1304 quod.
786 1207 1202 1304 Nunquam
1261 1214 1509 1280 tamen
1581 1203 1938 1277 videntur

402 1323 549 1397 istae
585 1324 911 1421 specieS,
949 1323 1098 1397 nisi
1139 1323 1602 1419 contiguatae
1635 1319 1936 1418 corpori

395 1441 701 1535 visibili,
748 1465 1002 1539 neque
1065 1444 1324 1516 lumen
1424 1440 1727 1515 videtur
1787 1437 1936 1511 nisi

394 1560 888 1655 conjunctum
986 1558 1315 1656 corpori.
1408 1557 1627 1644 Quod
1730 1564 1933 1654 patet

394 1675 794 1773 dupliciter
865 1701 879 1749 :
950 1676 1234 1765 PrimO,
1290 1676 1475 1773 quia
1542 1675 1633 1749 de
1712 1684 1934 1748 nocte

392 1815 531 1863 non
580 1792 887 1867 videtur
932 1792 1218 1885 radiuS,
1266 1801 1340 1868 et
1407 1802 1665 1866 tamen
1737 1792 1934 1864 ultra

390 1908 610 1981 istum
705 1934 987 1984 conum
1079 1909 1374 1997 umbra,
1448 1931 1682 2005 quam
1758 1907 1936 1982 facit

390 2031 583 2097 terra
626 2024 717 2098 de
784 2036 1034 2117 nocte,
1071 2035 1185 2099 est
1250 2024 1540 2116 radiuS,
1578 2022 1763 2120 quia
1811 2031 1928 2096 ta-

387 2164 546 2213 men
597 2164 749 2213 non
786 2141 1284 2237 conjungitur
1342 2139 1445 2212 ibi
1491 2137 1928 2214 immediate

385 2256 685 2353 corpori
763 2255 1209 2330 terminanti
1267 2256 1551 2349 visum,
1588 2277 1742 2328 non
1806 2280 1932 2351 po-

384 2381 516 2445 test
570 2372 847 2448 videri.
908 2374 1264 2448 Secundo
1320 2373 1457 2467 sic,
1503 2381 1665 2449 esto
1725 2371 1925 2468 quod

381 2490 661 2587 aliquis
693 2490 790 2563 sit
821 2490 1156 2564 existens
1196 2490 1272 2562 in
1332 2500 1562 2587 puteo
1606 2488 1928 2587 profun-

381 2609 496 2702 de,
542 2620 626 2683 et
704 2610 777 2682 in
842 2610 1278 2684 summitate
1366 2610 1594 2685 vadat
1670 2608 1931 2683 radius

380 2727 653 2800 solaris
697 2751 832 2824 per
866 2727 1199 2802 medium
1237 2727 1469 2802 unius
1503 2725 1924 2815 foraminiS,

382 2846 522 2919 nisi
622 2847 987 2944 superius
1076 2847 1513 2921 immediate
1600 2854 1932 2945 ponatur

382 2964 696 3062 aliquod
755 2988 1036 3062 corpus
1125 2964 1549 3039 terminans
1644 2962 1924 3054 visum,

382 3103 531 3152 non
593 3079 988 3154 videbitur
1074 3079 1202 3153 ille
1262 3079 1549 3169 radiuS,
1610 3086 1684 3152 et
1758 3077 1928 3151 ideo

382 3222 530 3272 non
566 3199 961 3273 videbitur
1000 3208 1413 3296 antequam
1475 3198 1930 3273 terminetur

379 3314 571 3389 visio
607 3318 704 3389 ad
748 3316 1060 3412 aliquod
1104 3340 1446 3391 sensum.

908 3591 1261 3647 SCllOLIUM
1305 3590 1397 3646 Ill.

440 3739 711 3796 Ostendit
734 3740 955 3811 optime
977 3745 1093 3796 tres
1115 3739 1333 3808 radios,
1367 3744 1611 3803 rectum,
1648 3738 1926 3796 reflexum

376 3830 431 3879 et
489 3826 768 3890 fractum,
828 3825 1163 3881 immediate
1219 3825 1660 3881 immediatione
1716 3840 1926 3891 causae,

375 3927 500 3969 esse
531 3932 565 3969 a
598 3914 931 3983 lumiu0803
963 3915 1253 3986 quomodo
1282 3919 1482 3971 autem
1515 3914 1611 3970 isti
1637 3913 1929 3986 differant,

374 4004 502 4059 vide
533 4004 594 4059 in
630 4003 813 4059 Oxou.
855 4003 950 4058 hic
980 4021 1032 4060 a.
1084 4005 1138 4060 3.
1185 4004 1454 4060 Admittit
1504 4012 1775 4075 quartum
1837 4021 1928 4059 ra-

374 4094 553 4162 dium,
617 4094 672 4147 id
732 4102 835 4158 est,
899 4093 1187 4159 umbram,
1251 4109 1361 4165 qua
1418 4092 1705 4161 videmu5‚
1769 4092 1930 4148 nullo

378 4183 557 4237 trium
587 4184 888 4238 radiorum
921 4185 1222 4254 praesente,
1256 4184 1326 4237 de
1357 4182 1574 4254 quibus
1605 4184 1822 4254 optime
1856 4184 1924 4238 ad

377 4273 617 4328 oculum
651 4279 848 4329 noster
882 4273 1179 4328 Pechanus
1208 4272 1267 4327 in
1291 4290 1399 4329 sua
1433 4273 1819 4346 perspectiva.
1937 4274 1943 4279 “

475 4463 732 4537 Tertio
773 4463 971 4556 dico,
1029 4466 1231 4561 quod
1285 4467 1547 4540 lumen
1608 4476 1721 4540 est
1787 4467 1934 4540 du-

385 4581 582 4678 plex,
619 4581 1028 4656 essentiale
1098 4592 1170 4655 et
1237 4583 1732 4671 accidentale,
1771 4584 1932 4658 sive

382 4697 843 4793 primarium
904 4707 978 4772 et
1052 4700 1623 4775 secundarium.
1665 4700 1935 4775 Essen-

378 4816 560 4889 tiale
596 4825 669 4889 et
729 4815 1182 4912 primarium
1239 4817 1515 4892 dicitur
1576 4818 1705 4892 illa
1770 4842 1934 4915 spe-

382 4931 571 5023 cieS,
620 4955 757 5028 per
788 4955 1019 5028 quam
1057 4932 1268 5006 visus
1302 4935 1933 5031 potestdevenire

384 5049 461 5120 in
524 5049 902 5124 visionem
976 5050 1318 5148 corporis
1397 5051 1791 5145 luminosi,
1864 5061 1938 5126 et

386 5163 578 5239 illud
615 5175 728 5239 est
763 5165 1033 5262 triplex
1087 5169 1516 5241 secundum
1562 5169 1933 5266 triplicem

389 5281 725 5376 radium,
792 5293 1111 5377 rectum,
1194 5286 1512 5360 fractum
1584 5295 1657 5360 et
1726 5285 1938 5361 relle-

382 5424 603 5470 xum.
629 5399 910 5472 Rectus
940 5408 1078 5487 est,
1106 5401 1240 5496 qui
1270 5401 1483 5474 venit
1521 5424 1564 5473 a
1596 5401 1936 5474 lumino-

383 5539 468 5590 so
513 5515 615 5588 ad
684 5514 1093 5589 terminum
1149 5540 1285 5614 per
1335 5517 1673 5592 medium
1738 5518 1937 5615 ejus-

387 5633 567 5706 dem
613 5631 1201 5730 diaphaneitatis
1268 5633 1433 5707 sine
1492 5633 1752 5730 aliquo
1812 5657 1938 5708 an·

3507 438 3592 504 45

2045 614 2254 709 gulo,
2301 611 2485 709 quia
2528 621 2799 686 natura
2828 609 2933 683 ibi
2992 608 3149 707 agit
3215 617 3589 706 quantum

2043 737 2319 826 potest,
2364 736 2438 803 et
2504 728 2673 803 ideo
2742 726 3072 802 breviori
3144 725 3369 799 modo
3436 747 3590 821 quo

2046 856 2317 944 potest,
2356 856 2431 921 et
2486 846 2692 921 linea
2757 855 2964 920 recta
3029 853 3144 920 est
3192 842 3343 917 alia
3444 840 3590 916 sibi

2046 962 2582 1038 conterminali
2642 960 2948 1036 brevior
3002 988 3021 1054 ;
3086 960 3258 1033 ideo
3327 956 3589 1033 radius

2044 1077 2248 1152 Solis
2281 1101 2585 1176 semper
2608 1086 2816 1152 tenet
2840 1075 3228 1151 incessum
3267 1084 3587 1167 rectum,

2044 1195 2106 1270 si
2143 1203 2418 1292 potest.
2457 1194 2606 1269 Sed
2641 1193 2822 1268 dum
2874 1192 3207 1268 occurrit
3253 1191 3587 1265 medium

2045 1311 2363 1387 alterius
2422 1310 3042 1410 diaphaneitatiS,
3092 1319 3172 1384 ut
3238 1333 3413 1384 cum
3466 1332 3594 1384 ra-

2044 1428 2219 1503 dius
2250 1427 2524 1503 transit
2591 1452 2726 1526 per
2791 1451 3078 1521 aerem,
3112 1426 3437 1502 veniens
3496 1425 3589 1500 ad

2045 1569 2356 1644 aquam,
2402 1567 2580 1643 quae
2630 1569 2785 1619 non
2829 1555 2944 1620 est
2974 1567 3254 1642 corpus
3276 1542 3592 1617 omnino

2043 1661 2403 1755 densum,
2435 1661 2807 1760 permittit
2864 1660 3192 1736 transire
3260 1659 3588 1749 radium,

2041 1779 2176 1853 sed
2208 1803 2361 1853 non
2432 1802 2568 1877 per
2637 1779 3028 1853 incessum
3083 1787 3405 1865 rectum,
3442 1775 3591 1850 nisi

2039 1896 2303 1970 veniat
2332 1896 3099 1994 perpendiculariter,
3137 1894 3307 1970 ideo
3368 1895 3596 1969 decli-

2043 2022 2175 2085 nat
2228 2012 2490 2088 radius
2568 2013 2662 2087 ab
2714 2012 3019 2087 incessu
3117 2020 3349 2105 rectO,
3413 2035 3588 2084 cum

2040 2127 2497 2204 diffunditur
2553 2153 2690 2227 per
2756 2128 3244 2227 superficiem
3333 2150 3579 2226 aquae,

2041 2270 2216 2344 quae
2282 2256 2398 2321 est
2458 2246 2796 2321 medium
2883 2245 3200 2320 alterius
3268 2244 3586 2344 diapha-

2041 2363 2375 2457 neitatis,
2414 2373 2496 2437 ut
2536 2372 2744 2461 patet
2774 2362 2851 2436 in
2913 2361 3580 2460 Perspectivorum

2038 2482 2310 2576 lineis3
2357 2484 2522 2556 haec
2564 2492 2819 2557 autem
2902 2479 3310 2556 declinatio
3389 2481 3585 2555 radii

2037 2599 2132 2672 ah
2202 2599 2509 2673 incessu
2580 2606 2808 2684 rectO,
2895 2606 3217 2671 vocatur
3301 2597 3581 2694 fractio

2038 2715 2270 2809 radii,
2307 2714 2469 2789 sive
2537 2714 2801 2788 radius
2853 2712 3172 2811 fractus.
3216 2712 3584 2809 Refleaeus
3665 2726 3899 2776 Fractus-

2036 2842 2178 2925 est,
2242 2855 2416 2906 cum
2501 2840 2754 2905 rectus
2826 2829 3088 2904 radius
3174 2829 3582 2905 inveniens

2036 2948 2521 3022 obstaculum
2651 2946 2992 3044 corporis
3112 2944 3585 3020 sufficienter

2036 3064 2255 3138 densi
2298 3062 2571 3137 transit
2597 3085 2735 3160 per
2786 3061 3119 3137 medium
3169 3089 3188 3155 3
3226 3061 3358 3136 sed
3401 3061 3586 3158 quia

2039 3190 2316 3254 natura
2375 3177 2718 3275 corporis
2794 3176 3159 3250 luminosi
3225 3200 3382 3250 non
3443 3201 3585 3274 po-

2032 3304 2181 3369 test
2215 3294 2722 3392 multiplicare
2774 3292 3106 3391 speciem
3169 3292 3365 3368 lucis
3419 3316 3582 3367 suae

2036 3436 2174 3510 per
2242 3411 2579 3488 medium
2660 3409 2869 3484 illius
2963 3410 3333 3507 corporis,
3406 3409 3583 3485 facit

2036 3533 2242 3629 quod
2304 3540 2576 3631 potest,
2626 3530 3204 3628 multiplicando
3272 3553 3438 3605 eam
3504 3530 3579 3603 in

2038 3648 2293 3723 medio
2348 3647 2789 3745 contiguato
2843 3646 3145 3744 corpori
3218 3646 3578 3721 obstanti.

2036 3766 2403 3839 Naturale
2473 3785 2808 3862 namque
2852 3785 3117 3860 agens,
3163 3764 3386 3860 cujus
3426 3763 3587 3835 vir-

2038 3894 2161 3957 tus
2202 3880 2452 3956 activa
2484 3905 2642 3955 non
2671 3888 2785 3955 est
2813 3880 3144 3954 totaliter
3183 3882 3583 3973 exhausta,

2038 4000 2111 4071 in
2159 3999 2529 4073 directum
2565 3997 2747 4093 agit,
2804 4006 3180 4093 quantum
3221 4005 3470 4095 potest
3518 4005 3591 4070 et

2037 4114 2244 4212 quod
2314 4137 2469 4187 non
2530 4121 2781 4211 potest
2839 4112 2914 4186 in
2994 4112 3397 4203 directum,
3436 4111 3592 4207 agit

2039 4231 2115 4304 in
2151 4229 2553 4327 obliquum
2608 4255 2626 4321 ;
2691 4236 2761 4302 et
2827 4228 2998 4302 talis
3059 4227 3593 4325 multiplicatio

2040 4347 2356 4422 luminis
2418 4354 2739 4421 vocatur
2795 4345 3147 4442 refleoez’o,
3221 4368 3396 4443 quae
3513 4342 3597 4415 fit

2039 4464 2470 4539 secundum
2528 4461 3048 4560 aequalitatem
3127 4462 3592 4557 angulorum

2039 4580 2479 4655 incidentiae
2522 4589 2598 4654 et
2673 4577 3206 4655 reflexionum.
3266 4577 3378 4652 De
3450 4579 3594 4650 hoc

2040 4701 2357 4795 Alacen,
2404 4697 2791 4792 EuclideS,
2838 4696 3099 4773 etalii.

2139 4816 2439 4891 Lumen
2544 4824 2802 4890 autern
2913 4812 3349 4907 essentiale,
3434 4812 3596 4888 sive

2042 4934 2525 5033 primarium,
2556 4931 2995 5007 immediate
3039 4940 3305 5006 causat
3336 4954 3601 5029 supra-

2041 5052 2285 5126 dictos
2321 5060 2472 5125 tres
2505 5050 2759 5125 radios
2790 5048 3370 5124 immediatione
3411 5072 3599 5123 cau-

2042 5193 2176 5257 sae,
2215 5169 2398 5267 quia
2431 5177 2728 5243 nonest
2780 5189 2983 5241 unus
3044 5165 3309 5241 radius
3364 5189 3597 5241 causa

2042 5286 2386 5379 alteriuS,
2432 5284 2565 5359 sed
2608 5283 2931 5384 quilibet
2976 5306 3246 5358 eorum
3307 5293 3422 5358 est
3462 5283 3597 5355 im-

2044 5403 2371 5476 mediate
2403 5402 2500 5475 ab
2550 5400 2718 5499 ipso
2761 5399 3151 5474 luminari.
3200 5398 3312 5473 De
3381 5399 3594 5472 radio

2042 5528 2249 5594 recto
2291 5519 2397 5593 ita
2434 5519 2831 5616 probatur,
2869 5516 3052 5614 quia
3118 5524 3398 5589 natura
3436 5513 3597 5611 agit

2046 5646 2423 5734 quantum
2463 5643 2714 5735 potest
2778 5633 2920 5708 sibi
2983 5631 3395 5717 derelicta;
3441 5629 3592 5725 igi-

3636 2789 3903 2839 Ressexus.
