4295 6326
451 2477 510 2544 1.

647 394 771 459 112

2075 389 2315 457 LIBRI
2364 390 2449 461 11.

1331 909 2471 1077 DISTINCTIO
2625 913 3177 1079 XXIV.

1046 1488 1444 1569 QUAESTIO
1499 1490 1789 1557 UNlCA.

650 1686 924 1752 Utrum'
944 1683 1177 1768 portio
1239 1681 1555 1768 superior
1599 1680 1690 1745 sit
1746 1679 2016 1746 diversa
2075 1697 2204 1765 po-

895 1801 1115 1867 tentia
1145 1819 1186 1867 a
1228 1800 1549 1885 portione
1580 1798 1910 1885 inferiori
1951 1794 1991 1862 P

649 2022 712 2071 D.
745 2015 951 2071 Thom.
985 2031 1026 2071 1.
1059 2030 1118 2082 p.
1151 2031 1202 2084 q.
1225 2014 1318 2068 79.
1351 2022 1459 2068 art.
1490 2013 1543 2069 9.
1581 2020 1634 2068 et
1664 2012 1748 2067 hic
1773 2028 1824 2084 q.
1854 2012 1906 2065 2.
1942 2028 2000 2064 a.
2055 2025 2091 2065 ι.
2141 2015 2202 2065 D.

721 2088 930 2143 Bonav.
963 2087 1017 2141 2.
1053 2104 1107 2155 p.
1131 2096 1240 2141 art.
1270 2086 1323 2138 2.
1358 2102 1411 2156 q.
1440 2086 1494 2139 2.
1532 2084 1802 2140 Richard.
1836 2088 1947 2139 nrt.
1977 2083 2029 2138 2.
2063 2100 2115 2153 q.
2150 2083 2203 2137 4.

720 2159 981 2214 Durand.
1015 2158 1279 2229 quoest.4.
1315 2155 1490 2211 Gabr.
1539 2172 1591 2226 q.
1642 2172 1680 2210 ι.
1737 2165 1846 2211 art.
1908 2155 1961 2209 3.
2015 2154 2204 2227 AEgid.

719 2239 906 2303 quaesc.
939 2233 993 2284 2.
1029 2230 1181 2303 Sqet.
1217 2229 1279 2284 in
1311 2227 1482 2284 Oxou.
1518 2228 1632 2282 liic.

749 2425 965 2499 Circa
1068 2422 1637 2497 distinctionem
1751 2419 2203 2516 vigesimam

296 2595 615 2652 maumam.
652 2552 1002 2639 quartam
1105 2538 1474 2634 Magister
1570 2536 2026 2611 determinat
2109 2535 2202 2610 de

327 2656 576 2719 primum.

342 4581 556 4630 Contra.

418 5586 480 5650 2.

648 2656 1048 2754 adjutoriis
1125 2655 1217 2728 ad
1294 2653 1832 2745 resistendum,
1904 2674 2203 2750 ponens

644 2773 1058 2871 quamdam
1111 2769 1675 2845 distinctionem
1739 2768 2019 2842 animae
2075 2792 2203 2865 po-

2315 1371 2562 1459 potest
2596 1363 2875 1437 hahere
2908 1363 3291 1461 duplicem
3326 1364 3797 1440 intellectum
3826 1393 3842 1409 ·
3905 1376 4133 1438 Duplex
4164 1380 4238 1428 in·

3103 1481 3116 1494 .
3782 1421 3844 1495 ,'
3920 1441 4203 1490 tellectus

2316 1502 2643 1578 quorum
2694 1503 2894 1554 unus
2934 1490 3050 1555 est
3097 1482 3254 1575 ille,
3326 1482 3530 1578 quod
3603 1492 3849 1580 portlo
3915 1505 4207 1577 quaequo-

2318 1598 2671 1697 superior
2700 1599 2797 1674 sit
2836 1590 3134 1675 tantum
3180 1625 3334 1676 una
3367 1602 3735 1700 potentia,
3780 1611 3854 1678 et
4010 1581 4133 1618 '²¹⁸'

2320 1714 2673 1790 similiter
2703 1715 3018 1791 inferior
3060 1717 3156 1792 sit
3188 1727 3483 1793 tantum
3539 1742 3720 1794 una.
3768 1720 3859 1793 Et

2320 1842 2504 1907 tunc
2572 1843 2686 1909 est
2762 1858 3139 1933 quaerere,
3206 1844 3463 1909 utrum
3527 1860 3680 1911 una
3764 1836 3862 1911 sit

2320 1951 2586 2026 eadem
2621 1950 2965 2049 potentia
3003 1976 3175 2027 cum
3220 1953 3371 2028 alia
3398 1956 3433 2027 ‘2
3464 1954 3682 2029 Alius
3740 1955 3864 2027 in-

2321 2068 2669 2143 tellectus
2723 2069 3178 2166 quaestionis
3236 2080 3352 2145 est
3411 2071 3583 2165 iste,
3655 2070 3859 2167 quod

2320 2184 2766 2282 accipiendo
2830 2186 3168 2283 aliquam
3268 2188 3688 2285 potentiam
3783 2188 3860 2262 in

2318 2300 2669 2397 portione
2727 2301 3108 2398 superiori
3156 2311 3237 2376 ut
3288 2302 3855 2397 intellectivam,

2318 2425 2391 2490 et
2431 2416 2759 2491 similem
2795 2416 2870 2490 in
2908 2418 3258 2515 portione
3292 2419 3663 2513 inferiori,
3708 2421 3861 2495 sci-

2318 2532 2492 2608 licet
2532 2534 3107 2629 intellectivam,
3153 2546 3226 2610 et
3265 2537 3374 2612 sie
3422 2536 3516 2612 de
3577 2541 3857 2612 volun-

2319 2660 2464 2725 tate
2523 2661 2597 2726 et
2652 2653 3046 2746 memoria,
3104 2662 3179 2727 et
3226 2662 3409 2728 tunc
3463 2678 3859 2753 quaerere-

2314 2780 2463 2863 tur,
2512 2780 2766 2845 utrum
2810 2770 2963 2844 sint
3006 2770 3388 2846 distinctae
3437 2774 3848 2870 potentiae3

637 2890 1085 2982 tentiarum,
1161 2886 1535 2985 quaeritur
1601 2909 1871 2978 unum,
1935 2890 2195 2958 utrum
2310 2895 2384 2958 et
2451 2895 2706 2959 utrum
2757 2886 3217 2982 intellectuS,
3297 2899 3524 2986 prout
3582 2900 3696 2965 est
3769 2891 3847 2964 in

621 3006 880 3104 portio
912 3004 1270 3101 superior
1314 3003 1415 3076 sit
1446 2999 1795 3098 potentia
1832 2999 2194 3073 discincta
2309 3002 2657 3099 portione
2728 3003 3106 3102 superiori
3188 3015 3262 3080 et
3316 3006 3685 3098 inferiori,
3748 3009 3846 3083 sit

627 3148 673 3198 a
749 3124 1108 3222 portione
1203 3117 1659 3219 inferiori?
1735 3116 1954 3205 Quod
2047 3116 2185 3211 sie,
2303 3120 2572 3197 eadem
2606 3121 2973 3220 potentia,
3020 3122 3536 3201 autdiversae.

626 3242 809 3338 quia
867 3239 1296 3316 secundum
1349 3235 1866 3332 Augustinum
1931 3234 2045 3306 12.
2093 3234 2187 3307 de

631 3358 903 3432 Trinit.
992 3358 1060 3429 4.
1146 3356 1396 3451 imago
1466 3362 1579 3428 est
1645 3353 1720 3425 in
1802 3351 2181 3449 superiori

625 3474 1002 3572 portione,
1074 3473 1152 3545 in
1205 3470 1546 3546 inferiori
1606 3492 1761 3542 non
1810 3478 1986 3556 est;
2047 3467 2179 3542 sed

626 3614 780 3664 non
844 3599 1091 3687 potest
1145 3587 1374 3663 simul
1435 3609 1630 3679 esse,
1690 3595 1764 3659 et
1812 3609 1964 3659 non
2012 3607 2181 3659 esse

629 3707 707 3780 in
750 3707 1076 3798 eodem3
1137 3704 1369 3800 igitur
1433 3713 1547 3777 est
1603 3702 1753 3777 alia
1814 3702 2174 3800 potentia.

732 3824 948 3916 ltem,
998 3820 1361 3919 potentiae
1411 3818 1994 3914 distinguuntur
2046 3842 2183 3917 per

632 3939 928 4036 objecta
981 3938 1047 4010 1.
1095 3936 1188 4012 de
1246 3935 1561 4019 Anima,
1624 3940 1806 4007 tert.
1865 3933 1983 4006 33.
2046 3935 2179 4008 sed

633 4058 1016 4154 obJectum
1109 4053 1529 4152 superioris
1597 4052 1972 4151 portionis
2068 4062 2182 4128 est

632 4183 1035 4264 aeternum,
1094 4169 1475 4265 objectum
1551 4168 1933 4242 inferioris
2001 4192 2182 4266 por-

633 4291 864 4365 tionis
920 4299 1035 4365 est
1120 4289 1609 4385 temporale3
1693 4286 1927 4382 igitur
2011 4286 2179 4362 istae

635 4407 999 4507 potentiae
1068 4405 1674 4501 distinguuntur.

734 4526 1218 4623 Oppositum,
1265 4523 1740 4620 Augustinus
1787 4521 1909 4596 ubi
1945 4545 2182 4619 supra

636 4645 711 4716 in
760 4641 1137 4740 principio
1212 4640 1555 4738 capituli,
1626 4662 1780 4713 non
1850 4637 2179 4712 dicimus

634 4783 760 4833 eas
800 4758 1226 4850 distinctas,
1262 4758 1418 4831 uisi
1445 4760 1739 4830 lantum
1780 4777 2018 4852 penes
2053 4754 2176 4853 of-

631 4874 814 4972 ficia
842 4874 1352 4971 (seminamus.

1216 5092 1602 5152 SCHOLIUM.

700 5262 1028 5321 portionem
1062 5260 1421 5333 superiorem
1452 5275 1580 5315 esse
1602 5275 1776 5315 unam
1800 5263 1856 5316 ct
1877 5261 2165 5317 eumdem.

631 5357 729 5413 tna
762 5356 1001 5428 respicit
1030 5361 1260 5424 aeterna,
1295 5351 1413 5407 baec
1441 5351 1799 5422 temporalia.

732 5568 1211 5670 Responde0‚
1309 5566 1514 5664 quod
1598 5566 1740 5643 ista
1843 5571 2166 5667 quaestio

2398 3236 2583 3311 Dico
2618 3247 2871 3313 autem
2918 3238 3121 3337 quod
3167 3239 3461 3337 primus
3504 3241 3837 3319 intellec·
3864 3257 3928 3308 1n
3970 3264 4244 3333 utraque

2296 3365 2420 3431 tus
2453 3366 2566 3431 est
2597 3357 2860 3450 falsus,
2916 3357 3204 3433 scilicet
3269 3361 3475 3457 quod
3538 3329 4249 3460 tantatus-3333&

2294 3485 2408 3550 est
2476 3498 2629 3550 una
2698 3474 3065 3573 potentia,
3146 3477 3329 3573 quia
3413 3478 3490 3552 in
3565 3489 3836 3555 neutra
3865 3453 4206 3512 ⁹⁰¹⁸m¹ae⁹

2293 3592 2642 3690 portione
2702 3602 2826 3667 'est
2883 3615 3039 3666 una
3105 3602 3403 3668 tantum
3462 3597 3832 3693 potentia,

2296 3707 2448 3780 imo
2527 3706 2603 3780 in
2668 3718 2991 3805 utraque
3062 3709 3410 3806 portione
3471 3722 3653 3786 sunt
3718 3713 3838 3786 di-

2298 3846 2543 3897 versae
2583 3824 2977 3922 potentiae,
3013 3848 3189 3899 nam
3225 3827 3651 3901 secundum
3696 3832 3841 3902 Au·

2296 3938 2692 4035 gustinum
2772 3940 2889 4013 11.
2978 3939 3071 4016 de
3146 3941 3411 4016 Trinit.
3502 3967 3668 4043 cap.
3760 3946 3833 4017 4.

2293 4055 2565 4131 Porcio
2604 4058 2960 4154 superior
2990 4065 3099 4131 est
3130 4067 3475 4157 respectu
3506 4068 3841 4135 aetemo-

2296 4196 2496 4266 rum,
2536 4184 2882 4272 respectu
2918 4197 3247 4272 quorum
3294 4185 3407 4250 est
3439 4179 3834 4270 memoria,

2296 4289 2803 4386 intelligentia
2868 4299 2942 4364 et
2999 4292 3384 4381 voluntaS‚
3441 4315 3618 4390 quae
3683 4318 3838 4368 non

2294 4416 2473 4479 sunt
2519 4430 2671 4481 una
2700 4406 3066 4505 potentia.
3105 4407 3324 4482 Unde
3356 4411 3839 4506 Augustinus

2292 4523 2367 4595 in
2413 4521 2544 4598 illa
2583 4523 2961 4621 superiori
2994 4525 3347 4622 portione
3388 4527 3608 4623 ponit
3648 4552 3839 4626 prae·

2292 4637 2517 4734 cipue
2560 4637 2975 4735 imaginem
3008 4638 3422 4734 Trinitatis,
3470 4664 3645 4738 quae
3679 4667 3833 4718 non

2291 4764 2404 4829 est
2435 4753 2583 4829 nisi
2618 4764 2992 4854 quantum
3026 4755 3119 4830 ad
3165 4756 3351 4831 istas
3406 4760 3830 4855 potentias3

2290 4874 2496 4972 quod
2530 4898 2685 4948 non
2719 4884 2923 4951 esset
2959 4899 3260 4970 verum,
3296 4876 3445 4951 nisi
3483 4888 3832 4976 respectu

2288 5000 2754 5066 aeternorum
2820 4990 2899 5063 in
2941 4990 3072 5065 illa
3121 5000 3385 5066 essent
3414 4992 3559 5068 ista
3618 4993 3765 5068 tria
3807 5023 3826 5089 3

2285 5130 2469 5203 ergo
2513 5106 2866 5205 superior
2923 5130 3075 5181 non
3138 5115 3255 5182 est
3319 5116 3616 5182 tantum
3675 5133 3830 5186 una

2286 5222 2657 5320 potentia.

2380 5340 2596 5432 Item,
2631 5337 2708 5410 in
2740 5338 2902 5413 Deo
2926 5346 3040 5412 est
3073 5339 3443 5414 memoria
3474 5349 3815 5438 paterna,
3978 5366 4073 5437 3,

2280 5476 2457 5552 quae
2535 5463 2649 5530 est
2727 5453 3192 5552 principium
3291 5456 3818 5553 productionis
3853 5479 3916 5531 tn
3952 5467 4249 5544 divinis

2279 5571 2479 5666 Filii,
2512 5595 2686 5669 quae
2718 5581 2830 5646 est
2873 5570 3140 5645 notitia
3196 5573 3481 5668 genita,
3527 5586 3617 5650 -et
3682 5600 3820 5675 per
3868 5551 4241 5672 333233
