4295 6326
70 4919 242 5003 ll

355 3015 587 3069 Scientia

312 3083 610 3132 communis

345 3146 597 3196 omnibus

331 3209 605 3258 habitibus

313 3271 632 3322 intellectus.

416 4792 523 4864 16.

353 5346 589 5401 Scientia

356 5413 572 5478 proprie

348 5481 508 5532 dieta,
543 5479 596 5525 et

339 5544 570 5605 quatuor

371 5601 552 5654 condi-

301 5669 475 5720 tiones
486 5664 620 5730 ejus.

656 467 786 537 454

663 638 927 724 rimus,
968 639 1225 739 eisque
1283 640 1690 733 credimztS,
1773 662 1818 712 α
1876 661 2198 736 quorum

658 754 1005 830 sensibus
1054 765 1344 832 remota
1412 781 1568 831 8338
1606 755 1731 830 vel
1762 753 2005 851 fuisse
2048 777 2200 827 non

664 874 1070 950 credimus.
1129 879 1219 951 Et
1271 876 1467 951 sicut
1517 876 1592 949 iu
1639 898 1899 967 sensu,
1947 873 2048 947 ita
2089 884 2204 947 est

663 993 738 1065 in
820 992 1211 1068 intellectu
1286 994 1713 1068 secundum
1790 990 2041 1088 ipsum
2108 989 2200 1063 de

662 1108 812 1203 his,
849 1133 1022 1208 quae
1058 1121 1309 1186 mente
1359 1111 1825 1202 sentiuntur,
1897 1107 2080 1205 quia
2130 1114 2204 1178 et

661 1225 824 1324 ipse
858 1250 1132 1301 sensus
1169 1227 1445 1301 mentis
1471 1224 1892 1301 rectissime
1926 1246 2202 1297 sensus

660 1341 963 1417 dicitur.

754 1460 922 1534 Alio
966 1462 1192 1535 modo
1235 1461 1513 1535 dicitur
1545 1458 1866 1533 scientia
1895 1481 2044 1530 non
2075 1480 2205 1529 so-

659 1582 819 1653 lum
886 1603 1250 1654 assensus
1317 1588 1571 1652 certus
1640 1576 2200 1672 cujuscumque

658 1696 1097 1772 testimonio
1128 1696 1506 1771 credendo
1549 1695 1829 1787 alien0,
1874 1693 2004 1768 sed
2052 1690 2197 1789 ipsi

663 1815 962 1889 veritati
992 1816 1066 1888 in
1103 1839 1210 1911 se,
1257 1816 1349 1891 de
1383 1839 1534 1913 qua
1568 1815 1741 1912 quis
1773 1823 2028 1889 certus
2061 1819 2201 1904 est,

665 1931 863 2021 sicut
903 1931 965 2006 si
998 1932 1405 2007 assentiret
1435 1955 1569 2030 per
1603 1929 2008 2005 scientiam
2075 1952 2207 2002 ac-

665 2048 1054 2146 quisitam,
1100 2050 1275 2124 licet
1333 2075 1484 2123 non
1529 2073 1621 2123 ex
1677 2048 1964 2123 eisdem
2025 2070 2209 2121 cau-

665 2166 797 2258 siS,
862 2167 1151 2241 scilicet
1215 2191 1350 2265 per
1418 2175 1754 2240 extrema
1839 2162 2211 2239 termino-

666 2307 864 2357 rum.
913 2286 1003 2357 Et
1039 2284 1184 2359 isto
1229 2285 1453 2359 modo
1489 2283 1828 2382 loquitur
1869 2281 2212 2355 Philoso-

664 2403 867 2500 phus
948 2401 1039 2475 de
1130 2425 1481 2493 assensn,
1565 2400 1636 2472 6.
1719 2397 2205 2491 Ellzc‘corum,

663 2543 829 2617 cap.
878 2519 946 2591 4.
1020 2527 1093 2593 et
1156 2521 1225 2591 7.
1311 2519 1441 2593 ubi
1500 2518 1774 2615 accipit
1818 2540 2210 2591 assensum

664 2660 803 2736 pro
896 2636 1104 2710 omni
1162 2636 1424 2710 habitu
1485 2658 1637 2732 quo
1707 2634 2210 2709 determinate

663 2775 932 2827 verum
978 2752 1332 2844 dicimuS,
1363 2761 1435 2825 et
1472 2750 1794 2825 scientia
1837 2749 2212 2848 accipitur
2246 2794 2249 2799 -

667 2894 802 2969 pro
875 2870 1086 2944 omni
1168 2870 1428 2944 habitu
1493 2892 1645 2966 quo
1704 2867 2209 2942 determinate

669 3014 938 3064 verum
981 2988 1334 3062 dicimus.
1384 2989 1475 3061 Et
1504 2986 1611 3060 sic
1653 2986 1973 3061 scientia
2014 3011 2212 3059 corn-

671 3108 925 3183 munis
967 3118 1078 3184 est
1120 3107 1480 3183 omnibus
1535 3106 1926 3181 habitibus
1981 3105 2211 3181 intel-

668 3227 1152 3320 lectualibuS,
1192 3225 1476 3324 quibus
1521 3224 1703 3297 dicit
1743 3223 2022 3321 aliquis
2075 3247 2210 3297 ve-

667 3367 837 3417 rum
912 3343 1441 3436 determinate,
1547 3351 1620 3415 et
1687 3340 2004 3414 assentit
2072 3341 2205 3413 uni

661 3459 857 3559 parti
918 3459 1115 3533 sicut
1181 3457 1585 3533 assentiret
1640 3456 1813 3554 quis
1889 3458 2209 3530 conclu-

662 3575 857 3651 sioni
901 3576 1490 3668 demonstratam
1539 3585 1612 3648 et
1659 3573 1765 3648 sic
1800 3571 2016 3667 fides,
2055 3597 2209 3671 qua

659 3695 1075 3770 assentitur
1141 3693 1642 3769 determinate
1717 3691 1933 3766 alteri
2010 3691 2205 3790 parti

659 3812 1312 3906 contradictionis,
1359 3810 1421 3885 si
1473 3820 1675 3884 esset
1719 3810 1809 3884 de
1862 3811 2204 3908 specula-

657 3931 971 4026 bilibus,
1019 3931 1427 4006 reducetur
1476 3927 1899 4002 secundum
1938 3927 2208 4001 Philo-

657 4051 986 4148 sophum
1033 4049 1126 4123 ad
1160 4046 1556 4121 scientiam
1593 4073 1612 4138 3
1668 4044 1731 4118 si
1781 4045 1873 4118 de
1915 4044 2208 4140 agibili-

657 4167 827 4257 buS‚
866 4168 959 4243 ad
993 4165 1478 4265 prudentiam
1519 4191 1536 4256 3
1602 4162 1664 4237 si
1721 4162 1813 4235 de
1858 4162 2205 4236 factibili-

654 4282 829 4371 huS‚
901 4281 995 4356 ad
1055 4289 1322 4354 artem.
1370 4279 1462 4351 Et
1528 4276 1671 4349 isto
1717 4274 1942 4349 modo
2012 4273 2204 4349 fides

656 4401 912 4474 infusa
986 4409 1058 4474 et
1144 4396 1464 4472 scientia
1565 4402 1854 4469 starent
1941 4393 2196 4484 simul,

659 4518 813 4593 imo
848 4517 956 4592 sic
1016 4515 1206 4591 fides
1252 4522 1450 4589 esset
1499 4512 1846 4605 scientia,
1893 4521 1963 4586 et
2032 4511 2202 4585 ideo

657 4659 802 4712 nec
843 4636 952 4710 sic
993 4633 1386 4733 loquimur
1417 4632 1510 4705 de
1543 4629 1886 4706 scientia.

757 4752 1184 4852 Loquimur
1213 4759 1467 4826 autem
1504 4749 1595 4822 de
1620 4747 2203 4844 scientia‚prout

659 4871 1182 4969 Philosophus
1240 4867 1582 4966 loquitur
1647 4866 1739 4940 cle
1809 4888 1896 4939 ea
1937 4865 2200 4963 primo

657 4991 1220 5083 Posteriornm,
1284 4992 1466 5062 teoet.
1535 4984 1650 5057 13.
1725 5008 1898 5058 cum
1960 4984 2194 5059 dicit:

665 5110 865 5201 Quia
903 5109 1100 5183 scire
1141 5106 1551 5205 opinamur
1604 5103 2202 5201 unumquodque

654 5225 1139 5325 simpliciter,
1177 5230 1249 5297 et
1285 5246 1438 5296 non
1467 5219 1873 5318 sophistico
1944 5218 2195 5313 mode,

657 5368 830 5421 cum
871 5364 1137 5418 causas
1189 5338 1657 5414 arbitramur
1720 5359 2194 5435 coqnoscere,

659 5471 733 5540 et
759 5462 1124 5562 quoniam
1166 5458 1378 5533 illius
1433 5464 1541 5533 est
1575 5481 1829 5550 causa,
1877 5463 1950 5530 et
2013 5481 2200 5555 quo-

653 5584 867 5658 m'am
901 5575 1372 5678 irivpossibile
1404 5582 1512 5649 est
1540 5574 1767 5650 aliter
1794 5598 1873 5648 38
1889 5572 2192 5649 habere.

656 5703 747 5775 Et
787 5695 1108 5773 scientia
1149 5694 1291 5768 isto
1348 5692 1569 5767 modo
1626 5691 1825 5766 dicta
1865 5700 2198 5790 quatuor

2023 456 2265 534 LIBRI
2312 465 2429 543 111.

2310 638 2791 713 conditiones
2834 640 3151 737 requirit
3189 665 3203 714 :
3263 639 3523 712 Prima
3563 645 3674 712 est
3716 659 3857 708 no-

2310 754 2492 827 titiae
2535 754 2938 849 certitudO,
2974 754 3508 854 propterquod
3543 751 3849 844 dicitur,

2305 872 2503 945 scire
2544 873 2956 968 opinamur
3006 871 3598 971 unumquodque
3661 870 3853 943 sim-

2297 988 2637 1086 plic-iter,
2666 997 2739 1065 et
2767 1015 2921 1065 uon
2960 991 3368 1089 sophistico
3404 989 3655 1083 modo,
3715 1011 3852 1086 per

2309 1106 2514 1202 quod
2548 1108 2799 1181 omnis
2841 1108 3297 1183 incertitudo
3345 1118 3418 1183 et
3475 1106 3848 1183 dubitatio

2310 1222 2765 1297 excluditur.

2308 1339 2514 1437 quod
2556 1340 2651 1414 sit
2682 1342 2774 1416 de
2799 1342 3101 1440 cognito
3136 1343 3598 1437 necessariO,
3637 1366 3854 1440 prop-

2307 1468 2424 1533 ter
2464 1463 2609 1533 hoc
2650 1460 2856 1558 quod
2898 1462 3118 1556 illud,
3164 1462 3370 1560 quod
3420 1461 3661 1535 scitur
3704 1461 3856 1534 im-

2299 1577 2669 1674 possibile
2712 1584 2823 1652 est
2850 1579 3078 1654 aliter
3111 1603 3193 1654 se
3248 1578 3551 1654 habere.
3605 1576 3855 1652 Tertia

2312 1695 2647 1769 conditio
2716 1706 2856 1790 est,
2955 1698 3160 1795 quod
3230 1697 3326 1772 sit
3424 1706 3738 1772 causata
3812 1720 3856 1770 a

2314 1835 2546 1886 causa
2621 1813 2971 1889 evidente
3032 1814 3487 1908 intellectui,
3548 1823 3621 1888 et
3684 1814 3855 1889 ideo

2315 1928 2520 2022 dicit,
2582 1930 2779 2003 scire
2819 1954 2979 2005 rem
3031 1956 3176 2029 per
3218 1956 3524 2007 causam
3577 1956 3858 2030 coquo-

2313 2069 2543 2133 scere,
2594 2057 2953 2144 tanquam
3016 2073 3152 2146 per
3205 2050 3419 2135 illud,
3485 2050 3690 2148 quod
3744 2061 3859 2127 est

2317 2166 2634 2241 evidens
2674 2167 3130 2243 intellectui.
3179 2170 3466 2256 Quarta
3524 2169 3856 2245 conditio

2318 2293 2458 2377 est,
2505 2286 2707 2382 quod
2753 2285 2883 2360 illa
2914 2311 3150 2361 causa
3196 2287 3292 2362 sit
3346 2288 3726 2386 applicata
3765 2287 3860 2362 ad

2319 2402 2892 2478 conclusionem
2929 2427 3065 2501 per
3126 2404 3562 2480 discursum
3640 2407 3863 2503 syllo-

2318 2519 2703 2615 gisticum,
2748 2530 2821 2595 et
2889 2521 2990 2596 ita
3058 2531 3356 2620 oportet
3414 2524 3611 2599 sce-‘re
3671 2548 3861 2623 qno-

2318 2638 2527 2711 niam
2572 2636 2783 2711 illins
2826 2646 2935 2713 cst
2976 2665 3231 2728 causa,
3292 2651 3466 2716 actu
3530 2643 3861 2717 exercito

2318 2779 2647 2829 causans
2711 2765 2784 2830 et
2849 2757 3245 2855 applicans
3326 2759 3707 2858 principia
3767 2759 3861 2835 ad

2318 2874 2881 2948 conclusiones.
2960 2873 3179 2948 Unde
3240 2874 3388 2950 ista
3453 2877 3861 2975 applicatio

2318 2999 2430 3062 est
2463 2997 2676 3063 actus
2745 2990 3153 3085 exercitus,
3228 3016 3384 3065 non
3455 2993 3658 3090 quod
3718 2992 3865 3068 ista

2318 3104 2725 3204 applicatio
2794 3107 2891 3182 sit
2958 3108 3263 3205 cognita
3339 3119 3508 3185 actu
3572 3110 3859 3186 directo

2315 3223 2434 3295 vel
2500 3222 2814 3319 ressexo,
2889 3226 3020 3300 sed
3087 3236 3257 3300 actu
3321 3227 3856 3322 cognoscendo

2317 3364 2658 3434 causam,
2697 3352 2771 3415 ct
2809 3343 3270 3440 applicando
3304 3344 3397 3418 ad
3431 3344 3852 3441 cognitum.

2316 3461 2408 3532 Et
2437 3459 2581 3533 isto
2650 3461 2871 3535 modo
2929 3462 3317 3560 loquendo
3373 3463 3465 3538 de
3506 3464 3853 3559 scientia,

2316 3575 2791 3674 impossihile
2861 3588 2971 3653 cst
3050 3579 3448 3654 scientiam
3501 3591 3575 3656 et
3630 3580 3858 3658 sidem

2314 3714 2481 3765 csse
2524 3691 2752 3766 simul
2798 3692 2872 3766 in
2936 3694 3203 3770 eodem
3264 3707 3610 3793 respectu
3656 3696 3863 3793 ejus-

2313 3808 2515 3883 dem.

2845 3990 3205 4050 SCHOLlUM
3238 3992 3327 4050 IV.

2382 4147 2555 4203 Docet
2612 4148 2800 4220 primo
2860 4148 3219 4219 Scripturam
3270 4166 3383 4206 non
3429 4165 3559 4207 esse
3590 4147 3857 4209 traditam

2310 4251 2413 4307 per
2445 4237 2685 4294 modum
2717 4237 2996 4304 scientiae,
3032 4239 3183 4295 unde
3229 4239 3430 4296 eodem
3491 4240 3693 4296 babitu
3744 4241 3858 4297 im-

2310 4325 2556 4382 mediate
2589 4329 2949 4383 assentimur
2979 4327 3227 4400 singulis
3256 4330 3547 4386 contentis
3576 4329 3635 4386 in
3665 4330 3858 4402 Scrip-

2308 4419 2458 4472 tura.
2518 4416 2621 4474 Hic
2654 4416 2893 4474 habitus
2924 4418 2995 4474 de
3027 4434 3200 4475 sensu
3255 4417 3486 4487 litterae,
3540 4419 3589 4476 si
3648 4423 3739 4476 est
3784 4422 3857 4478 de

2310 4522 2487 4562 sensu
2542 4506 2718 4577 claro,
2778 4511 2866 4564 est
2926 4508 3052 4579 ipsa
3103 4509 3247 4565 fides
3289 4526 3305 4579 ;
3348 4509 3396 4565 si
3430 4510 3499 4566 de
3530 4527 3647 4568 non
3679 4511 3856 4582 claro,

2310 4602 2410 4650 aut
2440 4612 2554 4651 non
2586 4604 2761 4667 certo,
2793 4596 3023 4652 videtur
3052 4613 3181 4653 esse
3212 4597 3452 4655 babitus
3499 4600 3852 4672 opinativus.

2308 4686 2593 4753 Secundo,
2622 4686 2702 4742 ait
2732 4686 3000 4743 habitum
3031 4687 3358 4761 explicandi
3394 4697 3447 4745 et
3476 4707 3851 4765 propugnan-

2309 4775 2367 4831 di
2421 4776 2797 4847 Scripturam,
2848 4782 2905 4832 et
2957 4776 3215 4834 solvendi
3246 4779 3615 4852 [argumenta
3652 4789 3854 4839 contra

2308 4882 2459 4935 eam,
2492 4883 2607 4923 non
2641 4882 2769 4924 esse
2801 4868 3127 4940 scientiam,
3154 4868 3289 4942 quia
3321 4869 3370 4926 si
3420 4869 3583 4928 loeus
3628 4873 3850 4931 obscu-

2308 4974 2404 5013 rus
2451 4963 2766 5028 exponatur
2818 4975 2918 5031 per
2983 4958 3228 5029 clarum,
3307 4963 3666 5019 assentimur
3748 4980 3852 5037 per

2307 5050 2482 5107 sidem
2520 5050 2608 5119 ;si
2642 5068 2741 5122 per
2784 5050 2929 5108 alias
2992 5052 3289 5123 scientias,
3346 5053 3461 5110 alia
3518 5056 3848 5127 praemissa·

2306 5158 2436 5199 rum
2468 5142 2577 5198 erit
2631 5143 2900 5210 obseura,
2962 5146 3020 5198 et
3078 5143 3164 5200 sie
3218 5142 3518 5201 conclusio
3577 5163 3693 5204 non
3740 5149 3849 5205 erit

2307 5232 2545 5290 seientia
2580 5250 2593 5300 ;
2626 5230 2891 5287 habitum
2923 5232 3007 5288 sio
3038 5232 3294 5304 genitum
3327 5242 3466 5306 puto
3503 5251 3633 5294 esse
3672 5244 3847 5295 natu-

2306 5318 2485 5375 ratem
2519 5319 2896 5376 redueibilcm
2930 5319 3001 5374 ad
3053 5318 3406 5394 opinionem,
3458 5326 3683 5381 seclusa
3731 5325 3847 5382 for·

2305 5407 2544 5465 midine.

2400 5573 2681 5649 Tamen
2712 5572 2993 5671 aliquis
3047 5573 3354 5649 habitus
3394 5587 3643 5675 potest
3701 5581 3842 5654 ha-

2865 1225 3216 1301 Secunda
3301 1223 3636 1298 conditio
3704 1229 3846 1315 est,
3930 1218 4141 1351 {130⁴}

3992 5594 4103 5664 17.

2304 5690 2466 5766 beri
2508 5690 2736 5765 simul
2779 5714 2951 5764 cum
3004 5689 3187 5784 fide,
3248 5691 3378 5766 ubi
3417 5692 3839 5773 videndum
3916 5732 4141 5802 mma,
