4295 6326
1678 485 1919 575 msr,
1971 486 2022 554 1.
2079 486 2488 566 QUAESTIO
2533 488 2624 557 v.

477 650 833 710 infusionem
875 671 893 725 ;
951 671 1190 726 eamque
1252 657 1631 730 principalius
1693 658 2021 714 institutam

476 740 657 799 fuisse
679 744 748 797 ad
783 743 1192 802 conferendam
1218 747 1490 818 gratiam,
1525 763 1597 820 qu
1611 764 1698 803 am
1734 748 1802 804 ad
1831 748 2022 804 delen·

474 830 615 886 dum
649 839 975 904 peccatum,
1004 836 1143 906 quia
1172 821 1356 908 agens
1380 838 1546 907 juxta
1596 843 1811 895 rectam
1845 838 2019 893 ratio·

475 935 607 976 nem
642 922 806 992 prius
826 929 882 979 et
912 925 1297 997 principalius
1327 926 1578 982 intendit
1607 927 2016 997 perfectionem

471 1016 528 1069 et
560 1011 849 1083 habitum,
883 1031 1059 1086 quam
1098 1016 1417 1072 carentiam
1447 1018 1730 1075 defectus.

255 1208 320 1275 8·
570 1229 959 1317 Quantum
1057 1233 1151 1307 ad
1222 1233 1648 1308 secundum
1727 1233 2014 1307 articu-

119 1323 230 1435 nssg
264 1323 439 1440 ξζξξῇ,
471 1348 659 1441 10111,
687 1348 780 1422 (10
804 1350 1143 1445 potentia
1183 1350 1557 1438 ordinata,
1594 1350 1763 1425 dico
1808 1352 2011 1450 quod

122 1449 253 1561 ξζῗζ
280 1452 437 1562 gfff·
470 1464 694 1538 modo
737 1467 1163 1540 secundum
1207 1469 1415 1562 leges
1481 1466 1823 1543 firmatas
1900 1493 2011 1542 ar-

129 1577 435 1688 Ηῖξοζζῑῑᾶ·
463 1578 687 1653 bitrio
766 1581 1165 1678 sapientiae
1242 1607 1431 1669 suae,
1505 1608 1660 1657 non
1729 1593 2001 1682 potest,

168 1703 370 1763 gratim.
463 1696 649 1793 ipsis
716 1698 1123 1793 stantibuS,
1196 1701 1495 1775 auferre
1574 1713 2001 1798 peccatum,

463 1815 611 1889 nisi
653 1817 992 1892 conferat
1031 1818 1381 1915 gratiam,
1440 1819 1622 1918 quia
1663 1821 1805 1896 hoc
1851 1846 2006 1895 mo-

462 1933 556 2005 do
590 1933 852 2007 statuit
902 1936 1260 2008 voluntas
1311 1935 1479 2031 ejus
1520 1935 1894 2031 ordinata,
1933 1947 2005 2013 et

461 2049 840 2148 sapientia
880 2050 1046 2148 ejus
1087 2050 1538 2147 infallibilis,
1584 2054 1784 2150 quod
1825 2056 2004 2129 nul-

463 2169 621 2240 lum
710 2167 853 2242 sibi
929 2169 1459 2244 reconciliaret
1531 2172 1622 2244 ad
1700 2195 1995 2270 pacem,

462 2280 609 2354 nisi
643 2281 869 2356 etiam
925 2282 1090 2380 ipso
1146 2294 1536 2382 acceptato
1570 2285 1663 2359 ad
1731 2287 2002 2361 amici-

457 2398 667 2473 tiam.
716 2400 899 2473 Post
930 2401 1232 2499 lapsum
1266 2402 1550 2501 quippe
1592 2403 1820 2499 primi
1871 2406 2001 2477 ho-

458 2514 684 2588 minis
734 2539 1003 2590 omnes
1070 2527 1498 2592 nascuntur
1548 2516 1688 2592 filii
1732 2519 1866 2594 irae
1926 2529 1999 2595 et

458 2632 772 2724 mortis;
820 2658 911 2708 ex
977 2634 1144 2732 ipsa
1207 2636 1372 2731 lege
1422 2635 1614 2709 nulli
1685 2637 1996 2711 remittit

453 2747 671 2839 iram,
719 2749 865 2823 nisi
901 2751 1365 2849 acceptando
1410 2752 1502 2825 ad
1546 2752 1987 2847 amicitiam,

450 2873 524 2939 et
563 2889 700 2963 per
729 2889 1215 2964 consequens
1243 2867 1437 2941 nulli
1484 2869 1796 2943 remittit
1840 2873 1992 2945 cul-

3559 498 3688 567 563

2237 658 2389 734 Sed
2431 660 2679 758 posito
2713 642 2919 761 quod
2953 664 3452 742 Circumcisio
3494 692 3684 744 con-

2139 775 2428 851 ferebat
2468 780 2822 875 gratiam,
2852 791 2966 857 est
3005 784 3323 860 dubium
3357 788 3681 863 ulterius

2138 899 2393 965 utrum
2436 894 2946 995 principalius
3000 901 3544 978 instituebatur
3584 905 3677 979 ad

2130 1017 2532 1102 peccatum
2615 1013 2990 1110 originale
3083 1019 3669 1112 removendum,

2124 1125 2246 1197 vel
2292 1125 2385 1198 ad
2426 1129 2750 1222 gratiam
2794 1133 3332 1211 conferendam
3358 1137 3397 1210 ‘2
3428 1140 3519 1211 Et
3551 1138 3671 1212 di-

2123 1254 2308 1316 cunt
2374 1246 2673 1341 priores
2727 1251 3162 1348 opinantes,
3208 1257 3413 1352 quod
3464 1256 3666 1354 prin-

2120 1356 2468 1456 cipaliter
2553 1364 3100 1444 instituebatur
3174 1373 3267 1446 ad
3337 1376 3659 1472 ⁴culpam

2120 1474 2574 1571 originalem
2649 1488 3231 1561 removendum.
3305 1490 3456 1565 Sed
3513 1493 3659 1565 hoc
3688 1487 3986 1599 ,9‘500592’

2123 1591 2379 1669 minus
2436 1598 2831 1694 probabile
2883 1613 3022 1692 est,
3070 1605 3252 1701 quia
3322 1608 3657 1683 rationes
3706 1565 3991 1728 ὲῗὲῑὲῐιέξὲἶ

2116 1730 2385 1783 eorum
2456 1715 2813 1811 superius
2871 1719 3221 1796 adductae
3297 1723 3657 1799 videntur
3747 1693 3957 1865 igrrffiffi'

2117 1827 2577 1903 concludere
2610 1833 3077 1930 oppositum,
3110 1846 3184 1912 et
3214 1839 3418 1935 quod
3448 1839 3656 1915 insti·
3685 1878 3845 1935 quam
3862 1866 4006 1916 abla-

2115 1942 2356 2016 tuitur
2404 1945 2926 2046 principaliter
2977 1965 3287 2053 propter
3328 1958 3652 2054 gratiam
3687 1933 3763 1978 ⁰⁰
3809 1929 3996 1992 ⁰⁰¹⁹&

2113 2058 2651 2136 conferendam
2683 2092 2702 2158 3
2737 2074 2900 2139 tum
2935 2069 3117 2165 quia
3157 2095 3384 2147 omne
3412 2098 3651 2171 agens

2108 2177 2544 2251 secundum
2588 2192 2872 2257 rectam
2917 2185 3291 2262 rationem
3361 2190 3652 2288 princi-

2109 2291 2361 2387 palius
2413 2293 2739 2371 intendit
2802 2301 3345 2397 perfectionem
3389 2317 3461 2382 et
3510 2312 3651 2385 ha-

2108 2406 2352 2481 bitum
2437 2434 2670 2509 quam
2761 2419 3175 2494 carentiam
3276 2424 3643 2523 defectuS,

2108 2524 2293 2621 quia
2344 2551 2499 2602 non
2552 2529 2878 2607 intendit
2929 2539 3343 2613 carentiam
3388 2543 3648 2640 priva-

2105 2640 2366 2737 tionis,
2403 2645 2549 2721 nisi
2581 2649 2764 2745 quia
2795 2649 3122 2728 intendit
3152 2661 3642 2754 praesentiam

2103 2769 2178 2832 et
2271 2760 2751 2840 existentiam
2838 2771 3368 2867 perfectionis;
3461 2804 3644 2878 ergo

2102 2873 2312 2950 Deus
2407 2877 2819 2958 instituens
2927 2886 3637 2990 Circumcisionem,

451 3006 649 3079 pam,
688 2981 836 3056 nisi
870 2984 993 3057 cui
1027 2984 1319 3059 confert
1358 2985 1710 3082 gratiam,
1757 2997 1830 3061 et
1861 3012 1992 3063 ac·
2106 3000 2184 3065 ut
2217 2997 2639 3071 remedium
2667 3000 3119 3080 hominibus
3150 3009 3244 3082 ad
3278 3012 3636 3109 salutem,

447 3109 697 3198 ceptat
761 3101 856 3175 ad
936 3101 1168 3176 vitam
1214 3111 1611 3198 aeternam,
1684 3113 1759 3179 et
1816 3104 1986 3180 ideo
2099 3134 2276 3184 cum
2354 3112 2453 3187 sit
2500 3138 2738 3212 agens
2805 3120 3235 3200 rectissima
3309 3129 3634 3226 ratione,

445 3215 913 3314 quicumque
963 3218 1190 3291 modo
1279 3219 1624 3305 moritur,
1682 3222 1803 3295 vel
1875 3232 1989 3296 est
2099 3228 2343 3324 magis
2398 3230 2844 3309 intendebat
2883 3261 3019 3334 per
3067 3263 3236 3316 eam
3263 3243 3637 3342 {conferre

445 3330 650 3406 filius
692 3330 854 3421 irae,
915 3334 1035 3407 vel
1091 3331 1298 3407 filius
1332 3335 1574 3431 regni.
1638 3336 1808 3410 Non
1875 3338 1984 3412 sic
2093 3344 2704 3444 gratiam,quam
2731 3357 3170 3433 condonare
3202 3372 3629 3459 peccatum,

442 3458 604 3523 erat
660 3458 1027 3523 statutum
1079 3449 1156 3523 in
1227 3459 1428 3526 statu
1488 3452 1979 3550 innocentiae,
2090 3460 2214 3533 vel
2257 3484 2613 3539 amovere
2645 3467 3156 3562 privationem
3184 3478 3478 3571 gratiae.

444 3567 626 3664 quia
719 3570 1144 3643 secundum
1250 3571 1735 3668 Magistrum,
1794 3576 1990 3649 etsi

440 3690 619 3758 tanc
648 3683 1091 3760 habuissent
1152 3686 1355 3762 unde
1392 3693 1594 3763 stare
1633 3697 1974 3787 possent,

438 3811 519 3875 ut
607 3828 748 3878 sua
804 3805 1197 3880 naturalia
1256 3807 1556 3905 inteqra
1614 3814 1686 3881 et
1743 3817 1971 3900 recta,

434 3944 589 3993 non
640 3927 890 3996 tamen
950 3921 1395 3997 habuissent
1448 3923 1651 3998 unde
1703 3925 1978 4023 prose-

434 4040 737 4115 cz'ssent.
777 4041 995 4116 Unde
1031 4051 1213 4117 tunc
1266 4068 1422 4118 non
1480 4043 1801 4118 fuissent
1841 4069 1975 4120 ne-

433 4157 767 4231 cessario
809 4155 946 4232 filii
982 4157 1115 4232 1110
1146 4160 1267 4233 vel
1314 4159 1560 4256 regni,
1624 4161 1807 4258 quia
1847 4161 1976 4235 ali-

435 4274 565 4371 qui
609 4275 1040 4372 potuissent
1096 4300 1548 4374 permanere
1612 4277 1688 4350 in
1761 4288 1976 4353 natu-

432 4386 725 4461 ralibus
777 4396 1103 4481 tantum,
1159 4397 1232 4463 et
1292 4398 1470 4463 tunc
1534 4389 1598 4464 si
1660 4400 1974 4489 peccata

433 4527 589 4576 non
625 4513 910 4596 essent,
957 4505 1280 4600 gratiam
1344 4507 1840 4604 recepissent,
1899 4518 1973 4583 et

433 4619 730 4718 accepti
772 4618 1097 4694 fuissent
1137 4621 1228 4695 ad
1281 4621 1515 4695 vitam
1567 4632 1963 4698 aeternam.

206 4733 271 4798 9.
531 4735 678 4811 Per
736 4735 936 4810 dicta
978 4738 1405 4836 respondeo
1461 4739 1557 4812 ad
1605 4741 1972 4837 quaestio-

98 4847 375 4904 R0S0¹⁰²⁵⁰
436 4877 608 4928 nem
676 4852 1211 4951 principalem,
1284 4855 1489 4952 quod
1559 4879 1733 4929 cum
1803 4858 1971 4930 Cir-

63 4914 391 4974 quaestionis

98 4977 361 5087 priffiipa·
430 4971 902 5046 cumcisione
937 4971 1339 5046 delebatur
1369 4974 1487 5046 cul
1498 4998 1597 5072 pa
1626 4975 1970 5072 origina-

63 5099 380 5216 ,ffi'ffiffi‘gij
433 5090 552 5183 lis,
617 5098 691 5163 et
729 5088 938 5162 Deus
980 5098 1152 5186 post
1191 5090 1491 5187 lapsum
1567 5115 1966 5190 nunquam

66 5226 361 5299 rebqtgm-
429 5207 631 5280 delet
689 5206 1023 5303 culpam,
1097 5204 1245 5279 nisi
1300 5207 1738 5303 praestando
1790 5233 1969 5305 gra-

158 5293 309 5343 mm·
427 5322 638 5415 tiam,
720 5332 794 5396 et
867 5344 1270 5419 nunquam
1348 5324 1663 5399 remittit
1736 5327 1966 5402 alicui

426 5437 826 5531 offensam,
899 5437 1045 5512 nisi
1117 5441 1581 5536 acceptando
1646 5466 1821 5517 eum
1885 5444 1963 5518 in

420 5555 861 5649 amicitiam,
924 5554 1095 5628 ideo
1160 5554 1329 5628 dico
1398 5558 1602 5654 quod
1672 5559 1749 5632 in
1814 5560 1968 5634 Cir-

423 5672 902 5746 cumcisione
945 5696 1085 5746 con
1098 5672 1433 5747 ferebatu
1450 5698 1481 5746 r
1519 5677 1788 5768 gratia.

2185 3577 2434 3653 Tertio
2484 3581 2681 3670 dico,
2729 3585 2933 3682 quod
3001 3589 3322 3668 minima
3386 3598 3632 3693 gratia
3663 3568 3952 3695 qffsstiffi.

2089 3693 2371 3769 sufficit
2410 3697 2502 3771 ad
2545 3700 3110 3797 exeludendum
3154 3711 3414 3787 omnia
3445 3738 3628 3813 pec-
3661 3695 3981 3823 Jssnffssg.

2088 3819 2304 3905 cata3
2342 3812 2551 3888 Deus
2602 3840 2756 3889 non
2789 3816 3166 3914 justificat
3233 3828 3623 3907 hominem
3656 3824 3983 3936 ⁰⁸“d‘3{⁰¹⁰‘

2084 3931 2512 4005 secundum
2564 3942 2884 4031 partem,
2958 3939 3409 4022 dimittendo
3479 3950 3624 4026 sibi
3862 3923 3873 3936 ⁸

2085 4069 2330 4120 unum
2374 4060 2800 4146 peccatum,
2838 4063 2910 4128 et
2940 4057 3343 4137 retinendo
3384 4066 3621 4163 aliud,

2083 4160 2268 4256 quia
2351 4163 2675 4262 impium
2738 4178 2853 4243 est
2907 4193 2950 4245 a
3007 4172 3169 4249 Deo
3229 4178 3624 4259 dimidiam

2081 4301 2393 4374 sperare
2455 4284 2805 4378 veniam3
2866 4286 2930 4361 si
2980 4311 3165 4387 ergo
3207 4294 3419 4373 Deus
3468 4310 3627 4377 sta-

2080 4394 2354 4472 tuisset
2379 4399 3093 4501 Circumcisionem,
3128 4419 3206 4483 ut
3238 4416 3624 4510 quoddam

2080 4511 2419 4609 signum,
2481 4540 2636 4590 non
2699 4519 2988 4596 babens
3050 4525 3619 4632 sufficientiam,

2078 4631 2228 4704 nisi
2265 4645 2616 4731 respectu
2662 4636 3007 4715 minimae
3038 4646 3336 4742 gratiae,
3374 4655 3625 4729 exclu-

2077 4748 2290 4824 deret
2358 4761 2611 4828 tamen
2657 4755 2910 4831 adhuc
2980 4762 3242 4837 omnia
3309 4782 3621 4863 peccata

2078 4870 2429 4945 mortalia
2494 4872 2738 4967 gratia
2782 4876 3084 4952 modica
3143 4904 3376 4979 quam
3431 4914 3620 4966 con-

2077 4983 2239 5058 fert.
2280 4988 2372 5059 Et
2403 4998 2659 5085 posset
2699 4989 2847 5064 dici
2906 4995 3112 5090 quod
3155 5013 3465 5100 propter
3496 5009 3614 5083 111-
3666 5018 3955 5092 circumci-

2074 5101 2619 5196 perfectionem
2688 5105 2909 5181 istius
2978 5110 3206 5209 signi,
3266 5129 3340 5193 et
3399 5124 3614 5198 mini·
3671 5094 3950 5217 {iass‘ffffi'

2079 5239 2281 5290 mam
2359 5220 2712 5317 gratiam,
2784 5247 3016 5322 quam
3087 5236 3380 5309 confert
3462 5242 3614 5316 Cir·
3650 5210 3838 5342 1111,ᾞὲ
3845 5210 3969 5319 ‘iffi‘

2076 5334 2473 5427 cumcisio,
2521 5344 3038 5438 comparando
3071 5344 3317 5444 ipsam
3360 5356 3453 5429 ad
3487 5358 3616 5433 Sa·
3686 5337 3934 5396 pusmus.

2075 5465 2469 5529 cramenta
2564 5480 2789 5532 novae
2884 5460 3101 5556 legiS,
3181 5471 3387 5563 quod
3455 5499 3608 5550 non

2074 5566 2370 5641 confert
2407 5571 2761 5666 gratiam,
2785 5573 2969 5671 quia
3002 5577 3398 5658 minimam
3429 5612 3613 5664 con-

2076 5681 2217 5755 fert
2275 5698 2621 5785 respectu
2685 5689 2920 5783 illius,
2996 5717 3171 5790 quae
3225 5704 3614 5785 confertur
