4295 6326
70 2294 342 2367 Materiale

68 2373 165 2407 nen
196 2364 339 2408 mdi-

97 2424 302 2472 rideat.

1490 473 1715 541 DIST.
1769 473 1924 543 XII.
1979 473 2396 554 QUAESTIO
2444 475 2566 544 IV.

407 641 769 736 sentiale,
871 668 1047 717 eum
1152 668 1305 717 non
1403 645 1499 718 sit
1583 645 1750 719 haec
1836 669 1972 743 per

409 759 859 855 relationes,
942 761 1345 860 {equaliter
1412 772 1526 836 est
1587 762 1665 834 in
1726 762 1971 857 pluri-

408 874 559 947 bus
619 878 1066 975 suppositis.

510 992 730 1086 Item,
806 995 881 1068 in
959 996 1301 1093 qualibet
1390 996 1966 1070 coordinatione

404 1120 520 1183 est
582 1112 933 1208 species;
1002 1115 1297 1211 speeies
1358 1138 1538 1189 vero
1608 1123 1723 1188 est
1789 1123 1969 1187 nata

401 1228 809 1324 praedieari
874 1231 962 1305 de
1022 1232 1375 1327 pluribus
1434 1230 1967 1306 disserentibus

402 1347 570 1417 solo
634 1370 989 1440 numero,
1055 1347 1225 1423 ideo
1294 1349 1463 1423 dieo
1517 1349 1722 1445 quod
1778 1349 1963 1421 illud

400 1461 909 1538 intrinsecum
1001 1489 1153 1538 non
1226 1474 1474 1564 potest
1541 1489 1709 1540 esse
1778 1465 1968 1539 acei-

400 1580 624 1675 denS,
722 1607 863 1657 nee
965 1583 1194 1658 etiam
1266 1585 1612 1660 materia.
1688 1587 1969 1660 Proba-

398 1699 535 1792 *tio,
646 1700 831 1796 quia
934 1702 1047 1773 12.
1159 1703 1498 1800 Metaph.
1620 1728 1787 1800 cap.
1889 1704 1959 1777 2.

396 1816 737 1891 Diuersa
801 1825 983 1893 sunt
1024 1820 1447 1918 principia,
1514 1821 1711 1894 sicut
1767 1820 1966 1894 alius

398 1940 483 2005 ιιι
543 1941 615 2008 el
666 1959 827 2031 esse,
887 1937 996 2010 sic
1057 1936 1215 2012 alia
1256 1938 1675 2036 princz‘pla,
1718 1944 1848 2012 lucz
1897 1944 1970 2012 et

398 2077 573 2127 mea
614 2081 632 2147 3
672 2062 851 2127 sunt
909 2065 1156 2128 tamen
1233 2079 1471 2129 unum
1564 2054 1968 2130 universa-

403 2175 602 2249 liter.

505 2294 724 2387 Item,
803 2294 1120 2368 materia
1202 2304 1314 2367 est
1409 2318 1585 2392 pars
1671 2292 1965 2389 quiddi-

406 2410 605 2496 tatis,
681 2410 862 2507 quia
930 2413 1161 2484 homo
1232 2436 1385 2484 non
1477 2420 1591 2486 est
1663 2421 1955 2486 tantum

401 2527 717 2621 anima3
774 2527 1007 2623 igitur
1065 2551 1381 2603 neeesse
1443 2537 1556 2602 est
1609 2528 1959 2603 invenire

399 2644 1002 2718 indifferentiam
1088 2646 1162 2718 in
1248 2645 1568 2720 materia
1636 2671 1962 2744 propor-

398 2762 767 2836 tionalem
831 2760 1370 2837 indifferentia}
1441 2763 1951 2861 quidditatis3

396 2881 638 2975 igitur
718 2881 1038 2955 materia
1105 2905 1186 2956 se
1256 2906 1411 2956 non
1494 2881 1950 2956 individuat.

497 3001 720 3093 Item,
803 3001 866 3073 si
937 2999 1258 3073 materia
1336 3008 1450 3074 est
1518 2999 1957 3075 essentialis

396 3117 594 3193 ratio
680 3117 983 3193 essendi
1051 3117 1243 3212 laec,
1327 3116 1563 3214 igitur
1659 3118 1954 3194 habens

392 3236 752 3311 eamdem
796 3235 1194 3310 materiam
1243 3244 1317 3308 et
1358 3235 1679 3309 formam
1744 3235 1955 3331 ejus-

390 3355 573 3429 dem
635 3352 948 3451 speciei,
994 3352 1138 3426 erit
1181 3352 1285 3425 ibi
1338 3352 1529 3426 lzeec.
1593 3351 1673 3425 Si
1724 3352 1955 3448 igitur

391 3497 489 3547 ex
542 3494 748 3567 aqua
798 3479 1211 3566 generetur
1271 3469 1498 3566 igniS,
1547 3478 1621 3543 et
1684 3479 1952 3567 postea

394 3588 683 3660 iterum
763 3609 993 3683 aqua,
1052 3610 1189 3684 per
1250 3594 1601 3659 naturam
1679 3586 1952 3660 redibit

393 3707 603 3781 idem
650 3729 1004 3800 numere,
1042 3706 1246 3802 quod
1289 3714 1406 3780 est
1439 3715 1706 3779 eontra
1737 3706 1952 3778 Aris-

390 3826 711 3899 totelem
749 3824 817 3894 2.
867 3824 958 3898 cle
1007 3823 1359 3897 Generat.
1417 3829 1601 3897 teoel.
1665 3822 1778 3894 13.
1820 3822 1947 3896 ubi

392 3942 609 4035 dieit,
657 3966 810 4015 netz
846 3941 1537 4035 estidemmcmero,
1581 3941 1770 4039 quia
1801 3941 1950 4015 ale·-

396 4061 595 4161 qm‘d
632 4061 1041 4140 exhalatur
1069 4061 1161 4136 de
1203 4063 1554 4137 materia.

498 4181 813 4272 Contra,
860 4188 1022 4253 esto
1057 4178 1263 4276 quod
1315 4178 1526 4253 Deus
1558 4178 1951 4253 annihila-

395 4306 515 4371 ret
577 4295 797 4370 istam
872 4297 1217 4389 sormam,
1292 4305 1359 4371 et
1414 4295 1688 4371 iterum
1734 4297 1950 4370 redu-

396 4423 612 4489 eeret
718 4413 975 4506 aliam,
1076 4413 1607 4488 conservando
1712 4422 1945 4487 ⁴totam

395 4531 833 4624 materiam,
907 4531 1154 4605 adhue
1211 4556 1364 4604 non
1418 4541 1618 4607 esset
1666 4531 1951 4629 produ-

392 4660 611 4726 ctum
655 4648 854 4724 idem
898 4673 1248 4724 numere.

501 4769 725 4852 Item,
773 4790 1242 4865 quamquam
1315 4766 1601 4864 aliquid
1650 4769 1953 4842 exhale-

397 4898 530 4963 tur
570 4889 666 4962 de
738 4886 1077 4982 materia,
1124 4897 1376 4962 tamen
1415 4886 1702 4984 aliquid
1746 4886 1948 4961 idem

394 5029 740 5080 numero
783 5013 1129 5079 remanet
1160 5005 1250 5078 de
1306 5003 1669 5095 materia3
1715 5003 1950 5098 igitur

394 5124 670 5220 aliqua
738 5145 915 5219 pars
954 5146 1178 5219 aqua}
1225 5145 1359 5220 per
1411 5131 1760 5195 naturam
1826 5145 1949 5218 po-

394 5249 545 5314 test.
582 5238 833 5314 redire
864 5237 1059 5313 idem
1090 5263 1439 5313 numere.

940 5474 1302 5531 SCHOLIUM
1343 5475 1411 5532 ΙΙ.

471 5628 785 5686 Sententia
841 5633 906 5682 D.
965 5628 1199 5684 Thomae
1260 5633 1317 5686 et
1368 5646 1630 5697 suorum,
1691 5646 1819 5702 quae
1862 5638 1949 5688 est

387 5723 577 5779 etiam
603 5719 877 5789 Gotl'redi,
912 5720 1295 5778 substantiam
1338 5720 1691 5778 materialem
1737 5723 1947 5780 indivi-

3539 482 3623 548 23

2077 648 2251 702 duam
2290 663 2391 719 per
2433 649 2813 719 quantitatem
2854 649 2912 705 in
2937 665 3018 718 se,
3072 650 3160 707 vel
3228 666 3362 705 cum
3424 648 3623 721 aliqua

2079 736 2535 807 modificatione,
2588 739 2877 794 refutatur
2926 747 2985 794 ut
3048 739 3270 796 videtur
3329 739 3624 794 evidenter

2075 827 2403 882 rationibus
2429 828 2551 897 jam
2615 826 2806 883 allatis
2838 838 2891 883 et
2948 828 3105 884 aliis.
3160 834 3234 885 De
3279 845 3388 901 quo
3437 829 3623 884 fusius

2073 922 2288 972 Doctor
2318 916 2376 973 in
2410 918 2591 973 Oxou.
2625 919 2677 971 2.
2715 919 2770 975 d.
2803 919 2856 974 3.
2882 934 2938 990 q.
2975 920 3023 973 4.
3052 927 3101 974 et
3136 921 3191 973 6.

2173 1110 2446 1208 Opinio
2496 1121 2742 1186 tamen
2789 1113 3022 1187 unius
3069 1113 3420 1188 Doctoris
3472 1121 3612 1208 est,
3781 1139 3848 1204 g,

2073 1228 2278 1324 quod
2327 1231 2642 1304 materia
2684 1241 2765 1304 ut
2804 1232 3161 1307 distincta
3228 1233 3370 1306 sul)
3406 1221 3615 1329 parte
3647 1256 3705 1305 D.
3750 1256 3939 1306 Tuom.

2075 1346 2521 1441 quantitatis
2598 1357 2711 1421 est
2799 1348 3260 1447 principium
3334 1348 3618 1423 indivi-
3647 1324 3938 1384 ⁰⁰¹'q‘7'

2071 1461 2389 1555 duandi,
2464 1465 2668 1559 quod
2742 1465 2848 1538 sie
2947 1467 3323 1540 declarat:
3400 1464 3617 1551 Quae-

2073 1602 2406 1677 eumque
2495 1582 2968 1656 conveniunt
3035 1584 3113 1656 in
3184 1584 3465 1682 speeie,
3545 1593 3617 1657 et

2071 1696 2435 1771 differunt
2476 1699 2673 1774 inter
2714 1723 2822 1794 se,
2862 1701 3355 1775 materialiter
3395 1700 3617 1774 diss‘e-

2070 1826 2305 1907 runt3
2353 1815 2587 1911 igitur
2628 1841 2802 1891 eum
2867 1843 3019 1892 non
3081 1827 3396 1915 possent
3457 1821 3616 1891 An-

2070 1930 2219 2025 geli
2256 1930 2625 2028 distingui
2672 1934 3191 2021 materialiter,
3229 1960 3384 2009 non
3433 1959 3616 2032 pos-

2071 2059 2253 2123 sunt
2312 2073 2477 2124 esse
2521 2053 2781 2148 plures
2852 2052 2926 2124 in
2990 2053 3254 2127 eadem
3325 2053 3606 2150 speeie.

2069 2166 2444 2263 Majorem
2478 2167 2840 2263 declarat,
2878 2169 3062 2266 quia
3094 2194 3246 2243 non
3283 2179 3607 2268 possunt
3639 2195 3960 2247 Primnratio

2069 2308 2235 2359 esse
2279 2285 2541 2383 plures
2582 2287 2977 2361 albedines
3018 2272 3436 2386 separatoe3
3475 2289 3606 2363 sed
3683 2259 3959 2386 &3332

2069 2412 2184 2477 est
2239 2405 2404 2477 hate
2453 2404 2724 2478 albedo
2776 2404 2927 2479 alia
2973 2406 3067 2479 ab
3111 2406 3266 2500 illa,
3306 2407 3487 2503 quia
3531 2407 3608 2479 in

2067 2523 2218 2597 alio
2303 2524 2765 2620 susceptivo.
2849 2524 3296 2600 Differentia
3380 2527 3614 2622 igitur

2067 2639 2643 2716 individuorum
2715 2642 2789 2714 in
2858 2643 3121 2717 eadem
3189 2644 3442 2741 speeie
3501 2653 3615 2718 est

2065 2782 2203 2855 per
2273 2759 2666 2833 materiam
2738 2760 3115 2855 absolute,
3190 2761 3372 2857 quia
3432 2786 3611 2860 quae

2064 2876 2650 2973 distinguuntur
2708 2879 3132 2952 seeundum
3193 2878 3610 2975 potentiam

2064 2990 2137 3064 in
2179 2992 2498 3066 materia
2539 2993 2890 3067 absolute
2950 2991 3318 3068 differunt
3377 3018 3614 3090 gene-

2065 3132 2192 3203 re3
2241 3108 2475 3205 igitur
2542 3109 2860 3185 materia
2903 3120 2985 3185 ut
3052 3110 3409 3185 distincta
3469 3112 3611 3186 sub

2060 3225 2421 3300 distincta
2464 3237 2674 3324 parte
2718 3229 3194 3325 quantitatis,
3241 3239 3352 3304 est
3392 3229 3613 3327 prin-

2060 3345 2348 3443 cipium
2393 3346 3053 3421 individua‘tionis.

2163 3465 2324 3538 lloe
2389 3465 2644 3562 arguit
2702 3491 2837 3564 per
2877 3466 3292 3542 rationem:
3347 3468 3601 3542 Dividi
3660 3504 3921 3563 seteuuda.

2059 3583 2425 3658 convenit
2459 3583 2703 3681 primo
2739 3584 3171 3682 quantitati,
3221 3596 3302 3659 ut
3368 3597 3598 3684 patet,

2059 3700 2353 3774 ratione
2399 3701 2689 3799 quanti,
2729 3702 2797 3773 5,
2842 3702 3187 3800 ilselaple.
3223 3710 3418 3787 Jeme.
3480 3706 3597 3778 28.

2059 3816 2297 3912 igitur
2394 3817 2812 3892 formaliter
2897 3842 3034 3915 per
3100 3821 3598 3916 quantitatem

2057 3936 2423 4034 competit
2461 3936 2693 4011 alicui
2754 3936 2988 4010 dividi
3041 3939 3118 4011 in
3176 3938 3600 4032 individua,

2055 4061 2129 4126 et
2172 4053 2435 4127 eadem
2484 4062 2597 4127 est
2667 4053 2857 4127 ratio
2919 4054 3492 4145 divisibilitatis,
3531 4066 3604 4130 et

2055 4168 2476 4252 definiendi
2511 4193 2964 4257 eommune;
3025 4171 3260 4265 igitur
3291 4174 3603 4269 quanti-

2054 4295 2170 4360 tas
2216 4288 2337 4360 vel
2403 4286 2724 4361 materia
2763 4297 3052 4384 quanta
3147 4298 3262 4362 est
3326 4290 3601 4387 prinei-

2053 4407 2267 4505 pium
2303 4406 2856 4504 distinguendi.

2152 4524 2340 4597 Item
2368 4523 2437 4594 7.
2477 4522 2818 4621 Metaph.
2859 4531 3035 4596 text.
3070 4522 3187 4597 28.
3221 4548 3596 4622 qenerans
3686 4559 3881 4614 Tertia.

2054 4663 2206 4714 non
2236 4645 2552 4736 [fenerat
2580 4639 2829 4731 alzzcd,
2874 4641 3034 4714 nisi
3068 4648 3391 4740 prepter
3447 4668 3601 4718 ma·

2054 4757 2355 4847 teriam,
2425 4780 2581 4830 non
2650 4757 2996 4832 absolute
3036 4785 3052 4851 3
3101 4758 3331 4855 igitur
3373 4771 3455 4834 ut
3487 4773 3600 4836 est

2055 4875 2198 4949 sub
2241 4874 2691 4971 quantitate.

2154 4992 2302 5066 Sed
2372 4991 2516 5065 ista
2594 4991 2856 5091 opinio
2927 4992 3230 5068 videtur
3311 5020 3597 5094 ponere

2055 5109 2690 5209 p1·{eeisissi111um
2760 5111 3283 5187 distinctivum
3354 5115 3597 5213 ipsam

2055 5229 2587 5325 quantitatem,
2663 5238 2737 5304 et
2804 5241 3070 5305 eontra
3125 5231 3363 5331 ipsam
3419 5245 3598 5310 sunt

2056 5347 2390 5422 rationes
2420 5347 2777 5446 superius
2813 5349 3051 5424 faetfe.

2154 5467 2564 5554 Pizeterea,
2638 5467 2782 5540 hoe
2852 5467 3056 5563 quod
3123 5479 3234 5542 est
3316 5495 3595 5546 seeun-
3623 5495 3942 5610 uffinsssfftmff..

2057 5581 2236 5656 dum
2275 5606 2353 5657 se
2387 5581 2835 5658 indifferens
2867 5585 2958 5658 ad
2994 5609 3135 5659 sua
3166 5584 3588 5683 individua,
3640 5637 3695 5672 50
3728 5621 3918 5670 immi-

2054 5723 2209 5773 non
2291 5710 2404 5775 est
2472 5701 2662 5776 ratio
2736 5701 2982 5799 prima
3060 5702 3589 5779 individuandi
3695 5686 3875 5735 ΜΝ·

3770 1390 3869 1432 art.
