4295 6326
1519 464 1744 533 DIST.
1796 465 2082 534 XXVlI.

190 684 438 734 eham„
503 636 1048 733 corrumpitur,
1158 640 1358 713 sicut
1459 639 1605 714 sibi
1721 639 2043 713 debetur

142 761 470 860 dimgfuustur
503 754 889 849 corruptio
978 766 1293 853 propter
1363 759 1678 831 mortale
1772 780 2040 853 pecca-

145 889 237 937 per
269 871 469 989 1v0⁶s⁰i⁸'
503 877 705 961 tun13
762 872 1060 946 veniale
1123 874 1323 948 enim
1387 884 1782 972 peccatum
1846 873 2035 945 nihil

500 994 748 1082 potest
824 989 1175 1064 minuere
1246 991 1338 1064 cle
1416 990 1813 1083 charitate,
1894 1013 2036 1063 nec

497 1102 722 1177 etiam
800 1106 1011 1180 Deus
1084 1108 1465 1181 subtrahit
1533 1119 1842 1206 propter
1900 1131 2035 1181 ve-

495 1218 699 1293 niale
786 1222 1124 1319 aliquam
1221 1233 1513 1321 partem
1611 1224 2027 1311 charitatiS‚

492 1336 676 1431 quia
718 1346 898 1410 tunc
943 1338 1250 1435 puniret
1291 1341 1488 1413 ultra
1529 1341 2025 1437 condignum,

492 1454 1014 1529 subtrahendo
1071 1456 1311 1552 magis
1362 1457 1650 1532 bonum
1711 1481 1847 1555 pro
1903 1456 2031 1530 mi-

489 1595 639 1646 nus
696 1574 923 1646 malo.

1062 1854 1444 1913 SCHOLlUM.

548 2007 741 2061 Gratia
772 2011 828 2062 et
863 2006 1116 2062 charitas
1144 2009 1282 2062 sunt
1315 2022 1463 2063 unus
1489 2006 1756 2079 (habitus.
1808 2007 2021 2076 PrimO,

476 2097 616 2168 quia
647 2097 842 2152 Sancti
871 2098 1072 2153 eadem
1127 2097 1386 2153 tribuunt
1429 2098 1680 2169 utrique.
1731 2097 2020 2168 Secunde,

474 2188 732 2259 alioquin
756 2192 997 2259 possent
1020 2189 1291 2260 separari,
1323 2192 1380 2243 ct
1409 2189 1494 2243 sic
1524 2189 1789 2245 damnari
1823 2193 2022 2260 posset

474 2278 607 2349 quis
640 2294 773 2332 cum
805 2278 1012 2345 gratia,
1049 2278 1133 2334 vel
1161 2278 1374 2334 salvari
1404 2279 1532 2334 sine
1562 2296 1651 2335 ea.
1703 2281 1785 2335 lta
1819 2278 2017 2334 Alcas.

471 2369 525 2423 3.
560 2374 708 2440 part.
744 2375 949 2440 quoest.
982 2369 1036 2423 3.
1071 2369 1314 2427 membr.
1343 2371 1397 2425 2.
1445 2376 1554 2426 art.
1590 2372 1640 2425 4.
1691 2371 1908 2426 Albert.
1961 2372 2015 2429 2.

473 2457 606 2512 dist.
638 2458 728 2511 26.
762 2462 870 2512 art.
903 2458 956 2514 3.
992 2457 1175 2529 MaJ'or
1208 2463 1411 2530 quaest.
1447 2476 1483 2513 1.
1517 2458 1691 2515 Gabr.
1720 2460 1818 2516 ibi.
1869 2459 2012 2515 Hen-

473 2548 575 2604 ric.
607 2546 806 2616 quodl.
843 2548 892 2602 li.
928 2552 1129 2620 quaest.
1169 2550 1249 2603 10.
1289 2548 1460 2620 Vasq.
1515 2553 1692 2622 vega,
1744 2550 2013 2605 Richard-

472 2636 744 2693 Bellarm.
778 2637 958 2694 citati.

241 2850 306 2917 3,
571 2835 749 2911 Ideo
791 2837 960 2910 dico
1003 2838 1207 2934 quod
1259 2839 1506 2934 gratia
1561 2849 1675 2914 est
1737 2841 2007 2936 virtuS,

120 2965 440 3037 Eaedempx·
470 2960 544 3025 et
584 2960 698 3026 est
745 2953 944 3027 idem
1009 2976 1087 3027 re
1155 2955 1354 3051 quod
1425 2955 1589 3053 ipsa
1645 2956 2006 3050 charitaS,

117 3030 440 3168 tssi'ssssssssssf
473 3079 553 3142 ut
594 3079 801 3168 patet
833 3093 967 3168 per
1019 3073 1297 3145 multas
1354 3073 2004 3170 praeeminentiaS,

119 3156 436 3284 chgssffif²
466 3207 659 3282 quas
750 3188 1008 3262 Sancti
1087 3190 1515 3263 attribuunt
1590 3192 2006 3289 aliquando

462 3304 845 3398 charitati,
901 3305 1318 3403 aliquando
1379 3308 1675 3403 gratiae,
1726 3318 1802 3382 ut
1884 3308 1998 3382 15.

464 3419 556 3494 a'e
604 3420 877 3495 Trinit.
928 3422 1042 3495 18.
1081 3423 1361 3497 dicitur
1389 3425 1595 3522 quod
1634 3425 1801 3501 sola
1836 3451 2007 3524 qra-

462 3538 570 3611 tia
599 3538 877 3613 dividit
921 3538 1128 3635 filios
1184 3542 1405 3638 requi
1441 3567 1487 3617 a
1522 3541 1712 3638 siliis
1746 3544 2007 3641 perdi·

460 3656 746 3740 tionis,·
801 3658 1109 3752 etalibi,
1190 3660 1374 3757 qaia
1444 3661 1608 3734 sola
1675 3661 2004 3738 charitas

448 3774 1014 3871 perfectissime
1055 3777 1247 3850 zmil.
1293 3779 1376 3850 Et
1424 3778 1486 3851 si
1553 3778 1885 3854 charitas
1930 3791 2004 3855 et

461 3890 707 3987 gratia
736 3903 993 3967 essent
1038 3893 1211 3968 duae
1271 3917 1394 3969 res
1425 3919 1599 3968 cuni
1656 3896 1807 3969 sint
1864 3898 2003 3971 ab-

462 4010 762 4097 solutae,
806 4017 958 4082 n'on
1004 4021 1204 4085 esset
1245 4012 1743 4087 contradictio
1796 4015 2000 4112 quod

467 4151 703 4200 unum
739 4126 1026 4202 inesset
1078 4129 1244 4204 sine
1299 4130 1477 4224 alic,
1516 4140 1589 4203 et
1651 4141 1832 4204 tunc
1874 4134 2002 4206 ho-

461 4266 583 4317 mo
643 4254 901 4341 posset
977 4245 1255 4320 salvari
1327 4245 1492 4320 sine
1553 4247 1823 4343 gratia,
1878 4250 1996 4322 vel

456 4360 623 4435 sine
665 4361 1063 4456 charitate,
1092 4364 1212 4436 vel
1246 4363 1596 4437 damnari
1622 4362 1694 4435 in
1723 4364 1994 4460 gratia,

455 4479 574 4551 vel
622 4477 695 4550 in
742 4479 1110 4554 charitate
1165 4479 1527 4554 existens.
1577 4479 1794 4566 Quod
1867 4505 2000 4555 au—

457 4602 607 4668 tem
640 4595 922 4692 aliquis
956 4596 1236 4671 habeat
1267 4591 1595 4692 'gratiam
1647 4598 1767 4672 vel
1812 4599 1999 4671 cha-

454 4712 782 4805 ritatem,
867 4716 984 4787 vel
1078 4714 1282 4810 quod
1365 4714 1460 4788 sit
1525 4715 1785 4811 justus
1870 4716 1999 4790 ali-

455 4831 793 4926 quando,
849 4841 922 4904 et
973 4830 1388 4927 aliquando
1443 4856 1626 4925 non,
1691 4857 1783 4906 ex
1833 4856 1998 4907 cre-

452 4946 631 5020 ditis
672 4957 922 5045 potest
949 4949 1221 5041 teneri,
1259 4958 1333 5022 et
1371 4972 1507 5045 per
1537 4949 1997 5024 verisimiles

454 5064 966 5161 conjecturaS,
1047 5064 1179 5139 sed
1252 5066 1396 5138 hoc
1464 5065 1768 5163 probari
1840 5090 1993 5139 non

457 5193 740 5280 posset,
815 5181 919 5255 ita
986 5191 1168 5255 sunt
1245 5181 1685 5257 indistincta
1742 5185 1997 5280 quoad

458 5323 599 5371 nos
631 5322 862 5395 opera
907 5297 1292 5371 meritoria
1333 5306 1406 5372 et
1448 5296 1646 5372 ficta.

157 5435 391 5507 chari-tao
556 5415 742 5489 Dico
787 5425 1037 5488 tamen
1084 5414 1285 5510 quod
1333 5414 1508 5488 licet
1551 5418 1880 5491 charitas
1922 5430 1995 5493 et

111 5496 420 5612 sofflapgff,
458 5533 703 5630 gratia
729 5533 824 5606 sit
856 5533 1119 5607 eadem
1168 5556 1315 5625 reS,
1367 5534 1510 5606 hoc
1564 5543 1819 5610 tamen
1880 5548 1994 5612 est

115 5627 423 5739 ιῗῖηῗζιῖἶὲῗ,
463 5661 543 5725 ut
573 5650 1081 5726 diversimode
1114 5659 1509 5746 concepta,
1555 5651 1736 5747 quia
1783 5653 1991 5729 Deus

144 5372 283 5423 Deus
311 5380 396 5424 est.

2138 464 2462 545 QUAEST
2467 468 2555 535 10
2606 469 2839 538 UNIC.
3577 462 3699 530 135

2150 648 2263 713 est
2297 634 2719 716 formaliter
2767 642 3127 733 charitas,
3200 638 3332 711 sed
3385 661 3540 710 non
3582 636 3691 709 sic

2149 768 2264 831 est
2305 758 2515 831 Deus
2556 742 2974 832 formaliter
3040 757 3310 853 gratia.
3385 753 3690 851 Aliquid

2146 873 2346 948 enim
2383 876 2587 969 quod
2621 876 2696 947 in
2734 876 2892 949 Deo
2935 884 3049 949 est
3081 872 3406 964 infinite,
3444 878 3691 968 potest

2144 991 2442 1087 concipi
2491 991 2560 1062 in
2600 1001 2949 1065 creatura
2994 991 3336 1082 limitate,
3374 998 3447 1063 et
3486 987 3683 1060 idem

2142 1117 2391 1202 potest
2466 1106 2873 1203 dupliciter
2930 1106 3260 1203 concipi,
3308 1106 3424 1179 vel
3498 1101 3684 1175 illud

2140 1220 2442 1296 finitum
2479 1224 2758 1315 solum,
2806 1223 3010 1320 quod
3054 1232 3168 1297 est
3207 1223 3281 1294 in
3334 1229 3685 1295 creatura

2139 1361 2295 1411 non
2334 1349 2416 1411 ut
2458 1339 2803 1434 limitate,
2851 1364 2992 1414 nec
3034 1339 3439 1429 illimitate,
3476 1346 3550 1411 et
3603 1336 3684 1407 il-

2137 1457 2266 1531 lud
2312 1459 2558 1531 solum
2603 1468 3056 1556 conceptum
3100 1468 3214 1532 est
3234 1455 3679 1530 indifferens

2136 1573 2230 1646 ad
2263 1573 2509 1648 Deum
2547 1584 2618 1648 et
2675 1584 3136 1661 creaturam,
3206 1581 3280 1647 et
3347 1571 3488 1646 sibi
3540 1594 3679 1669 po-

2132 1696 2280 1762 test
2317 1699 2396 1762 ut
2437 1690 2573 1783 sic,
2621 1689 2916 1787 imponi
2961 1713 3200 1763 unum
3235 1711 3549 1782 nomen,
3598 1696 3678 1761 ut

2129 1807 2512 1903 sapientia
2578 1809 2698 1882 vel
2783 1806 3139 1880 charitas.
3219 1805 3359 1880 Vel
3428 1813 3675 1903 potest

2130 1921 2429 2021 concipi
2502 1923 2605 2016 id,
2670 1923 2874 2020 quod
2953 1932 3068 1997 est
3143 1921 3221 1995 in
3291 1930 3668 2015 creatura,

2130 2037 2422 2112 scilicet
2459 2038 2633 2113 talis
2710 2038 3103 2136 perfectio,
3169 2046 3249 2111 ut
3314 2037 3663 2131 limitata,

2128 2156 2634 2253 concipiendo
2712 2165 2954 2230 totum
3050 2165 3130 2230 ut
3214 2156 3664 2253 perfectum,

2127 2293 2302 2343 cum
2346 2270 2828 2364 limitatione,
2901 2281 2976 2346 et
3012 2282 3191 2345 tunc
3222 2271 3332 2344 illi
3376 2271 3506 2344 ‘toti
3542 2294 3669 2368 po-

2124 2395 2270 2461 test
2304 2387 2594 2485 imponi
2629 2412 2941 2482 nomen,
2978 2398 3051 2463 et
3083 2387 3192 2462 sic
3214 2388 3467 2485 qratia
3519 2387 3667 2459 im-

2125 2503 2437 2600 ponitur
2454 2502 2700 2579 eidem
2736 2504 2874 2598 rei,
2901 2513 2975 2579 et
3003 2504 3384 2601 sapientia
3409 2512 3665 2577 creata

2121 2620 2369 2694 eidem
2430 2620 2566 2715 rei,
2626 2621 2749 2694 cui
2808 2620 3229 2719 imponitur
3312 2620 3659 2695 absolute

2123 2739 2267 2813 hoc
2303 2763 2576 2814 nomen
2620 2740 3048 2837 sapientia3
3099 2749 3173 2814 et
3211 2739 3320 2813 sic
3352 2763 3506 2812 non
3542 2739 3661 2811 di·-

2119 2855 2318 2929 citur
2388 2856 2480 2931 de
2544 2856 2732 2949 Dec,
2797 2855 2982 2953 quia
3067 2855 3257 2928 illud
3322 2855 3659 2952 aliquam

2117 2968 2772 3068 imperfectionem
2890 2970 3100 3063 dicit,
3192 2970 3376 3067 quia
3479 2968 3662 3043 dicit

2116 3086 2407 3186 aliquid
2459 3086 2776 3184 dignum
2856 3087 3252 3174 charitate,
3307 3088 3428 3161 vel
3480 3109 3660 3183 gra-

2114 3204 2244 3293 tia,
2292 3214 2365 3279 et
2412 3206 2561 3280 tale
2604 3229 2755 3279 non
2804 3228 2895 3279 ex
2927 3229 3007 3281 se
3059 3205 3287 3281 habet
3339 3204 3659 3279 charita·

2118 3331 2293 3394 tem.

2213 3437 2593 3522 Secunde,
2706 3448 2820 3512 est
2924 3436 3353 3512 differentia
3455 3438 3650 3512 inter
3803 3453 3867 3519 4,

2112 3551 2259 3626 ista
2298 3555 2376 3626 in
2407 3563 2756 3650 respectu
2819 3562 3257 3648 connotato‚
3320 3554 3500 3651 quia
3570 3563 3651 3628 ut
3679 3567 3875 3642 evange
3911 3574 3965 3643 qt

2113 3670 2360 3743 habeo
2422 3670 2668 3743 Deum
2741 3671 2926 3743 mihi
2985 3695 3278 3764 carum,
3332 3695 3646 3768 possum
3694 3631 3973 3767 :ggrffig

2113 3789 2300 3863 illud
2380 3790 2787 3889 dupliciter
2872 3792 3304 3887 concipere,
3364 3793 3482 3866 vel
3570 3801 3651 3865 ut
3741 3762 3932 3808 renna.

2111 3907 2444 3981 charitas
2504 3917 2619 3982 est
2674 3909 3109 3982 absolutum
3184 3908 3649 4006 principium

2110 4022 2477 4119 operandi
2521 4023 2724 4097 circa
2756 4023 3000 4097 Deum
3064 4033 3365 4120 gratum
3429 4025 3646 4118 mihi,

2109 4139 2229 4211 vel
2270 4147 2349 4211 ut
2389 4147 2502 4210 est
2543 4137 2618 4209 in
2667 4139 2995 4212 habente
3043 4138 3322 4233 Deum,
3372 4149 3451 4213 ut
3527 4141 3654 4214 ha-

2110 4257 2420 4330 bentem
2490 4278 2784 4349 carum,
2843 4267 2924 4329 ut
2994 4256 3288 4331 habens
3355 4267 3470 4331 est
3518 4258 3654 4331 ob-

2090 4374 2390 4471 jectum
2417 4374 2989 4469 secundarium,
3024 4374 3225 4449 circa
3248 4377 3450 4475 quod
3476 4401 3655 4474 ope-

2109 4501 2323 4564 ratur
2392 4491 2828 4565 intellectus
2918 4491 3284 4586 divinus;
3367 4501 3441 4566 et
3542 4492 3652 4568 sic

2108 4609 2374 4683 eadem
2412 4631 2532 4682 res
2579 4608 2856 4682 dicitur
2902 4609 3179 4707 qratia,
3228 4620 3308 4683 ut
3364 4611 3441 4685 in
3514 4614 3650 4685 ho-

2112 4724 2317 4799 mine
2395 4725 2757 4812 existenS,
2805 4736 2878 4801 et
2944 4726 3225 4800 dicitur
3285 4727 3646 4821 charitas,

2111 4849 2191 4915 ut
2242 4851 2356 4914 est
2414 4841 2851 4916 ahsolutum
2932 4842 3395 4941 principium
3464 4869 3651 4943 ope-

2109 4957 2327 5030 randi
2388 4957 2591 5032 circa
2667 4959 2913 5032 Deum
2984 4969 3312 5054 gratum.
3388 4961 3648 5036 Primo

2102 5074 2335 5146 niodo
2360 5073 2541 5147 dicit
2571 5074 3220 5171 imperfectionem
3253 5103 3269 5163 ;
3308 5080 3647 5153 secundo

2109 5189 2334 5260 modo
2371 5212 2553 5282 non,
2613 5200 2683 5263 et
2735 5190 2844 5264 sic
2885 5200 2999 5264 est
3060 5192 3151 5265 de
3194 5193 3401 5265 omni
3475 5219 3650 5291 per-

2105 5306 2465 5398 fectione,
2511 5307 2716 5404 quod
2784 5308 2855 5380 in
2902 5309 3246 5404 quolibet
3316 5320 3430 5384 est
3488 5336 3649 5386 me-

2108 5423 2257 5497 lius
2326 5448 2492 5498 csse
2544 5448 2771 5520 quam
2825 5448 2975 5497 non
3039 5450 3233 5518 esse,
3293 5428 3649 5502 conside-

2108 5541 2347 5614 rando
2420 5541 2605 5615 illud
2684 5543 2885 5638 quod
2968 5542 3454 5640 perfectionis
3530 5556 3644 5620 est

2109 5657 2395 5750 solum,
2433 5656 2880 5732 indifferens
2924 5669 3037 5732 cst
3095 5658 3188 5732 ad
3240 5659 3514 5751 Deum,
3569 5673 3643 5736 et
