4295 6326
289 3289 393 3356 13.

203 4837 359 4889 Fides
390 4839 466 4888 io·

215 4901 337 4952 fusa
384 4900 450 4951 ab

201 4966 466 5079 “asir

1389 406 1614 474 DIST.
1667 406 1922 476 xxm.
1977 407 2394 487 QUAESTIO
2451 414 2749 482 UNICA.

596 574 1039 648 Secundum
1136 577 1373 673 igitur
1450 579 1657 652 hunc
1729 581 2043 654 modum

501 691 839 788 ponendi
895 690 1122 766 fidem
1190 695 1582 788 infusam„
1619 705 1731 770 est
1797 697 2051 773 dicen-

501 809 686 881 dum
727 810 936 905 quod
991 833 1128 907 per
1168 812 1517 886 eamdem
1585 811 1814 888 fidem
1858 815 2052 889 insu-

498 946 660 997 sam
705 924 1043 999 assentio
1102 926 1327 1001 huic:
1375 927 1588 1002 Deus
1647 937 1756 1002 est
1802 930 2051 1004 trinus

499 1047 571 1115 ec
601 1066 823 1136 unua,
871 1052 945 1118 et
984 1044 1187 1141 quod
1229 1043 1368 1119 hoc
1406 1046 1509 1119 sit
1546 1070 1591 1119 α
1631 1046 1798 1120 Deo
1825 1071 2051 1137 ,reve-

498 1157 766 1252 latum,
806 1183 947 1235 nec
998 1161 1226 1236 credo
1279 1186 1550 1251 unum,
1602 1164 1783 1261 quia
1823 1165 2049 1239 credo

498 1275 738 1349 aliud.
814 1276 963 1351 Sed
1025 1278 1333 1352 habitus
1403 1278 1542 1353 iste
1613 1279 2049 1355 immediate

498 1391 823 1467 inclinat
868 1393 944 1465 in
982 1404 1434 1493 utrumque,
1472 1405 1545 1470 ct
1597 1395 1673 1468 in
1718 1398 1909 1471 alios
1941 1421 2053 1471 ar-

497 1509 804 1603 ticulo&
843 1509 1042 1584 sicut
1073 1511 1136 1585 si
1181 1536 1273 1587 ex
1332 1512 1651 1609 objectis
1691 1538 2052 1589 causare-

505 1637 673 1720 tur3
723 1636 796 1702 et
838 1627 1004 1725 ipsa
1045 1626 1236 1703 fides
1298 1629 1407 1703 sic
1454 1630 1837 1705 inclinans
1899 1655 2051 1704 non

503 1742 680 1816 facit
738 1744 1036 1841 objecta
1105 1768 1272 1820 esse
1349 1747 1786 1844 praesentia,
1856 1747 2053 1821 sicut

504 1859 826 1935 scientia
857 1860 1244 1964 inclinans
1296 1863 1767 1938 intellectum
1813 1864 1890 1937 in
1925 1865 2048 1937 in-

501 1977 935 2074 telligibilia
966 2003 1120 2053 non
1166 1980 1343 2054 facit
1375 2004 1467 2055 ea
1498 2005 1664 2055 esse
1702 2004 2052 2079 praesen-

505 2093 610 2169 tia
682 2093 1105 2170 intellectui
1174 2098 1602 2171 secundum
1673 2098 2048 2173 rationem

506 2211 840 2305 habitus,
906 2212 1010 2286 ita
1090 2215 1294 2312 quod
1360 2225 1860 2313 repraesentet
1926 2239 2044 2310 ea,

502 2329 634 2403 sed
677 2331 822 2403 hoc
883 2329 967 2402 fit
1009 2353 1144 2428 per
1191 2331 1512 2429 species.
1554 2332 1769 2419 Quod
1823 2332 1890 2405 si
1925 2334 2053 2407 ob-

494 2445 785 2543 jectum
828 2456 1030 2521 esset
1086 2471 1433 2545 praesens
1501 2449 1575 2522 in
1648 2450 1930 2547 specie,
1980 2457 2052 2524 et

506 2572 763 2660 posset
799 2587 1136 2657 movere,
1181 2564 1506 2640 scientia
1533 2566 1785 2640 adhuc
1807 2567 2053 2663 magis

510 2679 915 2755 inclinaret
968 2681 1061 2754 ad
1104 2681 1485 2776 objectum
1559 2682 1747 2756 illud
1819 2707 2051 2781 quam

510 2797 587 2870 in
631 2797 835 2872 aliud
871 2825 889 2890 ;
928 2806 1000 2872 et
1039 2799 1269 2874 homo
1301 2799 2050 2894 faciliusinclinaret,

512 2924 586 2989 et
630 2924 1130 3011 cognosceret
1186 2938 1279 2990 ex
1310 2915 1439 2989 tali
1483 2915 1780 3013 objecto
1824 2940 2055 3014 quam

512 3053 605 3104 ex
680 3029 859 3123 alio,
923 3029 1146 3127 cujus
1222 3054 1626 3129 nunquam
1707 3032 2055 3107 habitum

517 3146 812 3222 habuit.

615 3262 739 3338 Sic
808 3264 881 3337 in
940 3265 1362 3362 preposite,
1430 3265 1603 3340 licet
1668 3265 2061 3340 credibilia

515 3404 667 3456 non
713 3381 866 3456 sint
927 3384 1341 3480 praesentia
1395 3406 1529 3481 per
1589 3382 1817 3458 fidem
1870 3384 2062 3459 infu-

514 3523 706 3593 sam,
751 3499 856 3573 ita
906 3501 1108 3597 quod
1170 3510 1670 3597 repraesentet
1730 3500 2055 3597 objecta,

514 3616 710 3691 sicut
761 3640 902 3692 nec
950 3617 1232 3715 aliquis
1272 3617 1470 3691 alius
1511 3618 1819 3693 habitus
1857 3619 2053 3710 facit,

515 3735 649 3809 sed
707 3734 1019 3809 aliunde
1064 3735 1292 3809 habet
1333 3737 1563 3810 homo
1625 3735 1830 3834 quod
1873 3735 2062 3810 fiant

513 3851 660 3925 sibi
729 3853 989 3948 aliquo
1061 3852 1284 3925 modo
1345 3852 1680 3948 cognita,
1775 3862 1858 3926 ut
1926 3876 2061 3950 per

514 3966 860 4066 auditum
914 3968 1033 4041 vel
1094 3967 1580 4064 scripturam,
1628 3976 1883 4040 tamen
1939 3969 2063 4039 in-

513 4084 748 4159 clinat
805 4084 880 4157 in
926 4083 1321 4158 credibilia
1383 4083 1662 4181 primO,
1709 4083 1908 4157 sicut
1981 4085 2057 4157 in

515 4200 810 4297 objecta
862 4223 1029 4293 sua,
1094 4199 1196 4273 ita
1248 4207 1502 4274 tamen
1565 4200 1770 4296 quod
1814 4199 2062 4298 respi-

513 4319 660 4393 ciat
699 4319 976 4413 Deum,
1015 4328 1097 4392 ut
1145 4318 1481 4418 primum
1537 4318 1923 4416 obJectum
1967 4319 2058 4395 de

516 4462 669 4536 quo
712 4437 834 4532 sit,
874 4446 954 4511 ut
988 4439 1382 4512 formalem
1431 4437 1806 4512 rationem
1849 4438 2062 4535 obje-

520 4556 645 4651 cti,
722 4580 860 4654 per
935 4579 1166 4654 quam
1255 4554 1564 4653 respicit
1674 4555 2055 4653 obJectum

521 4700 777 4751 suum.

620 4795 713 4868 Et
743 4791 1169 4867 secundum
1205 4792 1350 4863 hoc
1391 4798 1598 4887 patet
1638 4786 2065 4864 differentia

525 4908 723 4984 inter
762 4907 991 4983 fidem
1034 4906 1366 4982 infusam
1417 4917 1489 4980 et
1535 4904 1762 4980 fidem
1811 4907 2065 5004 acqui-

525 5025 772 5112 sitam,
841 5025 1024 5122 quia
1076 5025 1150 5097 in
1215 5023 1363 5098 fide
1429 5023 1804 5120 acquisita
1871 5024 2060 5097 ratio

522 5141 885 5219 tendendi
919 5142 997 5214 in
1041 5140 1330 5238 aliquid
1375 5139 1748 5214 creditum
1782 5148 1896 5214 est
1943 5164 2064 5214 ve-

522 5258 705 5333 ritas
746 5254 1228 5332 testificantis
1270 5265 1342 5330 et
1382 5254 1796 5329 asserentis
1840 5254 2056 5347 illud,

523 5376 647 5452 cui
711 5374 1083 5451 asserenti
1144 5383 1224 5448 ut
1272 5397 1452 5448 vero
1509 5373 1879 5465 creditur3
1927 5373 2057 5447 sed

521 5493 631 5568 sic
671 5516 829 5567 non
873 5500 986 5567 est
1027 5489 1567 5565 universaliter
1623 5489 1714 5564 de
1777 5490 2055 5583 infusa,

522 5611 690 5711 ipsa
734 5610 938 5686 enim
983 5618 1098 5684 est
1170 5608 1264 5683 de
1307 5608 1492 5706 ipsis
1534 5608 2057 5703 credibilibuS,

3564 410 3693 478 439

2156 592 2235 657 ut
2303 586 2646 661 articulis
2719 583 3311 684 respicientibus
3371 577 3694 677 primam

2149 703 2575 790 veritatem,
2619 706 2693 778 in
2740 729 2892 802 qua
2951 711 3132 778 sunt
3181 721 3451 774 omnes
3493 694 3698 771 veri-

2154 830 2371 915 tateS,
2420 825 2623 917 sicut
2673 824 3009 923 primum
3083 821 3496 918 objectum,
3541 838 3698 889 non

2149 939 2352 1013 sicut
2421 941 2511 1015 de
2564 964 2654 1015 eo
2719 966 2762 1017 a
2829 965 2981 1038 quo
3052 947 3232 1014 sunt
3291 934 3703 1011 causaliter

2154 1056 2325 1130 aliae
2382 1057 2743 1133 veritates
2799 1060 3184 1133 revelatae.
3252 1052 3700 1128 Secundum

2153 1173 2374 1247 istam
2446 1175 2677 1263 viam,
2749 1173 3105 1275 quamvis
3183 1169 3488 1247 articuli
3544 1189 3700 1241 non

2153 1289 2305 1363 sint
2338 1303 2790 1388 praesentes,
2829 1302 2911 1366 ut
2941 1292 3260 1389 objecta,
3284 1288 3432 1363 nisi
3467 1310 3704 1386 quan-

2152 1408 2248 1481 do
2282 1409 2498 1505 prius
2547 1413 3016 1503 revelantur,
3061 1432 3235 1483 cum
3272 1430 3427 1481 non
3463 1404 3703 1479 tendit

2152 1524 2229 1597 in
2277 1549 2434 1620 coe,
2492 1527 2623 1624 qui
2666 1527 2933 1620 credit,
2989 1526 3236 1623 primo
3287 1525 3693 1615 revelatOS,

2154 1664 2306 1714 non
2342 1642 2544 1715 enim
2593 1642 2901 1740 respicit
2956 1666 3093 1739 pro
3146 1638 3440 1715 formali
3484 1638 3701 1732 obje-

2153 1765 2271 1829 cto
2324 1757 2575 1856 ipsum
2637 1757 2992 1851 revelari,
3058 1756 3190 1831 sed
3252 1756 3461 1853 ipsos
3520 1754 3701 1828 arti-

2154 1875 2370 1947 culos
2407 1874 2477 1946 in
2521 1898 2626 1949 re.
2665 1874 3157 1949 Conveniunt
3201 1881 3482 1964 tamen,
3519 1870 3703 1968 quia

2160 2000 2481 2087 utraque
2551 2000 2664 2065 est
2732 1991 3027 2065 habens
3122 1988 3695 2080 obscuritatem,

2156 2107 2510 2202 quamvis
2544 2107 2748 2182 enim
2818 2107 3193 2181 inclinant
3260 2103 3581 2178 firmiter
3619 2104 3697 2177 in

2156 2224 2480 2320 objecta,
2530 2248 2681 2297 non
2749 2235 2999 2300 tamen
3059 2223 3347 2299 faciunt
3390 2246 3482 2297 ea
3529 2245 3697 2296 esse

2156 2341 2583 2441 evidenter*
2628 2342 3063 2439 praesentia,
3120 2364 3260 2416 nec
3325 2339 3701 2414 inclinant

2156 2466 2468 2556 propter
2592 2458 3051 2533 evidentiam
3173 2458 3694 2554 objectorum,

2159 2597 2391 2672 quam
2437 2576 2723 2650 habent
2782 2576 2858 2648 in
2916 2599 3024 2669 se,
3090 2575 3446 2673 quamvis
3487 2574 3703 2649 incli-

2158 2701 2346 2765 nant
2388 2692 2465 2765 in
2520 2693 2941 2780 veritatem,
2995 2692 3420 2768 secundum
3494 2691 3701 2790 quod

2159 2805 2483 2882 firmiter
2568 2809 2872 2905 objecti,
2945 2807 3323 2883 inclinant
3411 2807 3703 2882 intelle-

2161 2934 2368 2998 ctum
2412 2925 2487 2997 in
2527 2925 2706 3000 talia
2737 2925 3059 3023 ohJecta.

2686 3238 3050 3296 SCHOLIUM
3092 3238 3181 3298 IV.

2236 3397 2419 3453 Instat
2449 3399 2653 3452 contra
2690 3394 2917 3450 modum
2961 3395 3237 3466 positum,
3286 3392 3499 3465 prime,
3552 3393 3704 3465 quod

2164 3488 2307 3543 fides
2341 3491 2498 3543 esset
2527 3486 2802 3557 potentia.
2835 3485 3124 3551 SecundO,
3158 3483 3309 3554 quod
3361 3492 3525 3539 actus
3575 3481 3712 3538 fidei

2163 3577 2461 3649 acquisitae
2521 3581 2575 3631 et
2624 3575 2829 3630 infusae
2886 3579 3085 3631 essent
3139 3574 3375 3630 diversae
3446 3571 3711 3630 rationis.

2161 3668 2375 3736 Terti0‚
2431 3666 2689 3721 crederet
2747 3665 2874 3736 quis
2931 3668 3064 3720 ante
3094 3680 3326 3719 omnem
3378 3662 3713 3719 instructio-

2164 3776 2322 3816 nem.
2356 3759 2595 3827 QuartO,
2619 3757 2950 3812 crederetur
2981 3762 3116 3811 ante
3146 3761 3340 3812 actum
3373 3753 3711 3822 voluntati&

2165 3848 2323 3905 etsie
2354 3846 2702 3904 necessario.
2728 3846 2963 3914 Quinto,
2995 3849 3290 3917 oporteret
3321 3860 3532 3917 ponere
3564 3845 3712 3901 duos

2164 3938 2417 4003 habituS,
2455 3954 2655 4003 unum,
2690 3953 2805 4009 quo
2844 3935 3073 3992 articuli
3122 3936 3327 3992 tierent
3370 3940 3707 4007 praesenteS,

2165 4025 2432 4093 alterum,
2467 4042 2579 4097 quo
2624 4025 3044 4082 assentiremur
3069 4024 3168 4081 eis,

2261 4205 2543 4278 Contra
2593 4203 2795 4278 viam
2841 4203 3059 4278 istam
3119 4203 3370 4300 arguit
3409 4203 3561 4279 sic:
3623 4204 3705 4278 Si-

2167 4557 2500 4632 habitus.

2266 4674 2627 4749 Probatio
2654 4675 3256 4772 consequentiae,
3285 4675 3473 4749 illud
3500 4674 3706 4752 enim

2170 4800 2284 4865 est
2324 4791 2692 4889 potentia,
2730 4815 2882 4888 quo
2943 4792 3390 4890 simpliciter
3432 4817 3712 4891 possu-

2171 4934 2341 4983 mus
2384 4909 2460 4982 in
2504 4919 2788 5002 actum,
2818 4933 2969 4983 non
3017 4910 3336 4984 faciliter
3374 4920 3448 4984 et
3478 4934 3714 5009 expe-

2168 5027 2319 5101 dite
2354 5055 2371 5119 3
2406 5026 2538 5100 sed
2572 5024 2761 5100 fides
2794 5026 3220 5100 secundum
3263 5027 3710 5125 praedictam

2166 5143 2369 5216 viam
2405 5152 2545 5236 est,
2582 5167 2736 5240 quo
2806 5167 3246 5240 possumus,
3285 5144 3464 5243 quia
3501 5154 3712 5219 tenet

2169 5259 2413 5332 vicem
2471 5259 2744 5354 objecti
2790 5259 2864 5331 in
2911 5269 3283 5357 quantum
3326 5260 3709 5335 inclinans

2168 5398 2304 5471 per
2366 5400 2473 5465 se,
2534 5376 2635 5449 ita
2711 5375 2915 5472 quod
2983 5402 3130 5450 non
3178 5400 3487 5474 possum
3568 5402 3712 5453 nec

2168 5493 2568 5585 assentire,
2634 5493 2831 5566 sicut
2871 5517 3012 5567 nec
3063 5495 3123 5566 si
3167 5495 3552 5591 objectum
3587 5495 3710 5569 in-

2174 5610 2519 5685 clinaret.

2165 4322 2354 4397 fides
2405 4332 2757 4398 causaret
2797 4346 3227 4414 assensum,
3279 4332 3454 4397 tunc
3513 4321 3705 4397 fides
3760 4275 4033 4415 mitssffiae

2165 4441 2591 4516 secundum
2627 4443 2770 4517 hoc
2811 4451 3013 4516 esset
3041 4441 3404 4539 potentia,
3442 4450 3515 4515 et
3548 4463 3702 4514 non
3734 4428 4056 4542 Οξῑξζῆξξῖ·

3829 4554 3975 4605 dum.
