4295 6326
717 361 844 427 402

717 530 961 599 cociam,
998 528 1258 599 rejicitur
1289 527 1476 599 primo
1511 540 1643 596 pars
1669 524 1857 596 prima
1888 521 2028 594 quia
2057 536 2258 593 seque·

717 627 874 677 retur
909 621 1043 676 velle
1088 624 1343 675 creatum
1399 616 1636 679 Christi,
1693 630 1818 669 esse
1879 611 2100 684 aequale
2132 612 2268 668 velle

719 713 997 777 increato,
1022 713 1079 764 et
1111 715 1429 778 utrumque
1468 703 1766 776 aequaliter
1817 720 1850 757 a
1903 703 2017 757 Deo
2076 700 2264 772 diligi.

718 803 978 855 seeundo
1009 801 1203 854 anima
1234 796 1452 852 Christi
1487 810 1650 865 aeque
1680 809 1746 847 ae
1779 792 2019 847 Verbum
2052 794 2268 845 fruere-

719 897 816 945 tur
846 891 981 945 Deo.
1040 887 1258 956 Terti0,
1311 886 1509 942 omnia
1558 883 1842 955 principia
1909 898 2010 953 per
2065 898 2123 935 se
2156 896 2273 935 me-

723 982 882 1036 rendi
927 980 1139 1035 Christi
1174 980 1404 1033 suerunt
1437 976 1620 1043 (inita,
1657 980 1720 1029 ut
1769 972 2063 1036 voluntas,
2104 970 2272 1026 iutel-

727 1071 929 1139 tcetus,
962 1068 1164 1141 gratia.
1205 1067 1410 1137 chicit
1441 1065 1615 1120 etiam
1649 1063 1821 1118 utiam
1859 1067 2104 1134 partem,
2141 1076 2269 1132 quae

726 1159 824 1224 ait,
860 1176 970 1213 non
1027 1157 1307 1212 meruisse
1383 1155 1676 1211 Christum
1734 1152 2011 1207 omnibus
2068 1165 2270 1204 secun-

726 1251 863 1305 dum
901 1249 1247 1313 efficaciam,
1281 1246 1413 1318 quia
1448 1262 1562 1301 non
1593 1249 1761 1300 erant
1786 1240 2084 1313 dispositi,
2133 1240 2275 1311 quia

728 1340 865 1395 bine
895 1344 1228 1411 sequeretur
1264 1355 1374 1394 non
1410 1336 1692 1391 meruisse
1725 1335 1912 1404 ipsam
1945 1331 2275 1402 dispositio·

731 1445 886 1496 nem,
915 1445 1019 1483 seu
1046 1428 1294 1497 primam
1327 1425 1592 1497 gratiam.
1625 1438 1798 1493 quam
1849 1427 2041 1475 tamen
2092 1420 2277 1489 magis

735 1519 947 1574 meruit
975 1515 1237 1573 Christus
1270 1531 1444 1586 quam
1479 1513 1725 1585 gratiam
1759 1510 2104 1567 secundam.

465 1779 474 1788 .
509 1691 571 1756 3·
834 1694 944 1768 Ad
982 1694 1199 1766 istam
1247 1690 1754 1790 quaestionem
1788 1688 2054 1761 dicunt
2101 1684 2278 1784 qui-

381 1780 699 1892 (ii’f‘iiiioffi.
740 1811 918 1884 dam
965 1809 1168 1908 quod
1203 1808 1559 1883 meritum
1592 1805 1871 1880 Christi
1924 1804 2282 1879 conside-

385 1910 438 1953 εἰ
494 1908 705 1956 Heni-ie.

421 1971 675 2024 ,mmm-3,
745 1938 953 2002 ratur
994 1926 1427 2025 dupliciter,
1474 1934 1848 2023 quantum
1899 1923 1993 1996 ad
2061 1920 2281 1996 suffi-

447 2052 496 2085 m
536 2034 706 2080 Lhris-

425 2106 462 2147 ι,
504 2096 554 2143 ω
593 2100 666 2145 in,
744 2046 1131 2135 cientiam,
1169 2045 1288 2117 vel
1360 2052 1733 2141 quantum
1805 2041 1929 2121 ¹ad
2021 2038 2283 2114 effica-

427 2159 662 2211 ¹¹⁰³²³¹¹¹¹·
747 2163 971 2238 ciam.
1061 2160 1448 2248 Quantum
1544 2160 1638 2233 ad
1742 2157 2282 2232 sufficientiam

751 2283 1030 2358 meruit
1070 2280 1429 2356 omnibus
1488 2279 1948 2355 deletionem
2001 2279 2280 2375 culpae,

745 2411 820 2475 et
861 2399 1350 2473 collationem
1379 2396 1645 2491 gratiae
1690 2406 1763 2469 et
1828 2393 2123 2489 gloriae,
2153 2391 2285 2466 sed

740 2538 894 2587 non
969 2521 1344 2609 quantum
1423 2509 1513 2582 ad
1585 2506 2033 2599 efficaciam,
2106 2504 2290 2602 quia

744 2653 898 2702 non
934 2650 1204 2701 omnes
1237 2624 1626 2698 consecuti
1697 2630 1877 2697 sunt
1936 2623 2289 2719 redemp-

743 2745 1057 2817 tionem.
1097 2739 1312 2828 Quod
1355 2738 1682 2837 probant
1721 2738 1826 2811 sie
1862 2762 1877 2813 :
1926 2737 2285 2812 Meritum

746 2860 1027 2933 Christi
1073 2860 1296 2931 habet
1367 2855 1822 2929 infinitatem
1875 2855 2286 2951 quamdam

747 3000 840 3050 ex
881 2973 1276 3072 supposito
1316 2971 1578 3064 Verbi,
1632 2969 1836 3067 quod
1905 2968 2284 3061 eliciebat,

747 3104 822 3168 ct
862 3091 1204 3168 exercuit
1243 3087 1729 3188 operationes
1797 3087 2004 3161 illius
2060 3097 2291 3161 natu-

746 3237 852 3286 rae
886 3218 1351 3307 assumptoe3
1399 3197 1588 3306 quia*
1629 3230 1810 3302 ergo
1858 3205 2063 3279 elicit
2119 3228 2289 3278 om-

751 3353 888 3404 nes
924 3337 1141 3401 actus
1183 3324 1732 3399 convenientes
1791 3322 2093 3420 utrique
2147 3344 2291 3395 na-

747 3457 969 3538 turae,
1017 3444 1186 3518 ideo
1222 3442 1499 3515 virtute
1567 3440 1776 3513 illius
1852 3449 2149 3514 naturae
2217 3448 2291 3512 et

747 3559 1127 3660 suppositi
1160 3558 1646 3656 operationes
1678 3566 1856 3631 sunt
1895 3555 2287 3628 infinitum

747 3682 1079 3771 bonum3
1117 3677 1286 3751 ideo
1322 3700 1527 3750 mors
1568 3685 1642 3749 et
1682 3675 1965 3772 passiO,
2001 3682 2073 3748 et
2114 3674 2287 3747 alioe

744 3794 1234 3893 operationes
1321 3792 1763 3865 habuerunt
1827 3789 2285 3864 infinitatem

747 3911 1226 4010 quamdam3
1290 3920 1363 3982 et
1430 3909 1537 3982 sie
1627 3906 2068 3982 sufficerent
2153 3931 2289 4004 pro

748 4028 1075 4102 infinitis
1105 4025 1437 4123 peccatis
1470 4025 1843 4118 delendis,
1890 4036 1963 4098 et
2024 4025 2291 4120 gratiis

756 4156 829 4221 et
869 4144 1134 4242 gloriis
1166 4142 1673 4217 conferendis.
1726 4142 2094 4216 Similiter
2140 4166 2291 4218 me-

758 4263 985 4336 ritum
1043 4270 1412 4359 pensatur
1479 4258 1901 4332 secundum
1962 4259 2295 4355 dignita-

754 4394 905 4457 tem
944 4402 1296 4476 personae
1358 4375 1744 4468 merentiS,
1778 4399 1952 4473 quie
2031 4386 2171 4470 est,
2223 4386 2297 4450 et

758 4499 896 4574 ruit
931 4495 1226 4569 infinita
1264 4523 1282 4588 3
1321 4517 1502 4588 ergo
1547 4493 1999 4568 infinitatem
2047 4517 2298 4592 mere-

756 4618 982 4692 batur
1025 4644 1043 4709 3
1086 4639 1267 4710 ergo
1321 4625 1694 4711 quantum
1766 4613 1871 4714 ad.
1919 4612 2301 4688 sufficien-

763 4736 937 4810 tiam
974 4731 1337 4807 satisfecit
1369 4755 1503 4828 pro
1537 4730 1922 4804 omnibus.

742 4833 752 4922 f
859 4850 1075 4936 Quod
1119 4846 1621 4922 confirmatur
1675 4871 1811 4944 per
1850 4848 2302 4921 Anselmum

762 4967 830 5040 2.
876 4969 1034 5040 Cur
1071 4966 1284 5038 Deus
1313 4963 1564 5048 homo,
1602 4987 1765 5058 cap.
1805 4963 1918 5033 14.
1967 4963 2097 5059 qui
2141 4965 2306 5035 vult

765 5083 970 5181 quod
1011 5081 1234 5154 homo
1255 5080 1514 5176 potius
1538 5077 2053 5174 (lebetelissere
2081 5101 2306 5151 omne

766 5202 986 5277 αίίιιιί
1022 5226 1068 5274 α
1105 5199 1271 5272 Deo
1306 5193 1599 5270 destrui
1645 5204 1715 5270 el
1754 5199 2043 5294 perire,
2081 5220 2309 5295 quam

765 5320 1093 5392 scienter
1133 5324 1454 5419 mortem
1499 5312 1794 5407 inferre
1835 5312 1981 5405 illl,
2017 5312 2142 5386 vel
2178 5312 2314 5387 ali-

770 5460 995 5535 quam
1061 5433 1479 5506 laesionem.
1521 5432 1610 5502 Et
1646 5431 1856 5527 “quia
1938 5432 2087 5504 vita
2146 5431 2313 5527 ejus

773 5562 935 5629 erat
979 5559 1210 5644 tanta,
1247 5546 1433 5620 utin
1474 5544 2108 5622 infinitum'esset
2137 5549 2313 5648 plus

2127 347 2370 415 LIBRI
2414 347 2536 416 111.

2371 520 2751 615 amabilis,
2788 544 3019 618 quam
3055 530 3367 618 peccata
3424 529 3605 594 sunt
3663 517 3912 593 odibi-

2372 636 2501 730 lia,
2539 646 2612 711 et
2643 636 3122 712 infinitorum
3164 638 3596 731 hominum,
3651 636 3913 711 siesse

2376 767 2744 852 possunt3
2808 755 2979 829 ideo
3032 781 3237 830 mors
3278 758 3445 853 ejus
3503 755 3643 829 fuit
3699 752 3918 829 suffi-

2376 873 2588 947 ciens
2620 897 2757 970 pro
2798 875 3325 972 redemptione
3359 875 3705 949 omnium
3775 875 3921 947 ho-

2383 990 2705 1083 minum,
2765 992 2947 1087 quia
3058 1003 3348 1066 tantum
3480 1000 3920 1088 acceptatur

2380 1129 2611 1193 more,
2648 1119 3021 1204 quantum
3057 1109 3296 1182 valuit
3338 1109 3492 1182 vita
3531 1109 3675 1182 ista
3710 1134 3728 1200 3
3785 1106 3917 1181 sed

2380 1222 2536 1295 vita
2577 1222 2853 1296 suitita
2922 1223 3300 1310 amabili&
3350 1234 3431 1298 ut
3486 1226 3717 1297 homo
3780 1247 3922 1320 po-

2384 1338 2534 1413 tius
2575 1339 2889 1435 eligeret
2956 1341 3215 1415 omnia
3274 1350 3586 1439 peccata
3657 1338 3921 1414 mundi

2384 1455 2654 1528 cadere
2714 1479 2947 1554 super
3014 1481 3220 1550 eum,
3269 1480 3499 1555 quam
3583 1458 3920 1555 aliquam

2383 1573 2830 1647 violentiam
2874 1574 3225 1650 intulisse
3261 1576 3334 1649 in
3390 1600 3670 1674 corpus
3715 1575 3923 1648 illius

2386 1690 2810 1764 secundum
2847 1692 3271 1767 doctrinam
3315 1717 3561 1767 suam.

2484 1804 2870 1892 Quantum
2912 1832 3094 1881 vero
3136 1808 3229 1882 ad
3286 1808 3731 1901 efficaciam,
3766 1831 3918 1881 non

2390 1922 2667 1997 meruit
2706 1923 3097 2017 omnibus,
3131 1926 3307 2022 quia
3342 1926 3414 1998 2.
3469 1926 3560 2001 de
3612 1926 3916 2017 Anima,

2394 2047 2567 2111 text.
2604 2039 2722 2112 24.
2770 2047 2981 2114 actus
3012 2042 3432 2116 activorum
3464 2048 3644 2116 sunt
3672 2043 3752 2116 in
3791 2065 3926 2138 pa·

2390 2145 2621 2229 ciente
2658 2157 3203 2254 praedisposito
3260 2164 3329 2232 et
3369 2160 3581 2233 unito
3642 2158 3922 2255 essenti,

2392 2272 2591 2346 sicut
2623 2283 2827 2370 patet
2866 2274 2940 2345 in
2987 2275 3396 2371 agentibus
3437 2287 3510 2349 et
3566 2275 3931 2374 patieuti-

2395 2387 2539 2461 bus
2571 2389 3111 2485 corporaliter;
3157 2414 3341 2486 ergo
3375 2392 3482 2464 sic
3515 2391 3659 2465 erit
3691 2392 3765 2464 in
3800 2414 3933 2465 ac-

2394 2503 2600 2577 tione
2633 2505 3023 2579 meritoria
3053 2516 3426 2602 quantum
3461 2508 3554 2582 ad
3598 2507 3935 2582 influen-

2397 2620 2577 2693 tiam
2625 2622 2700 2694 in
2781 2622 2995 2696 alios.
3032 2622 3177 2697 Sed
3259 2627 3697 2721 conjunctio
3756 2651 3931 2700 cum

2397 2737 2696 2811 Christo
2741 2739 3108 2835 requisita
3152 2750 3231 2813 ut
3276 2742 3629 2816 meritum
3684 2744 3935 2817 valeat

2397 2852 2575 2946 illis,
2613 2864 2686 2927 et
2725 2877 2860 2952 per
2901 2853 3073 2929 fidei
3109 2857 3624 2953 cognitionem
3677 2870 3751 2932 et
3817 2858 3937 2932 di-

2398 2970 2833 3064 lectionem,
2905 2972 3328 3046 secundum
3420 2975 3623 3073 quod
3702 2977 3931 3049 homo

2397 3086 2734 3186 disponit
2772 3111 2853 3161 se
2897 3089 2988 3162 ad
3022 3090 3341 3187 gratiam
3398 3092 3933 3190 cognoscendo

2396 3214 2468 3278 et
2500 3204 2888 3301 diligendo
2931 3206 3220 3300 Deu1n3
3258 3232 3408 3281 non
3468 3234 3739 3285 omnes
3793 3233 3937 3285 au-

2396 3328 2545 3393 tem
2588 3320 3007 3418 disponunt
3038 3321 3148 3397 sic
3179 3346 3300 3410 se;
3353 3324 3523 3398 ideo
3574 3349 3728 3400 non
3774 3350 3936 3401 me-

2394 3437 2547 3511 ruit
2578 3437 3332 3536 omnibusquantum
3367 3442 3458 3515 ad
3484 3441 3932 3517 efficaciam.

2492 3554 2774 3627 Contra
2817 3556 3024 3628 hunc
3089 3556 3393 3630 modum
3440 3558 3739 3632 dicendi
3811 3583 3937 3633 ar-
4090 3588 4156 3653 4,

2394 3695 2574 3766 guO,
2607 3672 2809 3767 quod
2853 3672 3053 3745 dicta
3106 3672 3263 3765 illa,
3327 3674 3610 3770 quibus
3662 3677 3940 3750 dicitur
4026 3677 4239 3769 Afflust·

2395 3787 2600 3882 quod
2636 3787 2790 3861 vita
2829 3787 3108 3861 Christi
3154 3789 3292 3862 suit
3349 3790 3454 3864 ita
3521 3795 3932 3888 excellenS,
4001 3748 4273 3853 Tfssffiin·

2400 3913 2480 3976 ut
2567 3905 2880 3977 haberet
2955 3905 3364 4001 quamdam
3447 3906 3932 4003 infinitatem,

2397 4031 2538 4095 etc.
2609 4022 2968 4095 videntur
3034 4045 3200 4095 esse
3274 4025 3799 4121 hyperbolica,
3864 4038 3938 4101 et

2398 4137 2878 4235 exponenda,
2926 4138 3107 4234 quia
3141 4138 3531 4235 loquimur
3565 4165 3698 4239 pro
3727 4166 3935 4219 nunc

2399 4262 2489 4336 de
2532 4260 2733 4333 bono
2773 4255 2968 4331 velle
3000 4256 3305 4350 Christi,
3343 4279 3495 4355 quo
3545 4261 3824 4335 meruit
3864 4273 3939 4337 et
4021 4293 4073 4343 si
4110 4294 4248 4342 vene

2402 4374 2824 4474 acceptavit
2854 4373 2961 4446 De
2976 4396 3062 4446 us
3095 4373 3528 4471 passionem
3572 4401 3710 4474 pro
3770 4402 3939 4452 om·
3971 4359 4292 4469 „iffss'gffssi.

2404 4495 2633 4568 nibus
2674 4500 3046 4589 quantum
3092 4491 3183 4564 ad
3254 4491 3822 4591 sufficientiam,
3863 4508 3945 4571 ut
3975 4483 4292 4600 ‘³5⁸J,{{‘n,³f¹'

2406 4611 2695 4683 dicunt.
2735 4606 2811 4681 Si
2848 4607 3135 4681 bonum
3180 4606 3376 4681 velle
3426 4605 3704 4684 Christi
3773 4622 3944 4686 tan-
4035 4614 4243 4720 aeessffie

2410 4741 2567 4805 tum
2604 4728 2743 4803 fuit
2804 4735 3320 4824 acceptatum,
3368 4741 3743 4825 quantum
3787 4743 3947 4808 erat
4014 4686 4270 4843 ”f’sseffffl

2400 4870 2741 4945 persona
2796 4843 3064 4937 -Verbi,
3135 4854 3318 4918 tunc
3385 4852 3950 4946 cum'persona
4041 4810 4163 4846 “en
4190 4813 4242 4844 O'

2413 4967 2543 5039 illa
2609 4965 2705 5037 sit
2751 4960 3053 5035 infinita
3111 4961 3587 5059 simpliciter,
3650 4965 3950 5043 infinite

2418 5083 2554 5155 luit
2593 5082 2880 5155 bonum
2946 5076 3141 5152 velle
3208 5078 3376 5174 ejus
3443 5094 3946 5181 acceptatum.

2417 5199 2563 5272 Sed
2600 5198 2806 5271 Deus
2850 5219 3000 5268 non
3047 5205 3390 5292 acceptat
3456 5199 3747 5296 aliquid
3808 5200 3956 5275 nisi

2420 5325 2792 5413 quantum
2855 5313 2946 5387 de
3006 5312 3611 5409 accep‘tabilitate
3684 5344 3702 5410 3
3775 5341 3956 5413 ergo

2420 5433 2707 5507 bonum
2750 5430 2945 5503 velle
2989 5428 3194 5501 illius
3248 5439 3547 5506 naturae
3611 5446 3958 5532 respectu

2420 5547 2796 5651 suppositi
2840 5546 3108 5621 habuit
3139 5544 3524 5622 infinitam
3584 5551 3960 5631 rationem
