4295 6326
1547 406 1775 475 DIST.
1828 405 1917 474 11.
1971 402 2391 484 QUAESTlo
2442 402 2528 469 11.

395 577 689 653 scilicet
754 580 1074 676 sanguis
1114 589 1188 654 et
1235 603 1464 678 aqua,
1501 580 1594 653 ad
1637 603 1729 654 ea
1769 601 1946 677 quae

395 704 868 768 concurrunt
921 697 997 769 in
1075 696 1572 770 Sacramento
1654 696 1948 770 Eucha-

396 813 655 898 ristiae,
688 813 893 910 quod
936 822 1050 887 est
1109 813 1696 888 Sacramentum
1730 812 1947 910 prin-

396 929 670 1027 cipale,
708 929 884 1002 licet
925 953 1076 1002 non
1116 928 1361 1024 magis
1387 929 1942 1021 necessarium,

396 1056 469 1120 et
532 1046 637 1120 ita
712 1046 1076 1120 dicuntur
1151 1047 1414 1121 omnia
1466 1045 1784 1120 fluxisse
1850 1046 1945 1121 ab

396 1162 527 1235 itto
569 1163 920 1255 vulnere,
959 1163 1143 1260 quia
1192 1186 1368 1260 quae
1408 1161 1799 1236 fluxerunt
1852 1162 1946 1236 ab

396 1281 524 1352 ino
577 1280 929 1372 vulnere,
1013 1281 1321 1354 suerunt
1389 1280 1764 1354 similiora
1820 1278 1950 1353 Sa-

393 1395 835 1489 oramentis.

904 1662 1314 1742 QUAESTIO
1365 1663 1446 1728 ΙΙ.
1527 1676 1534 1682 ’

396 1859 642 1926 Utrum
685 1858 1024 1944 baptizati
1063 1856 1429 1946 Baptz'smo
1488 1854 1786 1922 loannis
1845 1861 1946 1921 te-

477 1967 828 2034 nebantur
859 1965 941 2032 cle
971 1965 1379 2032 necessitate
1409 1963 1658 2031 salutis
1692 1960 1946 2030 ilerum

480 2071 820 2160 baptizari
854 2074 1208 2162 Bapte'smo
1242 2070 1525 2139 Christi.

391 2270 581 2326 Ateus.
632 2270 680 2323 4.
724 2286 780 2337 p.
831 2286 883 2340 q.
928 2269 982 2323 9.
1033 2286 1107 2324 m.
1163 2270 1215 2323 7.
1251 2268 1312 2323 D.
1349 2268 1556 2324 Thom.
1590 2270 1643 2323 3.
1677 2285 1729 2339 ρ.
1763 2285 1815 2339 q.
1852 2269 1941 2325 38.

458 2345 564 2395 art.
597 2342 651 2397 6.
684 2351 738 2395 et
764 2357 820 2411 q.
852 2343 943 2396 66.
975 2348 1086 2396 art.
1118 2341 1171 2394 9.
1205 2340 1271 2395 D.
1323 2340 1537 2396 Bonav.
1571 2340 1660 2395 hic
1702 2358 1759 2395 α.
1800 2341 1854 2395 2.
1890 2356 1944 2410 q.

459 2415 512 2467 3.
551 2412 823 2468 Richard.
860 2417 970 2466 art.
1002 2412 1057 2465 2.
1092 2430 1142 2484 q.
1176 2412 1228 2466 4.
1264 2411 1526 2467 Durand.
1560 2428 1611 2483 q.
1667 2413 1719 2466 4.
1769 2410 1943 2467 Gabr.

460 2503 513 2556 q.
561 2486 616 2538 2.
670 2483 938 2539 Beltarm.
992 2483 1030 2537 l.
1084 2499 1123 2539 1.
1175 2483 1240 2538 de
1281 2484 1591 2552 Baptismo.
1621 2499 1741 2554 cap.
1772 2484 1863 2537 20.
1895 2492 1948 2539 et

463 2562 708 2626 sequent.
769 2555 940 2610 Abut.
994 2554 1055 2608 in
1105 2555 1159 2611 3.
1215 2555 1413 2610 Mauh.
1464 2572 1517 2626 q.
1570 2555 1660 2610 30.
1697 2555 1852 2611 Scot.
1889 2555 1946 2610 in

468 2628 642 2684 Oxou.
680 2627 794 2682 ktc.
825 2643 877 2699 q.
910 2627 962 2681 2.

172 2836 235 2900 1,
492 2801 859 2899 Arguitur
908 2801 1112 2899 quod
1172 2824 1354 2875 non.
1431 2801 1800 2897 Magister
1867 2800 1942 2875 in

37 2925 358 3037 Argffifflt·
396 2919 646 2994 littera
688 2919 921 3014 hujus
998 2918 1538 3012 distinctionis,
1593 2942 1761 3016 cap.
1826 2919 1947 2991 ul·-

65 3002 99 3052 Ρ
307 3022 321 3035 ’
397 3034 622 3109 timo:
681 3033 835 3123 Qui
900 3058 1114 3131 spem
1183 3056 1337 3107 non
1368 3040 1798 3131 posuerant
1861 3033 1945 3107 in

392 3150 1185 3249 Baptismodoatmis,
1240 3160 1312 3225 ec
1360 3150 1441 3225 in
1504 3150 1825 3227 Patrem
1877 3157 1951 3226 et

386 3269 683 3344 Filiam
758 3275 831 3342 et
889 3268 1274 3366 Spiritum
1348 3278 1695 3344 sanctum
1781 3294 1944 3343 cre-

387 3384 690 3477 debant,
734 3407 888 3457 non
912 3392 1130 3457 erant
1167 3383 1622 3482 baptizandi
1644 3392 1942 3482 postea,

386 3499 673 3596 sedper
700 3499 1268 3596 impositionem
1301 3523 1675 3573 manuum
1706 3501 1949 3598 Apos-

392 3614 722 3688 tolorum
752 3639 986 3712 super
1025 3638 1149 3688 eos
1181 3623 1644 3712 acceperunt
1682 3616 1950 3713 Spiri-

395 3737 553 3804 tum
583 3737 958 3804 sanctam.

100 3858 309 3908 secun·
496 3848 711 3940 Item,
775 3847 852 3920 in
917 3846 1355 3944 receptione
1424 3848 1950 3925 Sacramento·

132 3924 286 3972 ‘mm'
398 3987 566 4038 rum
609 3964 812 4062 quod
853 3965 1078 4038 datur
1117 3988 1271 4037 non
1324 3973 1439 4038 est
1478 3964 1942 4060 iterandum,

393 4083 524 4157 sed
577 4082 639 4155 si
710 4082 1000 4179 aliquid
1079 4082 1480 4162 omittihun
1554 4094 1773 4158 caute
1832 4095 1948 4160 est

391 4198 954 4297 supplendum3
1019 4200 1457 4296 exemplum
1508 4200 1600 4273 de
1651 4200 1944 4275 Clerico

391 4339 527 4413 per
580 4317 861 4390 saltum
904 4324 1305 4410 promot03
1368 4339 1553 4412 ergo
1621 4341 1794 4390 cum
1866 4317 1945 4391 in

393 4434 791 4531 Baptismo
870 4433 1195 4506 Joannis
1267 4434 1579 4508 daretur
1653 4435 1944 4510 ablutio

391 4550 746 4643 exterior,
818 4559 891 4623 et
960 4572 1110 4621 non
1208 4548 1554 4638 interior,
1640 4551 1946 4626 videtur

395 4669 603 4766 quod
643 4667 721 4741 in
786 4667 1177 4762 Baptismo
1219 4667 1500 4743 Christi
1532 4669 1695 4766 ¹jam
1736 4670 1945 4745 insti-

388 4796 551 4861 tuto
584 4810 737 4858 non
789 4785 1015 4859 suerit
1073 4785 1363 4859 ablutio
1425 4787 1758 4861 exterior
1814 4788 1945 4862 ite-

392 4904 659 4996 randa,
716 4903 848 4975 sed
904 4901 1222 4975 interior
1280 4904 1738 5000 supplenda.

61 5053 231 5102 Ratio
263 5053 329 5123 aa
489 5022 795 5111 Contra,
876 5018 967 5093 de
1054 5029 1474 5094 consecrat.
1561 5020 1633 5094 d.
1728 5021 1795 5094 4.
1870 5045 1935 5095 c.

80 5129 310 5228 ⁰332&
391 5137 660 5229 Aliud,
742 5147 815 5210 et
892 5136 1216 5209 habetur
1301 5137 1504 5234 apud
1571 5138 1941 5234 Augusti-

75 5244 333 5355 mangni-
393 5280 607 5348 num,
650 5256 852 5327 hom.
912 5253 982 5324 5.
1038 5276 1270 5350 super
1307 5254 1529 5328 Joau.
1598 5254 1696 5328 Sc·
1758 5279 1943 5352 quos

396 5372 819 5470 baptisavit
877 5370 1144 5454 Jndas,
1215 5394 1367 5443 non
1443 5379 1621 5444 sant
1662 5372 1939 5445 ilerum

398 5486 874 5586 baptizandi,
925 5485 997 5558 si
1024 5509 1208 5581 qnos
1232 5487 1599 5577 horines,
1660 5488 1939 5562 ilerum

396 5603 855 5703 baptizandi
883 5607 1084 5676 sunt.

3487 402 3616 470 573

2160 578 2374 670 Item,
2445 576 2924 673 Augustinus
2994 573 3124 649 lib.
3206 573 3274 645 5.
3350 584 3617 647 contra

2061 696 2533 787 Donatistas,
2580 707 2757 770 ante
2792 693 3178 768 medium:
3226 692 3616 766 Dominus

2058 814 2290 886 Jesus
2348 812 2492 887 tali·
2527 813 2928 908 Baptismo
2970 810 3295 884 mandat
3349 807 3618 882 Eccle-

2055 929 2285 1020 siam,
2323 951 2468 1027 qao
2504 934 2809 1025 accepto
2887 925 3191 1000 nullum
3225 923 3447 1000 aliud
3496 947 3619 998 re-

2057 1044 2418 1142 quiritur,
2441 1050 2745 1141 accepto
2770 1049 3026 1117 lamen
3045 1043 3371 1115 Joanm's
3401 1042 3614 1137 Bap-

2057 1162 2308 1250 tismo,
2343 1160 2590 1234 adhuc
2632 1166 2799 1234 erat
2852 1158 3330 1233 dominicum
3398 1159 3617 1253 Bap-

2058 1277 2288 1350 tisma
2325 1275 2874 1351 necessarium.

3706 624 3911 687 Augus·

3688 744 3701 759 ·
3726 686 3892 736 tinus.

2648 1527 3043 1584 SCHOLIUM.

2129 1678 2407 1752 Baptizati
2469 1695 2572 1748 per
2627 1681 2911 1734 Joannem
2973 1675 3374 1747 rebaptizandi
3423 1680 3613 1732 erant.

2061 1772 2251 1837 Ratio,
2284 1768 2425 1839 quia
2457 1768 2791 1839 Baptismus
2821 1766 3065 1823 Joanuis
3096 1784 3211 1822 non
3259 1766 3368 1822 suit
3406 1766 3616 1822 Sacra-

2061 1864 2346 1921 mentum,
2379 1852 2450 1909 de
2481 1870 2596 1926 quo
2624 1854 2821 1908 datum
2856 1858 2944 1909 est
2977 1857 3329 1924 praecepturn
3363 1854 3489 1908 Act.
3525 1853 3612 1909 19.

2056 1950 2112 2000 et
2141 1942 2300 1999 Trid.
2338 1944 2495 2000 Sese.
2526 1943 2581 2000 6.
2616 1959 2666 1999 c.
2703 1958 2738 1998 ι.
2783 1941 2927 1998 Vide
2975 1942 3272 1998 Scholiuin
3325 1943 3383 1998 in
3429 1942 3610 2014 Oxou,

2058 2034 2174 2090 hta.
2231 2034 2289 2089 Si
2349 2039 2543 2088 tamen
2601 2032 2857 2089 Joannes
2937 2032 3249 2103 baptizavit
3318 2035 3614 2103 Baptismo

2056 2123 2292 2192 Christi,
2335 2128 2392 2179 et
2422 2123 2605 2179 forma
2634 2123 2788 2192 ejus,
2823 2137 2938 2177 non
2979 2131 3143 2178 erant
3192 2122 3615 2193 rebaptizandi,

2063 2231 2214 2286 quos
2271 2214 2355 2269 sic
2409 2212 2748 2284 baptizavit,
2792 2218 2850 2266 et
2889 2212 2974 2267 sic
3023 2213 3113 2282 pie
3161 2211 3369 2283 exponi
3424 2215 3614 2282 potest

2055 2306 2333 2377 Magister
2371 2305 2488 2374 hio,
2522 2310 2727 2361 tenens
2757 2305 3081 2376 baptizatos
3141 2320 3174 2359 a
3218 2303 3447 2361 Joanne
3498 2319 3612 2359 non

2059 2410 2190 2451 esse
2216 2395 2685 2467 rebaptizandos.

2155 2576 2611 2673 Respondeo
2645 2576 2739 2649 ad
2769 2575 3308 2672 quaestionem,
3344 2574 3609 2649 etdico
3768 2614 3830 2680 2·

2053 2694 2259 2792 quod
2292 2694 2687 2792 Baptisma
2729 2694 3052 2768 Joannis
3094 2702 3340 2792 potest
3386 2693 3612 2767 intel·
3641 2718 3949 2782 Baptismus

2055 2810 2190 2906 ligi
2236 2835 2387 2885 uno
2430 2810 2680 2894 modo,
2749 2810 2955 2907 quod
3006 2810 3418 2907 baptizavit
3451 2819 3610 2882 tan-
3668 2782 3937 2896 [33ἓῆῗῇ

2052 2936 2215 2999 tum
2248 2925 2325 2997 in
2372 2924 2686 2999 nomine
2741 2925 3079 3019 venturi,
3116 2937 3184 3000 et
3220 2926 3329 3000 sic
3371 2947 3610 2999 rema·
3638 2922 3966 3026 ,ffifffflfssss

2054 3042 2688 3138 nebantobligati
2722 3042 2818 3116 ab
2873 3065 2963 3116 eo
3024 3043 3118 3116 ad
3174 3032 3962 3140 suscipien-“wfflfiw-

2052 3156 2238 3231 dum
2306 3155 2698 3254 Baptisma
2773 3155 3102 3250 Christi3
3178 3155 3383 3231 unde
3451 3180 3603 3230 non

2052 3275 2259 3349 dedit
2320 3274 2469 3348 nisi
2532 3275 2951 3371 quamdam
3020 3273 3605 3372 dispositionem

2053 3390 2423 3487 praeviam
2449 3412 2583 3487 per
2615 3389 3091 3464 ablutionem
3116 3390 3604 3484 exteriorem,

2056 3516 2136 3581 ut
2178 3505 2537 3580 homines⁴
2601 3506 2901 3580 facilius
2962 3506 3481 3581 excitarentur
3537 3514 3611 3579 et

2054 3622 2608 3697 inducerentur
2675 3623 2767 3695 ad
2826 3622 3352 3719 recipiendum
3405 3623 3612 3721 Bap-

2053 3739 2281 3812 tisma
2318 3737 2626 3831 Christi,
2683 3736 2814 3811 ubi
2855 3737 3084 3812 datur
3160 3738 3450 3812 ablutio
3484 3738 3609 3811 in-

2053 3855 2288 3928 terior
2342 3854 2622 3928 animae
2667 3879 2713 3926 a
2779 3853 3136 3950 peccatis,
3183 3854 3380 3928 sicut
3445 3854 3609 3951 ipse

2053 3978 2457 4044 attestatur
2488 3969 2565 4042 in
2624 3969 2924 4042 Joanne
2984 3969 3049 4041 1.
3091 3969 3256 4067 qu
3303 3968 3608 4066 baptizo

2051 4111 2182 4162 vos
2229 4088 2310 4161 in
2334 4112 2572 4186 aqua3
2607 4094 2754 4161 stat
2792 4087 3089 4161 medius
3143 4094 3425 4179 autem,
3462 4097 3606 4162 etc.

2052 4203 2189 4302 qui
2266 4203 2606 4300 baptizat
2661 4202 2742 4276 in
2822 4201 3127 4300 Spiritu
3203 4210 3461 4277 sancto
3543 4210 3615 4278 el

2052 4320 2393 4394 veritate.
2432 4319 2580 4393 Sed
2623 4318 3021 4416 dispositio
3064 4321 3184 4393 vel
3230 4343 3612 4418 praepara-

2055 4436 2156 4510 tio
2189 4436 2282 4510 ad
2314 4435 2552 4527 atiud,
2599 4458 2752 4508 non
2788 4433 3071 4508 sufficit
3123 4436 3215 4508 ad
3256 4438 3605 4533 comple-

2050 4552 2338 4626 tionem
2383 4553 2589 4625 illius
2629 4551 2852 4648 cujus
2902 4559 3044 4644 est,
3110 4551 3282 4626 ideo
3337 4576 3609 4651 accep-

2049 4678 2123 4742 ta
2171 4667 2758 4766 praeparatione,
2815 4668 3067 4741 adhuc
3110 4691 3264 4740 non
3302 4668 3608 4742 induci-

2051 4794 2177 4859 tur
2211 4785 2617 4870 medicina,
2667 4784 2800 4858 sed
2842 4808 3158 4859 necesse
3200 4795 3314 4859 est
3360 4786 3606 4859 medi-

2051 4903 2301 4977 cinam
2339 4901 2587 4999 sequi,
2620 4908 2751 4974 aut
2783 4923 2949 4974 esse
2986 4900 3312 4997 frustra3
3350 4927 3532 4998 ergo
3558 4927 3602 4977 a

2054 5021 2281 5095 simili
2318 5022 3027 5117 quantumcumque
3088 5030 3290 5094 esset
3319 5020 3598 5117 aliquis

2052 5136 2502 5234 purificatus
2534 5135 3296 5232 BaptismoJoannis,
3347 5137 3599 5210 adhuc

2054 5253 2372 5326 ulterius
2406 5251 2838 5325 debetcum
2891 5251 3281 5346 Baptismo
3319 5250 3597 5324 Christi

2048 5366 2481 5443 emundari.

2150 5482 2692 5575 Confirmatur,
2729 5481 2805 5553 in
2841 5483 3321 5557 naturalibus
3356 5485 3596 5558 forma

2047 5604 2466 5703 requiritur
2497 5601 2757 5676 induci
2790 5613 2962 5700 post
3010 5603 3592 5701 dispositionem
