4295 6326
1496 388 1718 458 DIST.
1770 382 2024 456 XVIll.
2081 381 2499 462 QUAESTIO
2549 380 2601 452 l.

420 559 548 658 pio
576 562 906 658 perfecte
949 562 1290 660 agnovit,
1344 560 1509 637 sine
1552 558 1682 633 tali
1735 559 1970 655 syllo-

337 686 340 689 “
421 678 827 773 gizatione,
882 690 957 754 et
997 679 1167 755 ideo
1224 679 1303 752 in
1362 676 1675 752 instanti
1720 674 1966 774 primo

423 794 670 890 potuit
710 817 879 869 esse
921 794 1221 884 electi0,
1264 794 1470 870 unde
1522 792 1793 868 electio
1851 800 1967 864 est

422 920 638 983 actus
670 910 992 1008 simplex
1045 910 1137 985 de
1179 934 1288 986 se.

937 1224 1299 1283 SCHOLIUM
1347 1224 1439 1280 IV.

497 1387 788 1444 Christum
847 1404 964 1446 non
1025 1388 1305 1444 meruisse
1361 1405 1529 1445 suam
1612 1388 1967 1455 fruitionem,

425 1479 560 1551 quia
587 1478 693 1534 fuit
727 1479 953 1551 primus
983 1484 1152 1535 aetus
1182 1480 1307 1550 ejus
1337 1498 1352 1548 ς
1387 1482 1704 1550 εεῐροιιῑτο,
1750 1477 1968 1536 Albert.

423 1569 542 1637 hio,
573 1574 685 1625 ert.
719 1570 771 1625 4.
804 1574 863 1624 et
893 1568 1062 1625 alios.
1096 1569 1322 1625 Tenent
1353 1568 1544 1625 Alene.
1578 1569 1632 1624 3.
1668 1585 1720 1639 ρ.
1765 1575 1966 1640 quaest.

423 1659 511 1714 17.
543 1658 759 1715 memb.
792 1658 845 1714 3.
879 1658 1044 1715 ertio.
1075 1676 1110 1714 ι.
1134 1658 1200 1714 D.
1231 1658 1436 1715 Thom.
1469 1659 1522 1713 3.
1557 1676 1611 1730 p.
1645 1666 1844 1730 quaest.
1881 1658 1967 1714 19.

421 1750 534 1804 art.
562 1747 612 1805 3.
649 1747 716 1803 D.
749 1747 1061 1804 Benevent.
1097 1747 1368 1804 Richard.
1403 1748 1587 1817 citati,
1621 1752 1676 1802 et
1706 1762 1967 1803 commu·

424 1837 534 1895 nis.
570 1838 660 1892 An
687 1852 817 1893 vero
850 1838 1103 1910 potuerit
1132 1839 1200 1892 de
1240 1837 1493 1908 potentie
1543 1835 1807 1892 absoluta
1858 1852 1972 1892 me·

423 1928 534 1984 reri
589 1927 926 1984 fruitionem
958 1927 987 1982 ⁴?
1045 1927 1155 1984 Alii
1216 1928 1399 1997 aiunt,
1457 1926 1552 1982 alii
1606 1934 1816 1999 negant
1850 1945 1864 1994 ς
1914 1932 1971 1983 et

422 2017 748 2074 seeundum
787 2016 950 2073 Dect.
979 2017 1393 2073 affirmandum
1426 2017 1666 2073 videtur.
1721 2015 1865 2073 Vide
1907 2016 1968 2071 in

423 2109 609 2166 Oxou.
641 2108 834 2165 Sobel.
867 2109 961 2167 bfo
995 2126 1156 2166 num.
1191 2109 1278 2166 12.

187 2341 294 2408 12·
419 2370 426 2377 .
526 2304 928 2397 Hoc'viso,
1000 2303 1339 2378 secundo
1393 2302 1970 2402 videndum'jest

83 2421 613 2526 eiectio-mquid
681 2422 1034 2496 Christus
1103 2419 1442 2496 meruit?
1497 2419 1685 2494 Dico
1763 2419 1969 2517 quod

81 2522 218 2641 ξῗὲξῗ
247 2532 382 2645 ξῗὲ,
421 2566 582 2617 non
632 2541 909 2617 meruit
950 2539 1094 2614 sibi
1167 2537 1635 2632 fruitionem,
1683 2538 1865 2635 quia
1904 2537 1965 2611 si

78 2647 386 2758 ξ’ξξξζξξξξξ
420 2660 562 2754 sic,
622 2669 754 2736 aut
810 2658 1256 2756 operatione
1326 2656 1578 2732 elicita
1636 2656 1838 2730 circa
1879 2680 1970 2730 ea

418 2802 602 2877 quae
647 2785 828 2852 sunt
868 2777 961 2850 ad
1031 2774 1295 2868 finem,
1334 2783 1465 2849 aut
1523 2774 1968 2872 operatione

415 2895 625 2971 circa
663 2894 898 2969 finem
942 2892 1223 2991 ipsum.
1282 2891 1452 2965 Non
1511 2890 1757 2989 primo
1804 2914 1972 2963 mo-

413 3012 546 3104 do,
595 3008 777 3107 quia
809 3007 1145 3107 primum
1178 3014 1430 3081 actum
1467 3004 1734 3080 habuit
1765 3003 1970 3079 circa

417 3127 658 3203 finem
702 3125 1050 3219 fruend0,
1088 3132 1160 3199 et
1202 3122 1653 3223 priusquam
1701 3122 1968 3197 habuit

411 3246 625 3320 circa
665 3244 900 3337 aliud,
946 3251 1020 3318 et
1067 3242 1129 3317 si
1176 3241 1531 3316 meritum
1584 3239 1724 3315 fuit
1763 3240 1967 3315 circa

410 3361 758 3460 aliquod,
799 3359 1180 3456 obJectum
1241 3357 1494 3431 visum
1551 3356 1627 3429 in
1679 3355 1961 3450 Verb0,

408 3479 537 3554 vel
603 3478 871 3567 multa,
918 3472 1345 3549 secundum
1397 3471 1601 3546 viam
1670 3495 1966 3570 praece-

406 3595 755 3686 dentem,
791 3599 872 3666 ut
892 3591 1097 3666 circa
1115 3588 1467 3679 Matrem,
1495 3588 1618 3663 vel
1648 3589 1959 3681 electOS,

407 3710 747 3787 volendo
843 3707 954 3783 eis
1041 3703 1627 3797 beatitudinem,
1709 3705 1962 3778 adhuc

405 3827 811 3928 praecessit
867 3823 1206 3924 operatio
1278 3822 1482 3897 circa
1553 3821 1787 3903 finem
1844 3823 1965 3920 ip-

407 3971 621 4039 sum,
704 3943 995 4019 scilicet
1060 3940 1473 4016 essentiam
1572 3939 1648 4012 in
1723 3940 1964 4014 tribus

60 4052 374 4171 „ffssgssffit
408 4064 797 4167 personis.
864 4061 1023 4136 Nec
1073 4069 1237 4134 actu
1318 4057 1727 4150 fruitionis,
1810 4081 1962 4155 quo

111 4178 321 4295 szuggo-
408 4183 816 4260 fruebatur
856 4177 1248 4269 Trinitate,
1298 4174 1574 4250 meruit
1612 4174 1957 4250 eamdem

272 4281 285 4294 ⁹
404 4300 889 4391 fruitionem,
926 4294 1107 4394 quia
1148 4295 1291 4367 hoc
1334 4315 1488 4365 non
1531 4301 1645 4366 est
1676 4290 1955 4379 dicere,

405 4416 568 4491 nisi
647 4413 832 4512 quia
920 4409 1198 4485 meruit
1286 4407 1721 4482 fruitionem
1778 4407 1962 4504 quia

403 4528 689 4606 hahuit
730 4525 1204 4615 fruitionem,
1257 4522 1380 4596 vel
1445 4520 1745 4613 meruit,
1779 4519 1961 4617 quia

398 4647 626 4721 Deus
695 4642 900 4718 dedit
955 4649 1240 4727 actum,
1297 4635 1500 4735 quod
1537 4635 1728 4709 nihil
1797 4645 1954 4730 est;

397 4763 617 4838 idem
679 4759 887 4836 enim
947 4767 1163 4833 actus
1224 4778 1378 4828 non
1441 4761 1688 4851 potest
1790 4776 1956 4828 esse

397 4877 855 4956 meritorius
895 4875 1014 4949 sui
1058 4873 1329 4972 ipsiuS,
1381 4869 1738 4968 quamvis
1779 4894 1960 4968 pos-

390 4998 498 5073 sit
573 5019 742 5071 esse
806 4991 1151 5068 alterius.
1213 4989 1424 5063 Deus
1473 4985 1709 5081 igitur
1768 4986 1960 5061 libe-

392 5114 672 5190 raliter
703 5112 869 5185 sine
915 5107 1184 5182 merito
1244 5103 1727 5204 praecedente
1774 5125 1964 5176 con-

376 5229 657 5331 junxit
721 5227 1198 5300 voluntatem
1243 5219 1412 5313 fini,
1456 5218 1577 5292 vel
1635 5218 1962 5292 termino

383 5374 536 5451 per
607 5345 1083 5437 fruitionem,
1154 5341 1258 5414 ita
1310 5338 1516 5438 quod
1578 5360 1732 5410 non
1805 5361 1964 5413 me-

382 5466 553 5543 ruit
635 5462 781 5539 sibi
847 5459 1322 5535 fruitionem.
1381 5452 1604 5528 Unde
1671 5455 1966 5550 Augus-

384 5583 613 5657 tinus
682 5577 797 5650 13.
893 5577 986 5651 de
1061 5574 1274 5649 Trin.
1350 5593 1521 5669 cap.
1595 5567 1711 5641 19.
1785 5570 1964 5645 dicit

587 5723 726 5779 Tou.
769 5720 960 5777 xxm.

3493 379 3620 448 385

2078 555 2283 652 quod
2355 578 2658 630 summa
2723 556 2976 654 qratia
3033 562 3166 650 esl,
3238 553 3444 654 quod
3495 553 3622 627 ho-

2076 694 2200 745 mo
2268 671 2711 767 injunz‘tate
2757 697 3116 772 personae
3167 673 3622 768 conjunctus

2076 797 2187 864 est
2261 790 2456 864 Deo.
2524 790 2892 877 Quamvis
2963 792 3302 890 loquitur
3365 788 3468 862 ibi
3526 788 3621 862 de

2075 905 2323 1002 gratia
2396 907 2729 1000 unionis,
2766 907 2840 980 id
2903 917 3042 1002 est,
3088 907 3423 1004 gratuita
3478 904 3616 978 Dei

2075 1023 2471 1097 voluntate
2519 1024 2858 1118 uniente,
2905 1034 3161 1099 tamen
3229 1025 3321 1098 ad
3395 1022 3621 1096 unio-

2078 1162 2253 1214 nem
2313 1139 2535 1213 istam
2615 1142 3219 1216 concomitanter
3272 1139 3623 1237 sequitur

2074 1255 2322 1351 gratia
2382 1255 2763 1332 fruitionis
2818 1258 2911 1331 de
2967 1259 3190 1349 facto,
3254 1256 3425 1330 ideo
3484 1255 3621 1329 fuit

2075 1394 2379 1445 summa
2459 1373 2704 1468 gratia
2761 1374 2927 1448 sine
2992 1374 3281 1448 meritis
3342 1396 3621 1471 praece-

2074 1487 2460 1578 dentibuS,
2506 1491 2627 1564 vel
2673 1490 2941 1565 merito
2985 1492 3272 1589 aliquo,

2174 1607 2482 1702 Contra,
2519 1610 2927 1705 gloriosius
2959 1611 3375 1685 esthabere
3418 1632 3620 1707 prae-
3773 1630 3876 1696 13,

2080 1723 2315 1797 mium
2359 1748 2450 1799 ex
2494 1725 2762 1799 merito
2796 1750 3028 1823 quam
3085 1726 3251 1800 sine
3297 1725 3614 1820 merit03
3649 1744 3886 1809 ObJectio
3928 1748 3970 1794 1.

2075 1863 2259 1936 ergo
2302 1842 2446 1915 hoc
2493 1842 2819 1918 maxime
2877 1844 3325 1943 ponendum
3388 1852 3502 1918 est
3541 1843 3620 1916 in

2076 1957 2405 2032 Christe.

2174 2071 2584 2165 Praeterea,
2615 2072 2969 2170 prioritas
2998 2083 3177 2148 natu
3191 2097 3295 2149 rae
3320 2073 3621 2148 videtur
3649 2103 3888 2168 objectio
3921 2106 3967 2155 2.

2075 2185 2429 2262 sufficere
2506 2189 2599 2261 ad
2689 2189 3099 2284 meritum3
3175 2214 3357 2288 ergo
3442 2214 3617 2263 cum

2077 2304 2275 2381 inter
2317 2307 2794 2381 voluntatem
2845 2318 2919 2383 et
2974 2317 3227 2383 actum
3280 2307 3619 2393 elicitum

2077 2422 2317 2520 possit
2347 2447 2513 2499 esse
2558 2424 2913 2521 prioritas
2947 2435 3272 2519 naturae,
3319 2426 3622 2499 videtur

2075 2540 2282 2635 qu‘od
2369 2542 2513 2614 hoc
2573 2540 2905 2616 sufficiat
2960 2543 3051 2616 ad
3162 2543 3616 2617 merendum

2075 2655 2543 2742 fruitionem,
2596 2658 2715 2731 vel
2775 2658 2972 2732 idem
3037 2667 3253 2733 actus
3289 2669 3369 2732 ut
3409 2660 3619 2757 prior

2075 2771 2328 2870 seipso
2370 2782 2673 2866 natura,
2737 2783 2984 2872 potest
3041 2798 3208 2849 esse
3258 2775 3615 2849 meritum

2077 2898 2423 2986 respectu
2470 2888 2588 2963 sui
2624 2889 2893 2986 ipsius.

2171 3005 2283 3077 Ad
2344 3004 2675 3103 primum
2721 3006 3031 3103 quando
3072 3007 3349 3081 dicitur
3410 3008 3613 3105 quod
3648 3042 3883 3110 Μηλιᾶ
3919 3047 3964 3093 ι,

2074 3120 2489 3219 gloriosius
2522 3132 2636 3196 est
2668 3123 2979 3218 hahere,
3014 3135 3155 3200 etc.
3193 3124 3477 3200 Verum
3506 3135 3621 3201 est

2074 3237 2165 3312 de
2236 3238 2582 3336 praemiO,
2629 3240 2835 3337 quod
2904 3251 3153 3339 potest
3220 3242 3485 3316 haberi
3530 3266 3623 3316 ex

2077 3355 2395 3452 meritis,
2440 3355 2572 3431 sed
2631 3358 2801 3432 haec
2860 3358 3300 3455 conjunctio
3344 3359 3623 3436 animae

2073 3472 2355 3547 Christi
2433 3496 2569 3571 per
2635 3483 2893 3547 actum
2962 3475 3401 3551 beatificum
3488 3477 3627 3553 suit

2074 3599 2311 3682 tanta,
2380 3600 2455 3664 et
2535 3601 2688 3665 tam
2761 3594 3175 3687 excellens,
3241 3596 3446 3691 quod
3528 3596 3620 3669 ad

2077 3704 2298 3781 istam
2372 3730 2526 3779 non
2598 3708 2844 3804 potuit
2902 3711 3335 3806 praecedere
3408 3713 3624 3785 meri-

2074 3832 2263 3910 tum,
2311 3832 2385 3898 et
2431 3823 2769 3900 nobilius
2809 3835 2923 3900 est
2963 3827 3245 3902 habere
3288 3852 3379 3903 ex
3429 3829 3622 3903 libe-

2073 3941 2369 4015 ralitate
2411 3941 2664 4015 dantis
2705 3952 2988 4036 actum,
3046 3944 3137 4017 ad
3191 3968 3416 4042 quem
3465 3970 3618 4020 non

2072 4065 2321 4154 potest
2405 4058 2837 4154 praecedere
2928 4060 3308 4146 meritum,
3384 4084 3615 4159 quam

2068 4181 2322 4247 actum
2383 4172 2710 4247 debilem
2755 4198 2929 4247 cum
2989 4176 3258 4250 merito
3324 4202 3616 4275 praece-

2067 4292 2319 4365 dente.
2380 4291 2599 4366 Unde
2660 4294 2805 4367 hoc
2861 4318 3013 4368 non
3066 4305 3180 4370 est
3240 4297 3609 4375 vilificare
3640 4285 3960 4352 M³⁸⁰³‘⁰d⁰

2066 4409 2616 4483 beatitudinem
2672 4411 2979 4505 Christi,
3043 4414 3175 4488 sed
3243 4419 3602 4514 exaltare,
3636 4351 3899 4525 (310ὶῖῑὲΙέ

2065 4526 2273 4623 quod
2306 4526 2445 4599 fuit
2477 4535 2711 4623 tanta,
2748 4529 2953 4624 quod
2987 4553 3138 4604 non
3174 4533 3419 4629 potuit
3461 4560 3608 4610 me·
3636 4489 3961 4613 hebgssgffig·

2064 4643 2242 4729 reri,
2290 4654 2363 4717 et
2419 4643 2586 4717 ideo
2632 4667 2783 4718 non
2836 4645 3099 4721 fuisset
3174 4649 3604 4744 gloriosior,
3662 4614 3930 4740 rgffifiznt

2064 4760 2129 4834 si
2195 4760 2461 4834 fuisset
2505 4761 2765 4835 habita
2825 4784 2916 4834 ex
2958 4763 3274 4839 meritis.
3324 4769 3413 4843 Et
3459 4772 3604 4847 hoc
3653 4729 3935 4861 Ἓῖῗμὲιῖ

2065 4875 2369 4951 videtur
2392 4877 2873 4971 rationabile,
2912 4879 3095 4977 quia
3122 4881 3320 4957 sicut
3343 4885 3420 4958 in
3446 4911 3605 4963 esse
3672 4866 3912 4967 carffine

2064 5003 2363 5069 naturae
2405 4994 2613 5068 Deus
2653 4996 2941 5070 creavit
2997 4998 3337 5097 aliquam
3393 5016 3609 5079 natu-

2067 5134 2257 5203 ram,
2358 5110 2647 5185 scilicet
2719 5111 3131 5208 Angelum,
3205 5118 3299 5191 ad
3376 5142 3607 5216 quam

2066 5226 2475 5300 creandam
2522 5249 2676 5299 non
2712 5228 2957 5324 potuit
2997 5235 3392 5329 cooperari
3437 5260 3608 5310 cau-

2065 5343 2328 5418 salitas
2379 5366 2635 5417 causae
2676 5346 3069 5440 secundae,
3131 5350 3240 5423 sic
3298 5363 3609 5452 propter

2068 5460 2615 5560 perfectionem
2678 5459 2851 5534 talis
2934 5463 3043 5537 rei
3104 5464 3182 5538 in
3277 5491 3438 5543 esse
3528 5472 3602 5545 in

2068 5600 2351 5674 genere
2399 5577 2657 5670 moriS,
2703 5577 2909 5653 Deus
2941 5582 3228 5656 creavit
3266 5585 3601 5684 aliquem

3380 5734 3446 5786 25
