4295 6326
1433 338 1660 408 DIST.
1712 334 2003 404 XXXV.
2057 331 2474 413 QUAESTIO
2526 333 2762 403 UNlC.

456 526 935 603 definiuntur
1001 529 1360 599 concreta
1414 511 1773 615 ponendo
1826 508 1999 585 sub-

445 648 732 745 jectum
774 647 936 719 loco
969 641 1303 740 generis,
1349 646 1422 713 et
1461 640 1726 710 contra
1759 630 1998 727 leqem

452 764 635 857 Dei,
671 770 784 837 est
824 760 1138 835 formale
1173 757 1247 829 in
1305 758 1643 853 peccato.
1708 743 2001 820 Simili-

453 891 570 955 ter
602 884 1001 977 peccatum
1034 882 1143 950 est
1180 870 1532 948 voluntas
1577 861 2005 960 recipiendi

456 996 664 1098 quod
705 993 1022 1096 justitia
1077 996 1330 1081 vecat3
1400 984 1751 1060 voluntas
1805 978 2004 1052 reci-

447 1113 723 1214 piendi
817 1119 931 1186 est
1024 1106 1486 1204 subjectum,
1593 1097 1722 1174 sed
1821 1094 2011 1193 quid

440 1230 755 1333 justitia-
821 1232 1046 1319 vetat,
1128 1231 1244 1299 est
1336 1215 1791 1306 differentia,
1882 1212 2003 1286 vel

461 1346 805 1437 formale,
861 1343 966 1417 ita
1020 1338 1227 1439 quod
1290 1335 1606 1411 vetitum
1676 1337 1790 1406 est
1855 1328 2007 1401 for-

462 1464 658 1537 male
692 1460 770 1534 in
811 1466 1148 1559 peccato.

201 1633 280 1697 Η
558 1581 667 1653 Ex
713 1577 833 1652 his
891 1573 1242 1673 sequitur
1304 1566 1760 1657 secundum,
1805 1558 2007 1659 quod

292 1684 308 1699 ’
460 1695 884 1795 principale
961 1692 1039 1764 in
1099 1695 1415 1788 peccato
1492 1692 1607 1758 est
1677 1676 2004 1754 aversio.

462 1814 613 1889 Sed
654 1813 800 1885 hoc
858 1815 1106 1907 potest
1171 1801 1498 1898 intelligi
1543 1795 2003 1897 dupliciter:

463 1930 723 2005 Potest
796 1924 1004 2001 enim
1072 1919 1361 2020 aliquid
1431 1914 1670 1992 averti
1739 1936 1784 1987 a
1851 1911 2010 1984 Deo

463 2043 911 2136 formaliter,
984 2040 1105 2115 vel
1186 2032 1644 2110 virtualiter.
1753 2027 2012 2102 Primo

466 2161 690 2237 modo
726 2158 1005 2234 dicitur
1036 2151 1440 2237 contrarie,
1472 2149 1593 2223 vel
1627 2143 2008 2241 negative.

468 2276 894 2369 Contrarie,
940 2282 1022 2347 ut
1053 2270 1266 2348 odire
1308 2268 1586 2358 Deum,
1622 2262 1683 2337 si
1727 2263 1872 2334 hoc
1921 2256 2017 2333 sit

467 2395 831 2498 possibile
871 2392 949 2465 in
994 2388 1364 2491 entibus,
1424 2381 1806 2482 negative,
1859 2399 2014 2453 non

114 2550 407 2602 Aversioa
469 2513 788 2610 diligere
828 2510 1109 2593 Deum,
1177 2502 1487 2603 quando
1537 2506 1857 2597 oportet.
1928 2497 2020 2568 Et

140 2613 409 2734 {2323}ss
471 2638 744 2706 neutro
777 2620 1540 2721 istorum{modorum
1573 2620 1821 2714 potest
1869 2608 2017 2684 dici

156 2739 408 2852 “23⁸3ss
477 2741 1046 2834 universaliter,
1082 2736 1284 2836 quod
1337 2754 1567 2810 omne
1617 2736 2017 2829 peccatum

473 2873 588 2941 est
644 2858 942 2939 aversio
1011 2879 1057 2931 a
1110 2855 1273 2929 Deo
1340 2846 1787 2926 formaliter.
1848 2843 2018 2918 Alio

480 2981 703 3055 modo
775 2975 1055 3051 dicitur
1154 2967 1456 3046 aversio
1557 2963 2017 3051 virtualiter,

478 3096 787 3200 quando
829 3090 1110 3191 aliquis
1150 3085 1425 3165 avertit
1455 3080 1893 3157 immediate
1941 3102 2022 3154 se

477 3216 573 3293 ab
638 3214 797 3309 illo,
869 3209 1075 3308 quod
1150 3214 1266 3282 est
1337 3199 1861 3278 necessarium
1929 3198 2024 3272 ad

480 3336 853 3423 salutem;
891 3327 1090 3403 sicut
1128 3322 1437 3422 quando
1480 3317 1760 3416 aliquis
1800 3322 2030 3411 negat

481 3447 1086 3537 conclusionem,
1124 3463 1301 3539 quae
1332 3435 1759 3512 virtualiter
1790 3433 2030 3506 inclu-

480 3568 684 3642 ditur
758 3563 838 3639 in
907 3558 1313 3661 principio,
1402 3554 1566 3653 ipse
1661 3550 2032 3626 avertitur

480 3682 896 3763 formaliter
934 3703 981 3754 a
1019 3671 1544 3760 conclusione,
1600 3667 2033 3743 virtualiter

481 3827 526 3878 a
602 3795 1009 3900 principio.
1095 3791 1221 3865 Sic
1297 3788 1377 3861 in
1463 3783 1832 3863 ordinatis
1938 3782 2031 3856 ad

485 3919 811 3994 salutern
863 3906 1330 3999 necessario,
1387 3902 1696 4002 quando
1751 3898 2035 3997 aliquis

487 4032 762 4114 avertit
818 4053 901 4106 se
978 4028 1073 4103 ab
1135 4024 1426 4123 aliqu0,
1497 4019 1705 4118 quod
1769 4026 1884 4092 est
1941 4017 2035 4090 ad

489 4153 724 4229 finem
808 4142 1331 4223 necessarium
1415 4135 1816 4214 aversione
1882 4133 2039 4207 for-

188 4288 253 4338 1n
277 4285 428 4362 otpui
496 4270 706 4365 mali,
747 4261 1178 4343 virtualiter
1209 4256 1578 4334 avertitur
1635 4276 1681 4328 a
1736 4250 1919 4346 fine,
1967 4261 2042 4326 et

132 4351 465 4464 mgssrlssi'ff‘
496 4395 782 4490 quanto
824 4382 1013 4459 illud
1054 4403 1100 4455 a
1129 4400 1283 4477 quo
1337 4371 1706 4450 avertitur
1762 4370 2044 4444 forma—

133 4476 440 4590 m‘i'ssgi‘
496 4509 697 4601 liter,
744 4509 891 4587 *est
960 4492 1473 4599 propinquius
1561 4487 1727 4584 fini,
1832 4495 2042 4562 tanto

496 4625 714 4726 pejor
743 4630 859 4696 est
889 4618 1022 4692 illa
1050 4611 1352 4690 aversio
1400 4606 1767 4697 formalis,
1813 4615 2047 4681 caete-

498 4741 605 4816 ris
635 4736 988 4839 paribus;
1024 4732 1195 4807 ideo
1229 4727 1491 4803 odium
1523 4724 1691 4819 Dei,
1728 4722 1790 4797 si
1822 4720 2044 4797 estin

497 4870 802 4947 natura,
907 4861 1024 4929 est
1106 4846 1526 4923 maximum
1618 4850 2044 4941 peccatum,

188 5006 449 5077 pecata,
501 4976 810 5069 deinde,
853 4968 1153 5048 aversio
1209 4962 1549 5041 formalis
1608 4982 1651 5033 a
1699 4960 2051 5034 Deo-ne-

141 5072 377 5182 322³„
405 5081 781 5197 r1ilgative,
848 5098 922 5164 et
987 5083 1262 5161 deinde
1334 5077 1632 5154 aversio
1701 5074 2052 5149 virtualis

139 5192 475 5308 magam.
504 5206 1038 5318 propinquior.
1133 5197 1503 5276 Graviora
1582 5191 1787 5268 enim
1873 5200 2054 5266 sunt

503 5356 683 5433 quae
722 5336 903 5404 sunt
963 5329 1229 5398 contra
1302 5314 1626 5415 primam
1685 5310 2046 5394 tabulam,

508 5471 740 5549 quam
833 5449 1099 5518 contra
1199 5430 1647 5521 secundam,
1756 5424 2052 5500 caeteris

510 5563 827 5667 paribus
871 5587 889 5653 3
939 5564 1013 5631 et
1060 5551 1169 5627 sic
1224 5570 1451 5641 omne
1497 5550 1894 5643 peccatum
1941 5549 2055 5615 est

3530 331 3656 398 183

2106 507 2403 581 aversio
2454 531 2500 582 a
2554 506 2746 581 bono
2825 505 3443 582 incommutabili
3505 504 3652 578 vir-

2107 623 2418 699 tualiter
2464 623 2589 698 vel
2655 624 3116 721 formaliter.
3181 623 3367 696 Dico
3419 621 3653 717 igitur
3684 613 4010 743 lilissstiffffi'c-

2110 740 2314 838 quod
2367 739 2786 838 principale
2839 741 2914 813 in
2968 750 3278 838 peccato
3329 761 3485 812 non
3540 746 3651 810 est
3686 743 4009 861 ⁰⁸‡{„}5⁸},‚⁸·

2111 856 2513 931 conversio
2568 857 2661 930 ad
2729 856 3019 934 bonum
3061 854 3648 938 commutabile;
3716 876 3825 913 non
3859 878 3981 916 con.

2113 973 2245 1047 sed
2306 973 2603 1047 aversio
2672 996 2716 1046 a
2775 974 2976 1048 bono
3016 969 3653 1055 incommutabili,
3751 928 3944 980 mm·

2115 1113 2352 1188 quare
2395 1089 2794 1163 conversio
2828 1090 2919 1164 ad
2980 1090 3270 1163 bonum
3330 1111 3666 1162 commu-

2114 1202 2345 1277 tabile
2409 1226 2562 1275 non
2627 1202 3043 1277 formaliter
3098 1201 3514 1301 opponitur
3547 1199 3665 1272 di-

2116 1318 2423 1394 lectioni
2466 1319 2631 1394 Dei.
2681 1319 2844 1394 Hoc
2872 1328 3078 1417 patet
3117 1343 3252 1417 per
3303 1316 3666 1414 Augusti-

2117 1458 2305 1507 num
2349 1433 2464 1505 12.
2510 1435 2603 1508 de
2635 1433 2855 1508 Civit.
2915 1434 3056 1509 Dei
3116 1457 3280 1532 cap.
3338 1433 3408 1505 4.
3479 1431 3662 1505 Ideo

2119 1551 2442 1645 malum,
2474 1552 2655 1649 quia
2694 1559 2958 1627 contra
2986 1551 3335 1627 ordinem
3363 1554 3663 1625 naturae

2120 1672 2313 1772 eju-3,
2349 1695 2395 1744 a
2425 1693 2569 1767 quo
2606 1693 2903 1744 summe
2943 1675 3053 1744 est
3099 1698 3118 1763 3
3173 1669 3407 1766 igitur
3456 1690 3668 1742 aver-

2122 1786 2236 1860 sio
2296 1796 2410 1860 est
2468 1796 2739 1879 totum,
2790 1786 2995 1883 quod
3056 1793 3171 1860 est
3225 1786 3315 1860 de
3372 1784 3666 1858 ratione

2123 1902 2438 2001 peccati,
2472 1901 2655 1999 quia
2685 1910 2952 1976 contra
2980 1902 3455 1976 voluntatem
3496 1900 3663 1975 Dei.

2123 2018 2524 2094 Discordia
2596 2017 2831 2116 igitur
2892 2028 3007 2093 est
3109 2018 3312 2093 mala
3404 2018 3671 2114 regula

2125 2165 2294 2233 sua,
2331 2139 2514 2237 quia
2545 2136 2981 2213 necessaria
3020 2147 3134 2213 est
3164 2137 3257 2212 ad
3311 2137 3667 2225 salutem,

2126 2265 2200 2331 et
2275 2253 2615 2330 carentia
2688 2253 3037 2328 virtualis
3095 2261 3209 2328 est
3276 2253 3475 2326 mala
3534 2275 3670 2349 pro

2126 2382 2496 2469 tempore,
2542 2394 2678 2469 pro
2739 2394 2891 2467 quo
2946 2381 3061 2445 est
3114 2368 3484 2444 rectitudo
3532 2392 3674 2442 ne-

2126 2490 2461 2566 cessaria
2500 2489 2592 2564 ad
2634 2490 2988 2564 salutem.
3054 2489 3202 2564 Per
3257 2490 3404 2562 hoc
3464 2496 3671 2585 patet

2128 2609 2220 2684 ad
2262 2606 2687 2682 secundum
2720 2605 3158 2704 quaesitum.

2664 2906 3031 2965 SCHOLIUM
3072 2909 3142 2963 V.

2207 3058 2470 3133 Explicat
2551 3058 2838 3131 quomodo
2927 3064 3160 3130 peccata
3235 3056 3682 3130 distinguuntur

2134 3149 2328 3223 specie
2350 3157 2403 3207 et
2435 3166 2699 3218 numero,
2722 3149 2885 3220 juxta
2904 3148 3338 3206 distinctionem
3388 3146 3681 3205 rectitudi-

2135 3260 2299 3313 num,
2334 3243 2551 3315 quibus
2582 3242 2824 3313 privant.

2234 3423 2348 3497 De
2393 3419 2639 3515 tertio,
2697 3419 3094 3519 supposito
3161 3420 3366 3517 quod
3416 3442 3689 3519 pecca·
3831 3453 3942 3518 12,

3771 3571 3989 3622 Peccata

2138 3552 2303 3617 tum
2362 3541 2460 3616 sit
2536 3540 2951 3616 formaliter
3020 3539 3321 3614 aversio
3389 3562 3434 3613 a
3490 3538 3680 3626 Dec,

2144 3659 2530 3758 quomodo
2564 3656 3147 3754 distinguuntur
3177 3664 3488 3755 peccata
3525 3677 3690 3753 spe·
3720 3630 4041 3761 ,ἓξὲξᾟῗζ

2144 3778 2260 3854 cie
2303 3775 2344 3848 Ῥ
2399 3776 2586 3851 Dico
2646 3775 2851 3873 quod
2910 3772 3381 3872 privationes
3430 3772 3691 3847 distin·
3759 3759 4012 3872 unffi-in-

2145 3902 2495 3991 guuntur
2562 3890 2817 3989 specie
2881 3914 3018 3988 per
3078 3889 3411 3979 habituS,
3493 3889 3692 3963 sicut

2149 4010 2481 4086 surditas
2565 4016 2639 4083 et
2726 4007 3030 4083 caecitas
3113 4007 3695 4103 distinguuntur

2150 4128 2404 4228 specie
2454 4149 2590 4225 per
2638 4127 2785 4200 hoc
2851 4124 3055 4223 quod
3115 4123 3423 4198 habitus
3454 4147 3699 4223 oppo-

2153 4241 2275 4317 siti
2343 4238 2951 4336 distinguuntur.
3011 4234 3137 4311 Sic
3195 4235 3495 4311 aversio
3549 4235 3700 4309 vir-

2154 4360 2384 4436 tualis
2445 4382 2491 4433 a
2541 4358 2700 4433 Deo
2756 4355 2959 4432 circa
3028 4354 3332 4430 diversa
3404 4354 3701 4452 objecta

2156 4474 2508 4553 formalia
2612 4469 3140 4570 distinguitur,
3251 4471 3405 4546 imo
3499 4471 3702 4550 circa

2158 4592 2359 4667 idem
2420 4589 2834 4688 objectum,
2906 4587 3090 4686 quia
3156 4585 3529 4662 rectitudo
3588 4598 3701 4663 est

2160 4709 2310 4784 alia
2350 4718 2424 4784 et
2472 4705 2650 4801 alia,
2705 4728 2938 4804 quam
2987 4712 3296 4779 tenetur
3342 4705 3702 4779 voluntas

2162 4827 2571 4902 observare
2615 4833 2968 4924 respectu
3019 4821 3251 4919 hujus
3283 4820 3587 4920 obJecti,
3632 4833 3707 4898 et

2165 4954 2513 5044 respectu
2548 4944 2783 5040 illius,
2833 4951 2907 5019 et
2954 4951 3299 5039 respectu
3361 4941 3705 5038 ejusdem

2164 5065 2439 5163 objecti
2497 5073 2872 5161 quantum
2943 5060 3038 5135 ad
3127 5058 3470 5149 diversas
3563 5060 3707 5135 cir-

2166 5182 2694 5259 cumstantias.
2741 5178 3086 5254 Primum
3129 5186 3361 5274 patet,
3416 5178 3710 5253 scilicet

2168 5301 2369 5402 quod
2452 5299 2895 5376 aversiones
2997 5295 3362 5370 differunt
3454 5298 3708 5394 specie

2166 5428 2476 5521 propter
2525 5418 2828 5492 diversa
2884 5413 3205 5511 objecta,
3261 5414 3442 5510 quia
3491 5415 3712 5489 aliter

2142 5534 2613 5637 ⁵praecipitur
2665 5534 2743 5606 in
2777 5557 2933 5608 uno
2975 5539 3357 5630 praecepto
3399 5553 3710 5630 respec-
