4295 6326
635 408 765 479 858

640 585 848 661 sitin
889 585 1234 683 potentia
1293 583 1756 683 propinqua,
1811 588 2184 679 quantum

643 725 737 777 ex
769 711 982 799 parte
1006 701 1150 787 sui,
1186 702 1319 776 sed
1353 700 1536 798 quia
1572 700 2003 773 intellectus
2035 721 2190 769 non

647 829 1004 893 movetur
1070 818 1218 891 nisi
1278 841 1323 891 a
1381 819 1914 916 phantasmate
1957 814 2079 886 vel
2151 835 2196 886 a

643 946 947 1028 natura,
986 959 1163 1034 quae
1205 935 1451 1032 gignit
1480 936 1967 1031 phantasma,
2011 953 2196 1028 quo-

645 1078 814 1128 rum
856 1061 1216 1127 neutrum
1251 1060 1362 1125 est
1396 1052 1542 1125 hoc
1579 1058 1660 1123 ut
1708 1051 1876 1131 hoc.
1918 1056 2193 1120 natura

646 1170 848 1244 enim
885 1178 999 1243 est
1032 1168 1246 1266 prius
1288 1176 1567 1242 natura
1609 1188 1838 1263 quam
1874 1163 1973 1238 sit
2027 1165 2195 1236 haec

649 1295 730 1362 ut
771 1289 964 1361 haec.
1042 1286 1217 1359 ideo
1276 1282 1773 1380 singularitas
1814 1304 1968 1354 non
2034 1302 2196 1352 mo-

647 1411 775 1478 vet
805 1402 1279 1477 intellectum
1352 1409 1733 1492 nostrum,
1771 1397 1959 1495 quia
1999 1394 2192 1469 illud

649 1527 764 1595 est
793 1518 1257 1617 principium
1325 1514 1712 1608 movendi,
1748 1513 1955 1612 quod
1999 1511 2196 1587 assi-

310 1639 601 1751 Sffigfflff‘
651 1636 862 1710 milat
895 1635 1036 1710 sibi
1066 1633 1449 1709 effectum.
1487 1632 1664 1707 Ideo
1697 1630 2196 1727 singularitas

311 1769 491 1814 movet
519 1762 597 1814 in·
648 1775 730 1827 se
801 1752 1034 1826 habet
1094 1759 1388 1824 tanturn
1458 1748 2062 1822 concomitanter
2102 1769 2195 1819 ex

306 1825 596 1876 tellectum.

305 1888 602 1939 Intellectus

648 1876 859 1966 parte
949 1866 1332 1942 moventis
1413 1864 1919 1956 intellectum,
2009 1861 2195 1959 quia

295 1957 615 2079 ᾳιῗέἶξῗένὲ.
649 1984 839 2059 nihil
867 1993 1128 2057 movet
1155 1983 1629 2056 intellectum
1665 1989 2008 2054 nostrum
2040 1976 2192 2050 nisi

390 2080 525 2127 Μ’·
646 2111 951 2183 natura,
1006 2102 1126 2174 vel
1178 2101 1665 2198 phantasma,
1720 2106 1794 2170 et
1847 2096 2016 2169 ideo
2068 2095 2194 2168 in-

647 2219 1025 2305 tellectuS,
1063 2217 1192 2313 qui
1238 2214 1348 2289 sic
1411 2223 1764 2289 movetur
1804 2236 1849 2286 a
1889 2236 1996 2306 re,
2038 2236 2190 2287 non

645 2342 852 2434 capit
884 2337 1053 2428 hoc,
1091 2344 1177 2408 ut
1245 2336 1389 2407 hoc
1423 2360 1440 2425 ;
1477 2332 1607 2407 sed
1654 2342 2004 2428 respectu
2068 2329 2193 2402 in-

644 2452 998 2525 tellectus
1029 2449 1196 2538 Dei,
1226 2472 1380 2521 non
1419 2448 1527 2522 sic
1561 2458 1699 2541 est,
1724 2447 1906 2543 quia
1939 2446 2191 2520 abillo

649 2565 1086 2640 immediate
1120 2562 1610 2659 cognoscitur
1650 2564 1816 2636 haec
1870 2572 1950 2635 ut
1992 2563 2184 2635 haec.

419 2704 484 2770 9,
747 2685 838 2756 Et
869 2705 1040 2757 cum
1076 2681 1381 2773 dicitur,
1424 2704 1689 2754 sensus
1725 2685 1834 2753 est
1859 2677 2194 2776 sinqula·

356 2818 556 2868 samus
648 2794 885 2886 rium,
958 2791 1125 2866 dico
1186 2790 1390 2888 quod
1457 2788 2010 2887 impossibilius
2079 2797 2194 2862 est

313 2881 599 3016 {¹3⁰3}ss
651 2909 1043 3005 singulare
1112 2931 1248 3005 per
1298 2929 1378 2981 se
1447 2904 1743 2998 sentiri,
1780 2927 2011 3002 quam
2055 2929 2193 3003 per

344 3005 554 3058 tarnum.
651 3049 733 3100 se
766 3024 1120 3120 intelligi,
1165 3022 1351 3122 quia
1381 3021 1843 3121 principium
1907 3020 2192 3096 immu-

651 3140 860 3219 tandi
903 3163 1214 3217 sensum
1295 3162 1448 3214 non
1493 3148 1739 3237 potest
1807 3161 1973 3213 esse
2041 3136 2190 3212 nisi

650 3267 954 3351 natura,
988 3266 1068 3330 ut
1100 3264 1418 3340 natura:
1465 3255 1700 3352 igitur
1732 3278 1886 3329 non
1918 3255 2193 3327 immu-

646 3382 778 3466 tat,
808 3383 890 3448 ut
911 3373 1102 3466 haec,
1126 3373 1294 3447 ideo
1320 3395 1596 3447 sensus
1622 3396 1777 3446 non
1799 3371 2191 3468 cognoscit

645 3516 786 3592 per
814 3515 896 3567 se
929 3492 1350 3588 singulare,
1398 3501 1479 3565 ut
1506 3491 1669 3565 hoc.
1718 3490 1914 3579 Quia
1948 3490 2012 3565 si
2037 3491 2190 3565 sint

646 3608 799 3682 duo
845 3615 1166 3705 co‘rpora
1221 3607 1296 3680 in
1362 3607 1630 3682 eodem
1682 3607 1877 3699 loco,
1923 3606 2186 3682 nullus

645 3751 923 3803 sensus
944 3727 1320 3824 judicabit
1350 3727 1452 3800 ibi
1504 3725 1947 3801 dualitatem
1981 3727 2187 3800 acci-

646 3843 1024 3936 dentium,
1052 3852 1214 3918 esto
1238 3843 1443 3940 quod
1466 3843 1596 3916 illa
1617 3843 1770 3916 duo
1795 3842 1945 3916 sint
1965 3842 2138 3916 alba
2162 3872 2179 3937 3

641 3960 875 4059 igitur
906 3962 1152 4034 solum
1200 3961 1524 4034 refertur
1580 3983 1855 4034 sensus
1913 3983 2049 4056 per
2101 3984 2182 4033 se

640 4079 715 4152 in
762 4087 1143 4172 naturam,
1201 4087 1272 4151 et
1335 4101 1489 4150 non
1552 4076 1625 4149 in
1682 4086 2062 4170 naturam,
2102 4087 2184 4151 ut

633 4197 828 4272 Jtaec.
862 4193 1263 4283 Quomodo
1296 4194 1531 4291 igitur
1571 4193 1926 4290 intelligit
1982 4194 2183 4268 Aris-

307 4301 593 4429 ,ἱξὶῗῆξξὶ-
639 4311 965 4387 toteles‘?
1005 4310 1192 4398 Dico
1246 4310 1449 4408 quod
1493 4309 1674 4384 dicit
1704 4310 1907 4407 quod
1952 4309 2180 4387 intel·-

301 4432 464 4477 tatem
497 4442 606 4479 non

367 4491 526 4554 capit.
643 4431 882 4505 lectus
931 4437 1044 4503 est
1105 4425 1685 4519 universalium,
1730 4425 1912 4521 quia
1952 4425 2182 4500 intel-

282 4552 604 4667 {ffifflffss‘gss
637 4547 881 4622 lectus
922 4545 1118 4620 sicut
1159 4552 1407 4641 potest
1437 4543 1512 4616 in
1559 4541 2024 4636 universale,
2068 4544 2177 4619 sic

351 4678 559 4753 suliqm.
635 4672 885 4761 potest
941 4661 1015 4733 in
1061 4660 1484 4756 singulare,
1529 4667 1602 4733 et
1669 4658 1776 4732 sic
1809 4668 2057 4757 potest
2096 4659 2175 4733 in

293 4747 601 4805 ⁰¹⁹⁰⁰¹⁸⁰²
638 4788 1078 4875 utrumque.
1151 4776 1375 4850 Nunc
1433 4785 1688 4850 autern
1758 4799 2033 4850 sensus
2065 4777 2175 4852 sic

630 4902 879 4995 potest
912 4894 990 4968 in
1026 4893 1444 4988 singulare,
1469 4893 1673 4992 quod
1709 4895 1920 4967 nullo
1945 4895 2172 4968 modo

628 5022 877 5113 potest
940 5011 1013 5083 in
1097 5010 1576 5103 universale3
1650 5009 2173 5108 Philosophus

625 5130 832 5208 enim
893 5129 1185 5226 accepit
1251 5137 1632 5220 naturam,
1685 5138 1768 5202 ut
1819 5150 2170 5201 commu-

623 5249 953 5338 nicatur,
993 5254 1065 5320 et
1123 5244 1196 5315 in
1272 5243 1476 5317 illam
1523 5254 1874 5318 naturam
1922 5252 2171 5339 potest

622 5388 928 5454 sensuS‚
967 5384 1193 5458 quam
1239 5359 1734 5452 singularitas
1785 5361 2165 5434 concomi-

619 5492 850 5572 tatur,
887 5488 961 5553 et
992 5477 1135 5550 ista
1206 5485 1507 5570 natura,
1547 5487 1627 5550 ut
1685 5486 1961 5551 natura
2006 5500 2161 5549 non

617 5607 731 5677 est
764 5591 1251 5672 universalis.

2062 404 2305 483 LIBRI
2350 404 2471 475 111.

2394 584 2485 656 Et
2516 581 2579 655 si
2611 581 2847 678 igitur
2878 582 3139 656 nullus
3172 604 3446 655 sensus
3475 579 3845 654 discernit
3995 629 4075 697 10

2296 699 2815 774 diversitatem
2904 697 3106 771 inter
3171 697 3325 771 duo
3412 695 3840 770 accidentia
3891 743 4171 803 Quomodo

2296 815 2638 911 ejusdem
2673 813 2955 911 speciei
2989 812 3235 911 posita
3266 813 3340 885 in
3377 812 3645 886 eodem
3675 810 3833 897 ubi,-
3904 821 4191 923 uffgffin·

2296 932 2689 1030 proprium
2727 941 2840 1006 est
2866 930 3128 1005 sensui
3179 952 3646 1028 cognoscere
3690 929 3844 1002 sin·
3920 935 4125 998 sulute-

2296 1051 2591 1147 gulare,
2642 1051 2784 1123 hoc
2825 1059 2963 1144 est,
2998 1060 3350 1123 naturam
3403 1048 3841 1123 communi-

2296 1176 2572 1261 catam,
2639 1168 2853 1240 nullo
2902 1166 3126 1241 modo
3169 1165 3663 1258 universale3
3718 1165 3841 1239 in-

2295 1286 2646 1358 tellectus
2702 1307 2886 1358 vero
2964 1292 3210 1382 potest
3267 1284 3345 1356 in
3419 1293 3840 1381 utrumque

2297 1423 2569 1499 perse.

2395 1519 2487 1591 Et
2536 1539 2707 1590 cum
2766 1515 3046 1590 dicitur
3103 1524 3370 1614 postea
3436 1513 3642 1612 quod
3702 1537 3844 1588 nos

2298 1657 2448 1707 non
2477 1632 2826 1707 distincte
2851 1631 3395 1729 cognoscimus
3417 1630 3836 1727 singulare,

2296 1750 2465 1824 dico
2495 1751 2699 1847 quod
2735 1752 2877 1825 hoc
2909 1759 3033 1824 est
3055 1773 3146 1823 ex
3169 1748 3437 1824 ordine
3470 1749 3564 1821 ad
3608 1751 3845 1846 phan-

2297 1873 2647 1939 tasmata.
2712 1865 2848 1939 Vel
2921 1876 3083 1940 esto
3138 1864 3347 1962 quod
3408 1865 3843 1939 intellectus

2298 1990 2557 2056 noster
2595 1981 2919 2080 accipiat
2985 1982 3337 2055 notitiam
3398 1981 3840 2055 immediate

2297 2121 2342 2174 a
2409 2121 2515 2192 re,
2554 2098 2734 2195 quia
2779 2109 3032 2173 tamen
3100 2098 3177 2171 in
3234 2107 3437 2172 statu
3503 2096 3649 2171 isto
3684 2120 3835 2170 non

2297 2225 2545 2312 potest
2598 2216 2887 2289 moveri
2944 2238 2989 2289 a
3033 2224 3313 2288 natura
3376 2223 3455 2287 ut
3494 2214 3657 2288 haec
3706 2238 3843 2312 per

2296 2355 2406 2426 se,
2455 2331 2632 2406 hinc
2701 2342 2816 2407 est
2856 2332 3061 2429 quod
3124 2355 3278 2405 non
3336 2331 3839 2427 intelligimus

2295 2472 2503 2523 nunc
2544 2450 2936 2545 singulare
2987 2449 3271 2524 directe
3306 2458 3380 2523 et
3429 2472 3566 2547 per
3595 2471 3702 2523 se.
3762 2448 3839 2523 Si

2296 2577 2549 2642 tamen
2593 2568 3030 2643 intellectus
3070 2579 3271 2643 esset
3310 2576 3712 2666 separatus
3744 2567 3838 2643 ab

2296 2684 2461 2760 istis
2536 2684 3145 2783 impedibilibuS,
3211 2709 3346 2784 per
3404 2709 3485 2761 se
3564 2710 3841 2783 cogno·

2290 2813 2540 2877 sceret
2579 2802 2971 2899 singulare
3010 2803 3276 2879 utlzoc.

2822 3071 3182 3130 SCHOLlUM
3224 3071 3323 3130 111.

2368 3220 2629 3277 Primum
2666 3220 2888 3277 dictum
2921 3221 3102 3292 hujus
3135 3221 3334 3277 littsrae
3370 3238 3383 3277 :
3414 3223 3613 3277 Anima
3639 3220 3847 3280 Christi

2289 3326 2398 3367 non
2438 3313 2591 3367 novit
2620 3311 2807 3367 omnia
2837 3311 3102 3367 intuitive
3132 3312 3191 3365 in
3216 3327 3416 3382 ρεπεν-ε
3461 3315 3711 3383 proprio,
3742 3330 3844 3370 neo

2289 3401 2477 3470 simul,
2508 3417 2608 3458 nec
2647 3403 2964 3468 successive,
3010 3400 3143 3473 quia
3191 3417 3299 3456 non
3349 3413 3519 3458 erant
3560 3406 3616 3458 ei
3653 3406 3843 3460 omnia

2286 3494 2585 3564 praesentia
2624 3495 2677 3547 et
2724 3493 3045 3547 existentia.
3092 3493 3422 3548 Secundum
3462 3509 3475 3547 :
3530 3495 3642 3549 Non
3689 3496 3846 3550 novi!

2289 3581 2476 3638 omnia
2509 3582 2768 3637 intuitive
2789 3597 2890 3652 per
2917 3581 3262 3651 memoriam,
3294 3584 3431 3652 quia
3481 3582 3602 3639 haec
3634 3600 3831 3655 suppo·

2287 3672 2374 3725 nit
2432 3669 2621 3725 omnia
2666 3679 2798 3726 nota
2839 3670 3098 3726 intuitiva
3145 3669 3205 3725 in
3256 3686 3332 3738 se,
3375 3671 3448 3725 de
3499 3686 3613 3743 quo
3637 3670 3751 3728 late
3783 3673 3833 3727 4.

2289 3760 2426 3815 dist.
2469 3759 2555 3814 45.
2588 3764 2793 3830 quoest.
2826 3759 3013 3822 3.,ubi
3036 3759 3108 3814 de
3141 3763 3387 3831 utraque
3423 3763 3702 3815 memoria
3744 3761 3835 3816 in-

2289 3847 2577 3903 tellectiva
2627 3853 2684 3902 et
2727 3849 3027 3903 sensitiva.
3080 3848 3339 3902 Tertium
3376 3865 3390 3902 ε
3435 3847 3687 3904 Christus
3736 3849 3836 3906 hac

2284 3937 2519 3993 scientia
2583 3938 2863 3992 intuitiva
2940 3937 2998 3992 in
3051 3939 3273 4008 proprio
3329 3953 3529 4006 qenere
3577 3939 3832 4009 profecit,

2290 4028 2451 4082 Lucae
2478 4030 2532 4080 2.
2567 4026 2803 4096 profecit
2855 4027 3030 4082 etiam
3066 4025 3311 4082 scientia
3351 4026 3707 4084 abstractiva
3737 4045 3831 4083 ac-

2285 4113 2449 4172 tuali.
2486 4114 2546 4169 In
2580 4114 2851 4169 discursu
2874 4113 3052 4184 hujus
3076 4114 3418 4186 quaestionis
3450 4115 3677 4172 videtur
3714 4133 3829 4172 non

2285 4206 2594 4260 admittere
2627 4203 2929 4259 scientiam
2966 4221 3069 4275 per
3097 4221 3156 4260 so
3187 4204 3441 4260 infusam
3491 4207 3550 4260 in
3602 4208 3832 4279 proprio

2284 4314 2492 4369 genere
2530 4298 2587 4351 in
2638 4296 2832 4352 anima
2863 4297 3074 4352 Christi
3110 4299 3295 4367 gquod
3330 4302 3532 4354 tenent
3569 4300 3828 4356 Durand.

2284 4386 2379 4443 hic
2410 4405 2466 4457 q.
2498 4388 2551 4442 3.
2584 4396 2639 4443 et
2664 4388 2712 4441 4.
2746 4386 2894 4443 Alm.
2924 4395 2982 4442 et
3008 4387 3239 4443 Gabriel
3276 4389 3387 4457 hto,
3422 4388 3695 4467 Richard.
3721 4398 3828 4448 art.

2282 4477 2334 4532 3.
2370 4495 2425 4547 q.
2460 4494 2498 4535 t.
2524 4488 2577 4533 et
2606 4479 2661 4532 2.
2695 4481 2753 4534 et
2778 4476 2970 4535 Alsos,
3016 4480 3071 4534 3.
3107 4496 3162 4550 p.
3194 4495 3250 4550 q.
3286 4480 3369 4536 13.
3404 4495 3480 4535 m.
3516 4496 3555 4535 1.
3590 4483 3648 4536 et
3678 4480 3730 4535 2.
3777 4489 3832 4537 st

2285 4566 2347 4621 D.
2382 4568 2693 4622 Bonavent.
2729 4567 2864 4638 quia
2896 4566 3270 4624 admittentes
3301 4568 3556 4624 infusam
3599 4574 3824 4626 tanturn

2279 4655 2597 4727 loquuntur
2627 4659 2696 4711 de
2727 4658 2919 4712 infusa
2954 4674 3054 4728 per
3086 4659 3373 4714 accidens.
3407 4659 3622 4714 Media.
3663 4661 3715 4715 3.
3768 4678 3824 4733 p.

2278 4763 2336 4818 q.
2367 4747 2421 4804 9.
2484 4754 2589 4802 art.
2653 4750 2704 4803 6.
2769 4748 2890 4804 haec
2947 4754 3240 4817 censurat,
3296 4748 3456 4804 nullo
3513 4754 3615 4807 aut
3673 4750 3821 4807 sutili

2277 4837 2446 4892 nixus
2478 4837 2877 4894 fundamento.

2377 5013 2741 5107 Ulterius,
2805 5014 2867 5088 si
2949 5013 3424 5112 intelligatur
3489 5020 3815 5115 quaestio
3968 5068 4043 5134 ss

2273 5129 2365 5203 de
2398 5129 2836 5224 cognitione
2867 5129 3224 5206 intuitiva
3253 5132 3533 5208 animae
3566 5137 3815 5211 Chris·
3857 5188 3932 5237 D„
3977 5186 4178 5237 „omia

2271 5245 2352 5337 ti,
2404 5246 2571 5319 dico
2625 5247 2828 5342 quod
2878 5248 3214 5342 cognitio
3285 5249 3638 5326 intuitiva
3688 5279 3813 5351 po·
3883 5249 4134 5362 affligas

2269 5370 2415 5435 test
2473 5386 2640 5435 esse
2718 5363 3178 5437 universalis
3232 5375 3305 5438 et
3345 5378 3670 5462 naturae,
3738 5383 3811 5447 et
3897 5375 4107 5425 Christi.

2268 5477 2511 5575 ipsius
2588 5480 3059 5574 singularis;
3125 5490 3199 5555 et
3266 5481 3407 5556 ista
3474 5487 3808 5582 cognitio

2265 5603 2516 5691 potest
2556 5617 2724 5670 esse
2768 5596 3121 5690 actualis,
3161 5597 3280 5671 vel
3324 5597 3685 5677 derelicta
3716 5627 3809 5678 ex
