4295 6326
196 2731 256 2795 1.

110 3737 307 3789 Secun-

139 3802 285 3853 dnm.

75 4459 332 4515 Tertium.

82 5164 306 5217 Contra.

1387 405 1616 475 DlST.
1666 403 1991 476 XXXVI.
2042 403 2464 485 QUAESTIO
2511 404 2750 475 UNlC.

3499 401 3623 470 187
3692 363 3696 368 ’

1030 930 2173 1127 DISTINCTIO
2290 929 2988 1096 XXXVI.

816 1633 1215 1712 QUAESTIO
1263 1630 1556 1700 UNICA.

507 1808 749 1873 Utrum
777 1812 1143 1891 peccalum
1173 1802 1261 1869 sit
1293 1821 1508 1889 poena
1537 1803 1813 1889 peccati
1838 1802 1874 1867 7

409 1998 613 2054 Alens.
644 1997 699 2051 2.
732 1999 878 2067 part.
908 2005 1104 2068 quaest.
1140 1995 1262 2049 127.
1296 1994 1540 2050 membro
1568 1994 1622 2049 7.
1650 2002 1759 2050 εει.
1813 2001 1958 2064 part.

482 2068 607 2124 dist.
643 2068 732 2123 40.
764 2083 839 2121 m.
873 2069 927 2122 2.
958 2069 1011 2121 2.
1042 2067 1102 2122 D.
1136 2066 1410 2122 Thomas.
1445 2082 1484 2122 1.
1514 2066 1570 2122 2.
1619 2075 1815 2137 quam.
1868 2067 1957 2123 87.

927 2148 1123 2209 quaest.
1174 2154 1216 2195 1.
1264 2142 1371 2193 art.
1425 2138 1479 2192 3.
1525 2136 1588 2193 D·
1641 2137 1956 2193 Bonavent.

480 2217 595 2268 art.
632 2228 669 2269 ι.
703 2218 889 2282 quaest.
914 2227 953 2265 ι.
987 2209 1256 2265 Richard.
1302 2218 1410 2265 art.
1461 2226 1499 2264 1.
1534 2218 1723 2291 quaest.
1767 2226 1806 2265 ι.
1846 2211 1957 2265 Du-

481 2283 643 2338 rand.
677 2287 872 2354 quaest.
900 2299 942 2339 1.
964 2282 1146 2337 salas.
1180 2285 1343 2336 tract.
1380 2281 1464 2336 13.
1496 2281 1637 2351 dtsp.
1673 2282 1758 2337 15.
1799 2297 1954 2338 num.

482 2147 589 2195 art.
621 2141 677 2194 2.
708 2147 758 2195 et
800 2138 891 2194 hic

484 2357 570 2410 10.
603 2353 781 2425 Vasq.
812 2370 853 2408 ι.
883 2356 938 2409 2.
989 2354 1133 2422 disp.
1191 2352 1313 2408 140.
1363 2351 1503 2409 Can.
1553 2355 1607 2409 2.
1654 2352 1720 2407 de
1765 2353 1865 2408 loc.
1901 2354 1952 2408 4.

481 2431 691 2554 {potus
723 2428 781 2481 in
814 2424 987 2482 Oxou.
1013 2425 1099 2481 hic
1126 2425 1327 2481 οιαὶ-η.
1360 2424 1447 2479 37.
1480 2428 1675 2497 quaest.
1708 2425 1762 2478 2.
1797 2441 1951 2480 num.

512 2676 730 2751 Circa
761 2676 984 2751 istam
1020 2675 1591 2751 distinctionem
1649 2676 1954 2774 trigesi-

69 2844 292 2911 Argum.
335 2850 382 2897 ι·
415 2818 617 2869 mam
658 2803 949 2869 sextam
994 2793 1414 2892 quaeritur:
1472 2794 1746 2870 Utrum
1778 2817 1954 2892 pec-

412 2919 663 2986 catum
693 2911 795 2986 sit
809 2934 1048 3009 poena
1066 2911 1372 3009 peccati
1394 2909 1435 2983 ¹?
1485 2909 1705 2997 Quod
1759 2934 1943 2985 non.

407 3028 888 3126 Augustinus
970 3027 1219 3127 primo
1294 3028 1948 3104 Retractationum

406 3170 573 3245 cap.
622 3146 741 3220 26.
819 3144 1059 3221 Omne
1112 3148 1417 3247 justum
1459 3152 1570 3221 est
1633 3172 1679 3222 a
1726 3145 1894 3221 Deo
1925 3174 1943 3240 3

410 3264 663 3339 omnis
703 3287 933 3362 poena
970 3272 1083 3338 est
1113 3264 1375 3361 justa;
1427 3263 1661 3362 igitur
1692 3264 1946 3339 omnis

402 3403 633 3478 poena
672 3389 785 3454 est
816 3403 860 3454 a
898 3380 1104 3476 Deo;
1149 3380 1283 3454 sed
1341 3381 1642 3454 nullum
1686 3403 1947 3478 pecca-

402 3506 564 3571 tum
595 3506 710 3571 est
748 3520 793 3571 a
821 3496 982 3571 Deo
1012 3525 1032 3591 ;
1081 3496 1316 3594 igitur
1345 3497 1647 3571 nullum
1685 3520 1945 3593 pecca-

403 3621 560 3686 tum
605 3622 719 3687 est
756 3636 984 3710 poena
1024 3611 1339 3711 peccati.

499 3730 716 3818 Item,
759 3730 1240 3827 Augustinus
1280 3729 1373 3804 de
1413 3752 1598 3804 vera
1629 3729 1942 3825 religio-

397 3871 495 3922 ne
533 3847 1001 3923 :Peccatum
1050 3855 1161 3924 est
1224 3848 1331 3922 ita
1386 3846 1937 3942 volumtantem,

396 3962 604 4062 quod
634 3964 709 4038 si
727 3987 884 4037 uon
915 3970 1026 4038 est
1050 3962 1606 4058 voluntarium,
1633 3987 1789 4038 non
1830 3970 1942 4038 est

385 4084 842 4176 peccatum,·
880 4080 1012 4154 sed
1062 4079 1315 4154 omnis
1368 4103 1595 4178 poena
1647 4089 1762 4154 est
1820 4079 1941 4152 in-

395 4193 861 4287 voluntaria,
907 4195 1090 4293 quio.
1113 4194 1366 4269 omnis
1398 4218 1627 4292 poena
1653 4194 1933 4289 tristis3

396 4311 632 4408 igitur
669 4313 885 4387 nulla
923 4322 1037 4388 est
1067 4321 1495 4411 peccatum.

493 4428 708 4522 Item,
764 4429 974 4503 Deus
1077 4453 1382 4527 semper
1449 4428 1671 4528 punit
1748 4427 1940 4503 citra

395 4543 897 4640 condignum,
994 4545 1176 4645 quia
1231 4568 1462 4644 poena
1528 4568 1935 4643 nunquam

394 4659 690 4734 excedit
720 4662 1073 4761 culpam3
1114 4661 1247 4736 sed
1281 4684 1616 4759 sequens
1661 4683 1937 4759 pecca-

392 4784 555 4849 tum
617 4787 866 4875 potest
922 4802 1089 4854 esse
1144 4779 1457 4876 gravius
1489 4802 1718 4877 quam
1753 4802 1935 4878 pec—

394 4901 647 4967 catum
733 4895 1224 4992 praecedens3
1295 4895 1530 4993 igitur
1596 4920 1750 4971 non
1821 4905 1935 4972 est

392 5034 621 5107 poena
660 5012 949 5110 peccati
982 5036 1326 5110 peccare.

486 5128 599 5201 Ad
641 5129 1103 5227 oppositum.
1134 5130 1247 5204 Ad
1277 5131 1607 5206 Roman.
1636 5133 1927 5229 prima,

394 5251 465 5317 et
500 5243 571 5316 ·1.
609 5243 713 5319 ad
771 5244 1477 5322 Thessalonicenses
1518 5248 1588 5320 2.
1655 5248 1934 5324 dicitur

393 5358 484 5434 de
520 5359 1040 5460 Philosophis,
1062 5369 1386 5461 propter
1412 5365 1641 5463 quod,
1685 5365 1761 5439 id
1786 5376 1927 5461 est,

390 5485 702 5575 propter
740 5487 1054 5574 peccata
1118 5503 1284 5565 sua,
1345 5480 1560 5556 Deus
1612 5482 1935 5558 tradidit

392 5588 566 5664 illos
606 5591 688 5666 in
720 5591 1127 5690 reprobum
1158 5616 1491 5669 sensum.
1527 5599 1616 5670 Et
1647 5597 1924 5672 Genes.

2080 1364 2195 1437 15.
2240 1362 2612 1440 Nondum
2663 1366 2842 1435 sunt
2892 1357 3270 1459 completa
3303 1365 3624 1457 peccata

2073 1480 2743 1571 Amorrhoeorum,
2831 1483 2969 1551 etc.
3043 1479 3135 1551 Et
3191 1476 3615 1574 Apocalyp.

2075 1599 2399 1672 ultimo:
2441 1596 2594 1687 Qui
2641 1595 2723 1669 in
2770 1593 3122 1668 sordibus
3176 1598 3311 1686 est,
3371 1592 3620 1667 adhuc

2070 1715 2481 1791 sordescat.
2520 1717 2612 1788 Et
2659 1712 3143 1810 Augustinus
3183 1719 3448 1785 contra
3477 1709 3518 1783 J
3530 1734 3623 1783 u-

2074 1833 2367 1907 lianum
2403 1831 2533 1906 tib.
2570 1831 2640 1903 5.
2678 1854 2843 1929 cap.
2881 1829 2953 1902 5.
2999 1835 3071 1903 et
3123 1828 3204 1903 in
3235 1827 3450 1903 Psal.
3489 1826 3611 1900 57.

2070 1950 2166 2023 ad
2199 1949 2333 2024 illa
2365 1949 2598 2024 verba
2635 1972 2649 2022 ε
2687 1944 3224 2045 Supercecidit
3253 1943 3483 2042 iyniS,
3546 1948 3622 2017 et

2068 2087 2224 2138 non
2282 2064 2645 2140 viderunt
2713 2061 2980 2137 solem.
3044 2061 3138 2134 Et
3194 2058 3613 2155 Gregorius

2066 2181 2340 2256 Moral.
2378 2180 2497 2254 25.
2546 2204 2712 2278 cap.
2753 2179 2868 2251 12.
2906 2177 3355 2269 Peccatum,
3407 2175 3616 2274 quod

2064 2321 2221 2371 nou
2265 2303 2675 2395 purqatur,
2733 2318 2917 2369 moa:
3009 2292 3114 2368 ad
3183 2290 3405 2367 aliud
3471 2315 3608 2365 suo

2051 2413 2399 2511 paudere
2421 2412 2677 2487 trahit.
2726 2412 3047 2508 Propter
3104 2408 3289 2483 istas
3342 2415 3610 2481 aucto-

2062 2528 2325 2604 ritates
2357 2537 2659 2604 tenetur
2690 2527 2894 2625 quod
2922 2534 3320 2626 peccatum
3354 2531 3607 2622 potest

2062 2671 2232 2724 esse
2273 2670 2503 2746 poena
2542 2645 2862 2745 peccati.

2605 2918 2974 2980 SCHOLIUM
3005 2925 3048 2978 1.

2127 3079 2219 3136 Ait
2249 3082 2552 3152 peccatum
2579 3093 2708 3134 esse
2738 3091 2967 3150 poenam
3011 3075 3253 3148 peccati,
3298 3074 3436 3148 quia
3483 3073 3601 3147 pri·

2055 3173 2211 3233 vatio
2261 3173 2404 3246 lusti
2465 3173 2649 3243 major
2711 3187 2881 3243 penna
2936 3173 3044 3241 est,
3100 3185 3277 3242 quarn
3360 3166 3602 3240 privatio

2056 3263 2348 3323 commodi
2383 3280 2398 3331 ς
2433 3278 2621 3334 neque
2652 3266 2742 3317 est
2772 3261 2844 3317 de
2874 3260 3097 3317 ratione
3127 3275 3312 3332 poenae
3337 3258 3494 3330 quod
3525 3258 3603 3314 sit

2054 3352 2260 3422 nolite,
2314 3352 2412 3408 sed
2446 3351 2600 3422 quod
2652 3353 2851 3405 contra
2889 3346 3325 3404 inclinationem
3359 3349 3601 3408 naturae,

2052 3445 2110 3495 et
2139 3441 2224 3496 sic
2262 3449 2347 3496 ost
2379 3453 2550 3496 omne
2581 3440 2904 3510 peccatum.
2939 3438 3048 3491 Pro
3080 3434 3189 3489 hoc
3213 3434 3434 3489 faciunt
3478 3432 3606 3488 loca

2051 3529 2362 3601 Scripturae
2411 3527 2483 3583 ad
2527 3526 2858 3599 oppositum
2909 3524 3105 3580 ducta.
3142 3523 3229 3578 lta
3262 3522 3492 3595 Magist.
3528 3523 3595 3578 D.

2050 3618 2366 3673 Bonavent.
2394 3615 2666 3671 Richard.
2701 3613 2841 3670 Can.
2889 3611 3069 3680 citati,
3118 3609 3340 3667 Bassol.
3395 3610 3600 3681 Major,

2050 3707 2225 3764 Gabr.
2259 3706 2354 3763 htc
2388 3708 2448 3761 D.
2478 3705 2679 3761 Thom.
2714 3704 2786 3759 de
2821 3702 2996 3768 muln,
3046 3706 3250 3771 quaest.
3297 3718 3337 3756 1.
3390 3709 3495 3756 art.
3545 3701 3598 3755 4.

2048 3796 2276 3853 Valent.
2309 3814 2350 3854 1.
2381 3799 2435 3852 2.
2471 3795 2620 3866 disp.
2646 3796 2698 3849 6.
2731 3796 2939 3866 quaest.
2981 3792 3072 3846 27.
3106 3797 3253 3861 part.
3287 3790 3339 3846 3.
3374 3789 3603 3845 variant

2052 3894 2250 3945 tamen
2309 3889 2368 3943 in
2431 3887 2602 3943 modo
2655 3884 3005 3958 explicandi.
3064 3891 3276 3943 Doctor
3324 3882 3424 3937 dat
3454 3882 3601 3936 duas

2048 3979 2465 4050 explicationes
2490 3977 2561 4033 sd
2584 3977 2951 4050 Magistrum,
2970 3974 3260 4047 quomodo
3290 3976 3593 4043 peccatum

2047 4069 2125 4124 sit.
2155 4066 2333 4123 simul
2368 4084 2537 4139 poena
2564 4074 2618 4122 et
2648 4064 2841 4136 culpa,
2891 4062 3281 4120 voluntarium
3326 4065 3385 4116 et
3429 4059 3594 4115 invo-

2047 4156 2394 4214 luntarium.
2444 4155 2552 4210 Sed
2599 4155 2724 4227 ipse
2752 4153 2912 4210 hunc
2936 4152 3178 4209 modurn
3238 4166 3352 4207 non
3399 4148 3598 4220 sequi-

2046 4251 2165 4304 tur.

2142 4426 2255 4501 Ad
2325 4425 2834 4524 quaestionem
2911 4422 3080 4498 dico
3166 4422 3373 4521 quod
3446 4423 3582 4497 sic.

2048 4545 2456 4621 Peccatum
2489 4554 2604 4619 est
2633 4565 2887 4642 poena,
2933 4541 3118 4640 quia
3156 4563 3383 4616 omne
3416 4563 3582 4640 pec-

2045 4672 2298 4738 catum
2347 4670 2463 4737 est
2487 4661 2829 4737 carentia
2867 4660 3049 4735 boni
3082 4659 3272 4758 justi
3305 4681 3588 4734 conve·

2042 4779 2360 4874 nientiS,
2395 4787 2470 4854 et
2510 4776 2753 4876 major
2782 4801 3013 4876 poena
3070 4787 3185 4853 est
3249 4775 3590 4852 carentia

2042 4896 2227 4972 boni
2274 4896 2463 4994 justi
2509 4895 3068 4990 convenientis,
3130 4917 3362 4993 quam
3404 4892 3588 4968 boni

2043 5015 2457 5110 commodi,
2522 5013 2704 5114 quia
2766 5014 3055 5088 bonum
3108 5013 3405 5111 justum
3473 5021 3589 5086 est

2043 5130 2383 5207 nobilius
2414 5130 2616 5205 bono
2681 5129 3111 5221 commodO,
3164 5137 3237 5202 et
3267 5127 3590 5226 propin-

2043 5248 2276 5346 quius
2308 5248 2770 5346 perfectiori,
2815 5258 2889 5321 et
2947 5246 3146 5321 sicut
3186 5245 3586 5343 proprium

2040 5364 2476 5463 perfectiori
2507 5373 2621 5439 est
2652 5361 3063 5463 perfectius
3110 5384 3342 5461 quam
3389 5383 3587 5434 com-

2044 5506 2278 5556 mune
2348 5483 2684 5579 perfecto
2765 5490 2840 5556 et
2906 5479 3381 5578 imperfectO,
3473 5477 3583 5552 sic

2045 5598 2561 5698 propinquius
2587 5596 3019 5697 perfectiori
3061 5595 3361 5671 caeteris
3391 5593 3587 5693 pari-
