4295 6326
145 639 337 707 corpori

130 715 360 764 coujunc-

168 774 289 814 lum.

1513 436 1740 503 DIST.
1793 434 1981 502 Xlll.
2035 432 2454 512 QUAES'rlo
2509 431 2740 501 UNIC.

426 633 565 708 pra
598 610 911 707 aliquod
955 609 1225 703 viride,
1262 616 1579 707 apparet
1626 607 1730 682 ibi
1771 607 1973 681 alius

421 729 637 801 color
702 750 934 824 quam
990 727 1228 825 prius,
1293 736 1366 801 et
1440 735 1699 800 tamen
1759 725 1836 798 in
1894 747 1971 798 re

422 869 576 919 non
614 855 729 918 est
772 845 972 919 alius
1008 872 1025 937 3
1072 844 1394 918 intentio
1463 843 1698 939 igitur
1735 864 1975 940 quan-

421 963 519 1035 do
552 972 668 1037 est
700 962 1004 1055 debilis,
1037 963 1285 1035 solum
1322 970 1435 1036 est
1467 960 1658 1033 ratio
1698 959 1974 1033 viden-

421 1080 495 1151 di
524 1108 544 1174 3
577 1081 889 1176 quando
934 1090 1045 1154 cst
1077 1080 1317 1173 lortiS,
1358 1088 1604 1178 potest
1626 1101 1793 1152 esse
1826 1101 1969 1175 quo

419 1208 493 1271 et
537 1200 764 1296 quod.
820 1199 1236 1296 Nunquam
1290 1208 1543 1272 ‘tamen
1615 1195 1973 1269 videntur

419 1315 585 1389 istae
618 1316 945 1414 specieS,
985 1316 1131 1389 nisi
1172 1315 1636 1411 contiguatae
1669 1311 1969 1410 corpori

415 1433 735 1528 visibili,
783 1457 1036 1531 neque
1100 1436 1361 1508 lumen
1456 1433 1761 1507 videtur
1819 1430 1970 1503 nisi

415 1552 922 1647 conjunctum
1020 1551 1349 1648 corpori.
1442 1549 1660 1636 Quod
1766 1557 1967 1645 patet

415 1666 827 1765 dupliciter
899 1693 913 1742 :
984 1668 1268 1757 Primo,
1324 1667 1508 1765 quia
1577 1668 1667 1741 de
1746 1676 1967 1740 nocte

414 1807 571 1856 non
614 1784 920 1859 videtur
966 1785 1253 1879 radiuS,
1300 1795 1373 1859 et
1442 1796 1698 1859 tamen
1772 1784 1969 1857 ultra

412 1900 644 1973 istum
739 1925 1022 1975 conum
1112 1901 1409 1988 umbra,
1481 1924 1714 1998 quam
1792 1900 1969 1974 facit

412 2024 618 2090 terra
659 2017 750 2090 de
818 2027 1069 2109 nocte,
1105 2027 1218 2092 est
1286 2015 1574 2109 radius,
1611 2015 1797 2113 quia
1845 2024 1962 2089 ta-

410 2156 588 2205 men
629 2156 782 2206 non
819 2133 1318 2229 conjungitur
1378 2130 1481 2207 ibi
1523 2131 1962 2206 immediate

406 2249 718 2345 corpori
799 2247 1242 2322 terminanti
1302 2248 1585 2341 visum,
1622 2271 1776 2321 non
1841 2271 1965 2345 po·

406 2373 557 2438 test
608 2365 881 2440 videri.
941 2365 1298 2440 Secundo
1354 2366 1490 2459 sic,
1537 2373 1698 2441 esto
1759 2364 1958 2461 quod

406 2482 695 2578 aliquis
727 2482 823 2555 sit
854 2482 1189 2556 existens
1229 2482 1305 2554 in
1364 2492 1596 2580 puteo
1640 2481 1962 2579 profun-

406 2601 539 2694 do,
586 2612 661 2675 et
737 2603 810 2675 in
876 2602 1312 2677 summitate
1397 2604 1627 2677 vadat
1705 2600 1965 2676 radius

407 2718 688 2792 solaris
732 2743 866 2816 per
897 2720 1235 2794 medium
1272 2719 1503 2794 unius
1534 2718 1958 2808 foraminiS,

407 2838 562 2910 nisi
661 2839 1021 2935 superius
1110 2838 1547 2914 immediate
1634 2847 1965 2937 ponatur

408 2956 729 3054 aliquod
788 2980 1070 3054 corpus
1158 2956 1582 3032 terminans
1676 2955 1958 3047 visum,

408 3095 570 3144 non
634 3070 1022 3146 videbitur
1109 3072 1235 3145 ille
1295 3071 1584 3162 radiuS,
1644 3078 1717 3146 et
1791 3069 1962 3145 ideo

408 3215 569 3263 non
607 3191 995 3265 videbitur
1034 3200 1445 3288 antequam
1507 3190 1962 3266 terminetur

407 3307 611 3381 visio
645 3308 735 3381 ad
781 3309 1094 3405 aliquod
1137 3332 1479 3383 sensum.

941 3583 1293 3639 SCIIOLIUM
1338 3583 1430 3639 111.

478 3731 744 3788 Ostendit
767 3732 988 3803 optime
1011 3737 1126 3788 tres
1148 3732 1367 3801 radios,
1399 3737 1644 3796 rectum,
1683 3731 1959 3789 reflexum

404 3823 467 3872 et
527 3818 800 3882 fractum,
862 3818 1195 3874 immediate
1252 3817 1693 3874 immediatione
1749 3833 1959 3885 causae,

403 3920 539 3962 esse
569 3924 603 3961 a
633 3907 963 3975 luminoso;
995 3907 1286 3978 quomodo
1316 3913 1515 3965 autem
1549 3907 1644 3963 isti
1670 3906 1962 3978 differant,

402 3997 539 4051 vide
570 3996 629 4051 in
664 3996 846 4051 Oxou.
888 3996 983 4050 hic
1014 4014 1065 4052 a.
1117 3997 1172 4052 3.
1218 3996 1487 4053 Admittit
1537 4005 1808 4068 quartum
1870 4014 1961 4053 ra-

403 4086 591 4154 dium,
650 4086 706 4139 id
764 4095 867 4151 est,
931 4085 1220 4152 umbram,
1284 4102 1395 4157 qua
1451 4085 1738 4155 videmus,
1802 4085 1963 4141 nullo

408 4175 594 4229 trium
623 4176 920 4230 radiorum
954 4178 1255 4246 praesente,
1289 4176 1359 4230 de
1390 4175 1607 4247 quibus
1639 4176 1855 4247 optime
1888 4177 1957 4231 ad

409 4264 649 4320 oculum
682 4272 880 4321 noster
914 4265 1212 4321 Pecbanus
1243 4265 1299 4320 in
1324 4283 1432 4321 sua
1466 4266 1852 4339 perspectiva.
1970 4267 1975 4272 ’

179 4486 243 4551 5,
514 4456 764 4529 Tertio
806 4457 1003 4548 dico,
1062 4458 1265 4554 quod
1319 4459 1578 4532 lumen
1641 4469 1754 4533 est
1820 4461 1967 4533 du-

64 4600 253 4649 Lmen
289 4600 390 4648 aa·
420 4574 619 4671 plex,
653 4574 1062 4648 essentiale
1130 4584 1204 4647 et
1270 4575 1765 4664 accidentale,
1804 4577 1965 4651 sive

145 4668 297 4727 ⁹¹⁰¹·
419 4689 873 4787 primarium
936 4700 1009 4764 et
1084 4692 1655 4767 secundarium.
1697 4693 1968 4768 Essen-

419 4808 597 4881 tiale
629 4817 702 4882 et
761 4807 1213 4905 primarium
1272 4810 1549 4884 (licitur
1608 4812 1738 4885 illa
1803 4835 1967 4908 spe-

422 4923 607 5016 cieS,
652 4948 788 5020 per
820 4948 1051 5021 quam
1087 4925 1301 4999 visus
1337 4937 1581 5023 potest
1605 4928 1966 5003 devenire

424 5041 501 5113 in
563 5042 934 5116 visionem
1008 5043 1351 5141 corporis
1430 5044 1823 5138 luminosi,
1897 5053 1971 5120 et

426 5157 613 5230 illud
646 5168 759 5232 est
791 5158 1065 5255 triplex
1118 5162 1548 5234 secundum
1595 5162 1965 5259 triplicem

60 5263 399 5387 {ffliffig}
432 5274 756 5370 radium,
824 5285 1142 5370 rectum,
1227 5277 1542 5352 tractum
1617 5288 1691 5353 et
1757 5279 1970 5354 resse-

169 5397 281 5440 tua.

427 5416 633 5462 xtnu.
660 5391 941 5465 Rectus
971 5400 1109 5480 est,
1137 5394 1272 5489 qui
1302 5393 1514 5467 venit
1554 5417 1597 5466 a
1629 5393 1969 5467 lumino-

429 5532 511 5581 so
552 5508 643 5581 ad
709 5506 1125 5582 terminum
1181 5533 1317 5607 per
1369 5509 1705 5584 medium
1770 5511 1969 5606 ejus-

434 5625 599 5698 dem
640 5625 1233 5723 diaphaneitatis
1300 5625 1465 5700 sine
1524 5626 1784 5723 aliquo
1844 5651 1971 5701 an-

3542 431 3627 497 45

2079 607 2289 701 gu10,
2334 604 2519 702 quia
2558 614 2834 679 natura
2863 602 2969 677 ibi
3027 601 3184 699 agit
3249 610 3622 698 quantum

2077 730 2353 819 potest,
2398 730 2472 795 et
2539 721 2708 796 ideo
2777 719 3107 795 breviori
3179 718 3404 793 modo
3471 740 3625 814 quo

2080 849 2352 938 potest,
2391 849 2465 913 et
2523 839 2726 914 linea
2792 848 2999 913 recta
3064 846 3178 913 est
3227 835 3378 910 alia
3479 833 3624 909 sibi

2080 955 2615 1030 conterminali
2677 953 2983 1029 brevior
3037 981 3056 1048 3
3121 953 3292 1028 ideo
3362 951 3624 1026 radius

2078 1070 2283 1145 Solis
2315 1094 2620 1169 semper
2642 1079 2850 1145 tenet
2874 1068 3263 1144 incessum
3301 1077 3622 1161 rectum,

2079 1188 2140 1262 si
2179 1196 2452 1286 potest.
2490 1186 2642 1262 Sed
2675 1186 2857 1261 dum
2909 1185 3241 1261 occurrit
3289 1185 3624 1259 medium

2079 1304 2397 1379 alterius
2456 1303 3076 1403 diaphaneitatis,
3128 1313 3207 1378 ut
3273 1326 3447 1377 cum
3501 1326 3629 1377 ra-

2078 1421 2253 1496 dius
2286 1420 2559 1496 transit
2625 1445 2760 1520 per
2826 1444 3112 1515 aerem,
3148 1419 3471 1495 veniens
3531 1419 3623 1494 ad

2079 1562 2391 1637 aquam,
2435 1561 2614 1636 quae
2665 1561 2820 1612 non
2862 1547 2979 1613 est
3008 1561 3288 1635 corpus
3310 1535 3627 1611 omnino

2077 1655 2437 1749 densum,
2470 1654 2841 1753 permittit
2901 1654 3225 1729 transire
3295 1653 3621 1741 radium,

2076 1772 2210 1846 sed
2242 1796 2396 1845 non
2466 1795 2602 1870 per
2671 1772 3062 1846 incessum
3120 1780 3439 1858 rectum,
3479 1770 3626 1845 nisi

2074 1888 2337 1963 veniat
2366 1889 3133 1987 perpendiculariter,
3170 1888 3341 1963 ideo
3403 1888 3630 1963 decli·

2078 2015 2209 2078 nat
2263 2006 2524 2080 radius
2602 2006 2696 2080 ab
2749 2006 3052 2080 incessu
3151 2014 3383 2098 rect0,
3447 2029 3621 2079 cum

2074 2120 2531 2197 diffunditur
2588 2146 2724 2221 per
2790 2121 3278 2220 superficiem
3367 2144 3614 2220 aquae,

2074 2263 2250 2337 quae
2316 2248 2431 2314 est
2491 2238 2830 2313 medium
2917 2239 3235 2313 alterius
3302 2238 3621 2337 diapha-

2075 2355 2409 2451 neitatiS,
2448 2366 2530 2430 ut
2570 2365 2778 2454 patet
2809 2355 2884 2429 in
2949 2355 3616 2454 Perspectivorum

2073 2474 2344 2569 lineis3
2391 2477 2556 2549 haec
2598 2485 2853 2550 autem
2936 2473 3344 2549 declinatio
3423 2475 3620 2548 radii

2071 2592 2168 2666 ab
2237 2592 2543 2666 incessu
2614 2600 2843 2677 recto,
2929 2599 3251 2665 vocatur
3335 2591 3615 2688 fractio

2071 2708 2303 2802 radii,
2342 2707 2502 2783 sive
2571 2707 2835 2781 radius
2887 2705 3206 2804 fractus.
3250 2706 3618 2803 Relleoeus
3699 2720 3933 2770 Fractus-

2070 2835 2211 2918 est,
2276 2848 2450 2899 cum
2535 2834 2788 2899 rectus
2860 2822 3122 2897 radius
3207 2823 3617 2898 inveniens

2070 2941 2557 3015 obstaculum
2684 2939 3025 3037 corporis
3145 2937 3618 3014 sufficienter

2070 3057 2289 3131 densi
2333 3056 2605 3131 transit
2630 3078 2768 3153 per
2820 3055 3152 3130 medium
3203 3082 3221 3148 3
3259 3055 3392 3129 sed
3435 3055 3620 3152 quia

2072 3184 2350 3246 natura
2408 3170 2751 3270 corporis
2827 3169 3192 3244 luminosi
3259 3194 3417 3244 non
3477 3195 3619 3268 po-

2067 3297 2215 3362 test
2249 3288 2755 3384 multiplicare
2808 3286 3141 3384 speciem
3203 3286 3399 3361 lucis
3452 3310 3616 3361 suae

2069 3429 2206 3503 per
2276 3404 2612 3480 medium
2694 3403 2902 3478 illius
2997 3404 3367 3502 corporiS,
3440 3404 3617 3478 facit

2069 3526 2275 3622 quod
2336 3534 2610 3624 potest,
2659 3524 3238 3622 multiplicando
3306 3547 3474 3599 eam
3537 3524 3613 3598 in

2071 3641 2326 3716 medio
2381 3640 2822 3738 contiguato
2877 3640 3178 3739 corpori
3251 3640 3611 3715 obstanti.

2069 3759 2436 3833 Naturale
2504 3779 2841 3855 namque
2885 3779 3150 3853 agens,
3196 3757 3419 3854 cujus
3461 3758 3621 3829 vir-

2071 3886 2194 3949 tus
2234 3874 2485 3949 activa
2516 3898 2676 3948 nou
2703 3882 2819 3949 est
2849 3873 3178 3948 totaliter
3216 3876 3617 3967 exhausta,

2069 3993 2142 4065 in
2193 3992 2561 4066 directum
2598 3990 2779 4087 agit,
2837 3999 3215 4088 quantum
3255 4000 3504 4088 potest
3552 4000 3624 4064 et

2071 4107 2276 4205 quod
2347 4130 2502 4180 non
2563 4115 2814 4205 potest
2870 4106 2950 4179 in
3028 4106 3429 4197 directum,
3469 4105 3625 4201 agit

2072 4225 2149 4297 in
2185 4222 2586 4320 obliquum
2640 4249 2659 4315 3
2724 4230 2794 4296 et
2858 4222 3032 4296 talis
3091 4222 3627 4319 multiplicatio

2071 4340 2390 4415 luminis
2451 4347 2772 4414 vocatur
2829 4339 3180 4435 refleoez'O,
3253 4362 3429 4437 quae
3546 4336 3630 4409 fit

2071 4457 2502 4532 secundum
2561 4455 3080 4553 aequalitatem
3161 4456 3625 4551 angulorum

2072 4574 2512 4649 incidentiae
2555 4583 2631 4649 et
2706 4571 3240 4648 reflexionum.
3299 4571 3411 4646 De
3484 4572 3628 4644 hoc

2073 4695 2389 4787 Macen,
2435 4691 2824 4785 Euclides,
2870 4700 2945 4766 et
2975 4689 3133 4765 alii.

2174 4811 2472 4885 Lumen
2577 4818 2835 4884 autem
2945 4805 3382 4900 essentiale,
3466 4805 3628 4881 sive

2076 4928 2558 5027 primarium,
2589 4926 3028 5001 immediate
3073 4934 3337 5000 causat
3368 4948 3633 5024 supra-

2074 5045 2317 5119 dictos
2352 5054 2504 5118 tres
2537 5045 2793 5118 radios
2823 5042 3401 5118 immediatione
3444 5066 3633 5117 cau-

2074 5187 2209 5250 sae,
2248 5162 2431 5259 quia
2462 5185 2616 5236 non
2645 5170 2761 5237 est
2811 5184 3015 5235 unus
3077 5158 3341 5235 radius
3396 5183 3630 5235 causa

2074 5279 2418 5373 alteriuS,
2464 5279 2596 5353 sed
2640 5277 2963 5377 quilibet
3008 5300 3276 5352 eorum
3339 5287 3455 5352 est
3495 5277 3629 5350 im·

2076 5395 2403 5470 mediate
2436 5396 2532 5469 ab
2582 5395 2751 5492 ipso
2794 5393 3184 5468 luminari.
3233 5392 3344 5467 De
3415 5393 3626 5467 radio

2074 5521 2281 5587 recto
2322 5513 2428 5587 ita
2467 5512 2863 5610 probatur,
2902 5509 3084 5609 quia
3151 5518 3430 5583 natura
3470 5508 3630 5605 agit

2078 5639 2455 5727 quantum
2497 5637 2746 5728 potest
2810 5627 2954 5702 sibi
3014 5625 3428 5712 derelicta3
3474 5624 3625 5720 igi-

3670 2783 3937 2833 Ressexus.
