4295 6326
148 510 283 578 ‘eget

110 574 324 620 virtute.

184 2441 251 2508 7.

99 2559 328 2610 Habitus

44 2624 272 2687 ponitur
308 2620 372 2670 ad

83 2686 340 2747 faciliter,

1316 362 1539 429 DIST.
1592 360 1915 429 XXXIII.
1971 361 2389 442 QUAESTIO
2437 366 2678 436 UNIC.

402 527 651 603 dicato
692 553 737 603 a
777 528 1099 623 ratione,
1148 554 1297 606 non
1354 542 1601 631 potest
1667 534 1950 606 volun-

404 655 522 719 tas
582 668 864 720 errare.

500 762 686 836 Dico
753 762 955 859 quod
1027 763 1170 836 hoc
1230 773 1344 838 est
1410 765 1713 856 falsum,
1768 764 1949 861 quia

404 880 548 951 hoc
590 878 863 974 posito,
909 877 1198 952 scilicet
1257 879 1464 976 quod
1504 879 1599 952 sit
1657 879 1947 976 aliquid

402 995 821 1093 judicatum
911 1018 956 1069 a
1034 995 1356 1089 ratione,
1431 1021 1584 1069 non
1673 997 1946 1071 exinde

402 1110 837 1185 necessario
907 1110 1463 1185 determinatur
1529 1111 1619 1185 ad
1693 1113 1949 1185 volen-

403 1227 585 1301 dum
645 1226 863 1320 illud,
924 1250 1098 1301 nam
1171 1227 1233 1299 si
1302 1228 1438 1321 sic,
1516 1228 1947 1303 necessario

402 1346 849 1443 procederet
906 1345 1188 1442 aliquis
1226 1369 1465 1435 error,
1522 1347 1641 1420 vel
1696 1348 1949 1421 obnu-

400 1462 663 1535 bilatio
719 1461 1063 1535 rationis.
1129 1461 1276 1536 Sed
1323 1487 1470 1535 non
1536 1472 1777 1560 potest
1820 1488 1950 1538 vo-

402 1582 656 1655 luntas
715 1591 1071 1678 appetere
1142 1581 1288 1655 nisi
1359 1582 1783 1656 secundum
1832 1583 1949 1679 ju-

398 1697 682 1771 dicium
755 1696 1099 1790 rationiS,
1173 1707 1245 1772 et
1312 1709 1494 1772 tunc
1564 1709 1949 1797 oporteret

399 1838 565 1888 eam
637 1813 730 1887 ad
779 1812 1210 1910 judicatum
1274 1814 1385 1888 sic
1426 1814 1808 1901 inclinari,
1874 1825 1950 1891 et

376 1952 537 2027 ,per
594 1952 1080 2026 consequens
1138 1930 1478 2004 defectus
1531 1931 1698 2027 ejus
1748 1940 1947 2006 esset

401 2069 445 2120 a
486 2044 780 2120 ratione
821 2044 1137 2120 definita
1177 2046 1453 2139 taliter,
1491 2056 1564 2120 et
1595 2047 1703 2121 sic
1746 2048 1948 2121 ess'et

403 2162 707 2236 caecitas
767 2161 842 2234 in
879 2162 1145 2248 Adam,
1185 2173 1258 2237 et
1299 2163 1374 2235 in
1418 2164 1733 2259 Angelis
1772 2174 1947 2239 ante

403 2291 798 2377 peccatum
850 2278 1210 2376 primum.

503 2396 913 2489 Praeterea‚
946 2396 1251 2470 habitus
1295 2420 1447 2469 non
1489 2395 1798 2494 ponitur
1854 2397 1947 2470 ad

406 2512 1072 2588 determinandum
1121 2514 1564 2610 potentiam,
1604 2538 1743 2588 nec
1786 2538 1953 2612 pro-

409 2639 574 2727 pter
649 2629 1156 2703 substantiam
1227 2640 1468 2723 actuS,
1508 2631 1720 2728 -quia
1782 2630 1948 2704 sine

42 2755 96 2800 et
141 2750 374 2798 demm-
407 2745 672 2820 habitu
713 2754 963 2842 potest
1003 2745 1295 2832 haberi,
1342 2746 1524 2842 quia
1572 2756 1681 2820 est
1724 2770 1952 2842 agen-

119 2812 305 2861 biliter

53 2875 354 2937 agendum.

406 2862 736 2958 do.justa
774 2861 872 2936 sit
911 2862 1191 2959 aliquis
1222 2862 1480 2959 justus
1518 2864 1587 2936 6.
1633 2864 1952 2938 Echico·

405 3003 601 3065 rum,
678 2979 809 3053 sed
886 2979 978 3053 ad
1051 3002 1217 3053 eam
1291 2980 1805 3055 facilitandam
1877 2990 1951 3055 et

406 3096 988 3190 habilitandam,
1044 3106 1129 3170 ut
1176 3096 1727 3173 delectabiliter
1779 3121 1954 3196 ope-

407 3224 640 3288 retur.

500 3330 686 3404 Dico
728 3353 910 3426 ergo
967 3330 1171 3427 quod
1223 3330 1608 3426 voluntaS,
1674 3341 1754 3406 ut
1820 3334 1951 3408 de-

402 3448 838 3540 terminata,
924 3447 1137 3542 eligit
1221 3456 1421 3523 recte
1523 3450 1946 3526 secundum

405 3577 696 3643 rectum
768 3566 1145 3661 judicium
1243 3568 1701 3665 prudentiae,
1776 3595 1952 3644 cum

405 3710 556 3759 non
593 3685 848 3760 statim
891 3709 1113 3781 aeque
1154 3685 1477 3760 faciliter
1518 3698 1591 3762 et
1631 3688 1953 3764 delecta·

403 3803 657 3879 biliter
723 3802 979 3898 eligat,
1053 3828 1206 3877 non
1278 3814 1392 3878 est
1449 3805 1953 3881 determinata

404 3944 496 3996 ex
562 3945 643 3996 se
711 3921 805 3994 ad
889 3919 1207 3994 faciliter
1262 3933 1336 3995 et
1400 3922 1955 3998 delectabiliter

405 4039 845 4136 eligendum
934 4047 1187 4112 actum
1268 4064 1525 4132 suum,
1608 4041 1951 4138 alioquin

406 4153 470 4228 si
540 4152 732 4226 ratio
774 4154 1210 4227 ostenderet
1268 4154 1734 4251 oppositum,
1799 4166 1956 4229 sta-

407 4268 541 4342 tim
584 4292 807 4368 aeque
851 4269 1130 4343 faceret
1169 4268 1493 4343 faciliter
1525 4280 1598 4344 et
1633 4271 1958 4345 delecta·

406 4384 662 4461 biliter
701 4385 1013 4481 eligere,
1052 4394 1126 4459 et
1182 4385 1289 4459 sic
1350 4409 1572 4483 teque
1623 4386 1958 4461 delecta-

408 4501 665 4576 biliter
727 4512 1139 4599 utrumque
1183 4504 1621 4603 oppositum
1682 4505 1959 4580 faceret

410 4620 835 4695 secundum
883 4622 1121 4695 solam
1177 4622 1694 4697 ostensionem
1739 4623 1960 4697 ratio-

413 4738 569 4831 nis;
595 4738 724 4812 sed
760 4740 906 4812 hoc
938 4748 1053 4813 est
1084 4739 1355 4812 falsum
1384 4768 1401 4832 ;
1429 4738 1659 4836 igitur
1689 4742 1956 4815 saltem

417 4862 495 4928 ut
547 4855 907 4928 voluntas
950 4854 1502 4930 delectabiliter
1564 4866 1961 4931 moveatur

413 4969 488 5042 in
534 4969 919 5066 objectum
975 4995 1234 5064 suum,
1281 4971 1635 5068 eligendo
1705 4983 1955 5047 actum

415 5109 671 5173 suum,
753 5096 1050 5184 oportet
1142 5111 1429 5185 ponere
1519 5088 1961 5185 hujusmodi

413 5203 738 5278 virtutes
786 5203 860 5276 in
926 5205 1342 5279 voluntate.

3473 363 3603 430 513

2155 537 2461 631 Contra,
2540 535 3021 632 Augustinus
3109 555 3343 630 super
3417 530 3605 605 illud

2057 654 2342 727 Psalm.
2373 655 2442 726 7.
2485 653 2859 727 Scrutans
2887 650 3140 735 corda,
3174 649 3356 723 dicit
3397 648 3602 743 quod

2054 771 2261 846 bona
2292 771 2692 847 delectatio
2733 779 3027 843 tantum
3073 776 3185 842 est
3225 766 3300 839 in
3333 766 3602 838 volun-

2061 897 2231 963 tate.
2298 889 2454 963 Nec
2497 890 2699 962 valet
2765 887 2981 960 aliter
3044 884 3322 976 dicere,
3389 882 3595 980 quod

2055 1006 2162 1079 sic
2219 1006 2504 1080 moveri
2545 1014 2658 1082 est
2713 1002 3189 1094 delectabile,
3244 1000 3424 1097 quia
3485 1023 3598 1073 ra-

2056 1123 2158 1196 tio
2202 1123 2434 1197 dictat
2486 1147 2653 1197 esse
2728 1120 3201 1195 conveniens
3255 1118 3398 1192 sibi
3461 1140 3597 1215 pro

2056 1263 2291 1333 nunc,
2337 1239 2519 1337 quia
2576 1238 2638 1312 si
2694 1239 2802 1312 sic
2862 1234 3222 1311 convenit
3262 1234 3600 1330 aliquem

2058 1356 2463 1430 habentem
2539 1355 2882 1429 habitum
2979 1351 3338 1424 vitiosum
3430 1371 3602 1423 esse

2054 1471 2515 1564 virtuosum,
2578 1471 2763 1568 quia
2831 1467 3385 1544 delectabiliter
3452 1465 3610 1561 agit

2056 1600 2306 1663 actum
2360 1588 2666 1663 habitus
2713 1586 3063 1677 virtuosi,
3128 1593 3200 1658 et
3251 1583 3432 1680 quia
3480 1606 3610 1679 po-

2054 1716 2201 1781 test
2276 1729 2412 1803 per
2466 1703 2894 1779 doctrinam
2963 1701 3225 1776 reduci
3304 1700 3396 1774 ad
3463 1699 3608 1772 bo-

2056 1848 2308 1915 num3
2373 1822 2607 1919 igitur
2681 1820 2934 1895 statim
3001 1816 3392 1892 concludit
3458 1815 3602 1889 sibi

2057 1963 2191 2037 per
2231 1939 2606 2012 rationem
2677 1936 2768 2010 de
2811 1935 3015 2009 bono
3067 1932 3419 2030 opposito
3477 1930 3606 2004 eli-

2055 2056 2328 2131 ciendo
2442 2065 2657 2129 actus
2770 2051 3195 2126 contrarios
3309 2047 3605 2122 habitui

2057 2173 2321 2271 priori,
2368 2171 2498 2269 qui
2547 2194 2698 2244 non
2746 2168 3078 2242 totaliter
3117 2176 3231 2240 est
3276 2165 3605 2258 ablatuS,

2056 2289 2310 2387 quoad
2376 2287 2810 2362 facilitatem
2890 2295 2965 2359 et
3021 2282 3606 2357 delectationem

2056 2405 2134 2477 in
2203 2427 2460 2502 opere,
2553 2425 2806 2499 neque
2903 2400 3197 2498 primus
3270 2406 3403 2472 aut
3492 2419 3615 2471 se-

2055 2522 2360 2596 cundus
2458 2529 2672 2594 actus
2758 2518 3010 2591 bonus
3105 2524 3304 2590 esset
3350 2513 3601 2589 statim

2057 2638 2609 2714 delectabiliter
2705 2644 2779 2710 et
2868 2634 3188 2710 faciliter
3269 2633 3596 2717 elicituS,

2057 2756 2241 2852 quia
2309 2752 2779 2829 contrarium
2845 2761 2958 2826 est
3022 2773 3322 2843 verum,
3421 2772 3598 2823 nam

2058 2873 2309 2946 adhuc
2386 2871 2706 2944 vitiosus
2780 2877 2980 2943 esset
3037 2867 3284 2963 magis
3345 2866 3601 2941 delec-

2058 2988 2312 3062 tabilis
2396 2997 2470 3062 et
2544 2985 2811 3060 facilis.
2885 2985 3073 3058 Cum
3153 2982 3385 3079 igitur
3447 2981 3604 3054 vir-

2059 3114 2182 3179 tus
2241 3103 2338 3179 sit
2394 3103 2702 3178 habitus
2742 3100 3113 3176 electivus
3172 3099 3599 3174 secundum

2061 3222 2435 3296 rationem
2481 3229 2762 3295 rectam
2804 3242 2897 3293 ex
2925 3217 3236 3316 propria
3275 3216 3597 3301 ratione,

2063 3347 2143 3412 ut
2186 3346 2386 3435 patet
2427 3337 2497 3407 2.
2540 3333 2798 3408 Echio.
2847 3357 3013 3431 cap.
3073 3333 3142 3405 6.
3190 3342 3263 3407 et
3305 3334 3450 3405 hoc
3510 3329 3605 3405 ad

2063 3454 2381 3528 faciliter
2412 3460 2484 3528 et
2515 3451 3070 3527 delectabiliter
3096 3449 3603 3548 operandum,

2060 3570 2423 3648 convenit
2490 3570 2561 3645 ei
2629 3593 2720 3644 ex
2781 3572 2953 3661 hoc,
3028 3568 3232 3665 quod
3298 3564 3607 3640 habitus

2060 3690 2338 3789 poterit
2377 3687 2730 3785 generari
2789 3686 2863 3759 in
2929 3687 3320 3759 voluntate
3362 3708 3453 3758 ex
3495 3707 3612 3757 ac-

2060 3807 2266 3881 tibus
2356 3804 2782 3878 secundum
2865 3812 3145 3875 rectam
3235 3799 3607 3873 rationem

2062 3918 2594 4019 frequentatis.

2162 4041 2377 4131 Item,
2458 4036 2635 4111 licet
2719 4035 2908 4110 ratio
2981 4035 3059 4107 in
3131 4033 3379 4132 primo
3437 4039 3604 4106 actu

2062 4154 2617 4230 determinetur
2706 4152 2798 4226 ad
2904 4147 3606 4238 determinandum,

2063 4270 2547 4348 sollicitando
2614 4268 2693 4342 in
2748 4267 3189 4364 agibilibuS‚
3236 4265 3341 4339 ita.
3406 4263 3612 4361 quod

2066 4388 2311 4486 magis
2342 4384 2777 4462 necessario
2811 4393 2885 4458 et
2922 4381 3425 4458 determinate
3457 4389 3616 4454 ten-

2064 4507 2174 4581 dit
2204 4529 2294 4581 ex
2330 4504 2623 4579 ratione
2657 4501 2749 4576 ad
2783 4500 3033 4575 debite
3076 4498 3492 4596 agendum,
3537 4505 3617 4570 ut

2065 4625 2188 4699 isti
2250 4631 2574 4721 ponunt,
2659 4629 2914 4693 tamen
2981 4641 3071 4692 ex
3131 4617 3427 4690 actibus
3507 4613 3615 4689 sic

2066 4737 2551 4816 sollicitando
2619 4732 3121 4832 frequentatis
3198 4740 3615 4829 generatur

2069 4856 2376 4931 habitus
2465 4853 2809 4928 scientiae
2922 4849 3338 4949 operativae
3445 4847 3619 4922 sine

2068 4972 2532 5073 prudentia3
2579 4994 2761 5066 ergo
2828 4970 3091 5044 eadem
3143 4967 3434 5042 ratione
3495 4990 3621 5039 vo·

2073 5093 2328 5164 luntas
2370 5110 2523 5160 non
2566 5085 2912 5161 absolute
2956 5083 3492 5175 determinata,
3544 5089 3623 5154 ut

2071 5213 2372 5305 ponunt
2410 5227 2575 5278 eam
2620 5227 2710 5276 ex
2734 5201 3025 5297 judicio
3061 5199 3406 5291 rationis,
3443 5220 3621 5270 cum

512 5318 740 5394 Dices
827 5321 1032 5418 quod
1120 5345 1329 5395 nunc
1414 5322 1965 5398 delectabiliter
2073 5351 2225 5400 non
2324 5323 2423 5398 sit
2522 5344 2820 5397 summe
2925 5318 3432 5395 determinata
3527 5315 3621 5388 ad

418 5448 771 5513 movetur
828 5439 906 5512 in
986 5441 1369 5536 objectum
1440 5440 1759 5534 bonum,
1832 5443 1962 5517 sed

415 5555 546 5629 illa
590 5555 821 5630 motio
883 5565 996 5631 est
1047 5556 1124 5630 in
1179 5557 1521 5655 appetitu
1565 5558 1959 5633 sensitiv0.

629 5700 767 5754 Tou.
801 5698 976 5754 XXIII

2076 5467 2306 5518 unam
2353 5449 2673 5539 partem,
2734 5437 2916 5535 quia
2973 5447 3157 5512 tunc
3200 5458 3353 5509 non
3421 5442 3624 5508 esset

2077 5561 2345 5650 libera,
2419 5579 2560 5630 nec
2629 5564 2742 5628 est
2813 5551 3054 5649 magis
3121 5550 3629 5625 determinata

3314 5693 3382 5747 33
