4295 6326
300 1966 406 2032 19.

245 2081 453 2131 Decisio

172 2146 501 2208 qnaestionis

190 2207 467 2262 seeundae.

309 5479 418 5547 20.

1556 386 1784 456 DIST.
1832 382 2022 452 XIV.
2072 376 2492 461 QUAESTIO
2540 374 2632 447 ll.

1045 722 1404 779 SGHOLlUM
1445 720 1537 776 lV.

593 870 892 927 Sententia
922 871 990 926 D.
1020 871 1255 926 Thomae
1289 888 1326 927 1.
1363 888 1417 941 p.
1474 873 1680 938 quaest.
1737 868 1820 921 12.
1872 870 1980 919 art.
2009 866 2062 920 8.

523 968 581 1019 et
609 964 661 1017 3.
697 978 751 1034 p.
775 968 979 1033 quaest.
1033 963 1118 1018 10.
1150 967 1256 1016 art.
1287 963 1343 1016 2.
1377 960 1636 1015 animam
1681 956 1895 1012 Christi
1950 971 2062 1011 non

522 1055 718 1109 videre
773 1050 992 1119 o'mnia,
1055 1070 1181 1123 quae
1238 1053 1393 1107 videt
1441 1051 1719 1119 Verbum,
1774 1048 1909 1119 quia
1971 1046 2063 1102 hic

522 1140 1038 1213 comprehenderet
1097 1140 1262 1206 illud,
1319 1140 1606 1195 refutatur
1667 1137 1869 1207 primo,
1930 1136 2067 1207 quia

522 1232 653 1305 plus
685 1236 769 1287 est
802 1232 994 1286 videre
1016 1230 1311 1285 infinitum
1347 1228 1635 1286 intensive
1662 1243 1836 1299 quam
1872 1231 2067 1281 exten-

523 1321 662 1386 sive,
696 1324 754 1374 et
787 1324 975 1374 tamen
1013 1319 1112 1373 illa
1142 1318 1286 1373 visio
1321 1335 1431 1372 non
1476 1317 1939 1389 comprehendit.
1964 1318 2068 1373 Se-

521 1409 736 1474 cunde,
792 1424 1149 1478 cognoscens
1203 1422 1378 1462 unum
1438 1406 1704 1461 effectum
1765 1408 1887 1475 Dei,
1953 1422 2065 1461 non

520 1497 963 1569 comprehendit
997 1513 1126 1553 eum
1188 1502 1250 1551 ut
1287 1513 1524 1551 eausam
1587 1496 1745 1551 illius
1803 1496 2065 1552 effectus.

519 1590 735 1654 Tertio.
767 1590 953 1660 rejicit
986 1588 1315 1660 exemplum
1352 1589 1414 1643 D.
1450 1588 1698 1645 Thomae.
1741 1588 1886 1645 Vide
1930 1589 2066 1643 Fab.

523 1682 658 1736 dist.
695 1680 779 1735 14.
815 1697 939 1753 cap.
971 1697 1008 1734 1.
1044 1684 1102 1735 et
1130 1680 1182 1734 2.
1216 1684 1272 1734 et
1305 1678 1573 1749 Pitigian.
1607 1679 1773 1735 artie.
1820 1697 1859 1735 1.
1911 1678 2067 1735 relu-

526 1777 713 1827 tantes
745 1772 1065 1827 solutiones
1105 1771 1562 1827 Thornistarum.

629 1945 740 2020 Ad
810 1932 1227 2021 secundam
1307 1945 1842 2044 quaestionem,
1895 1967 2070 2018 cum

533 2062 908 2160 quaeritur
937 2086 1035 2137 an
1077 2063 1340 2137 anima
1375 2062 1665 2136 Christi
1721 2062 1935 2135 novit
1990 2060 2073 2134 in

550 2179 783 2255 Verbo
854 2180 1140 2272 omnia,
1212 2204 1381 2278 quae
1448 2180 1663 2254 novit
1716 2177 2067 2268 Verbum,

532 2295 1033 2393 distinguitur
1060 2297 1150 2370 de
1197 2284 1464 2370 notitia
1515 2296 1775 2371 Verbi.
1841 2297 2074 2383 Quae-

531 2413 702 2488 dam
740 2413 951 2487 novit
982 2413 1252 2487 notitia
1290 2412 1649 2513 simplici,
1712 2412 1821 2487 sic
1864 2413 2069 2489 enim

533 2529 745 2602 novit
775 2528 1029 2603 fienda
1071 2539 1145 2602 et
1177 2553 1330 2602 non
1367 2528 1623 2604 fienda
1658 2557 1676 2623 3
1713 2530 2069 2627 quaedam

530 2645 744 2718 novit
800 2644 1119 2720 scientia
1184 2645 1533 2739 visionis,
1619 2669 1794 2744 quae
1880 2647 2073 2721 sacta

529 2771 730 2845 sunt,
799 2771 874 2835 et
948 2784 1124 2858 quae
1180 2771 1359 2835 sunt
1438 2760 1718 2835 fienda.
1812 2762 2070 2836 Primo

530 2876 754 2950 modo
796 2876 1230 2950 intellectus
1265 2883 1547 2951 animae
1603 2876 1880 2950 Christi
1917 2901 2065 2951 non

529 2994 743 3067 novit
773 2993 1059 3087 omnia,
1093 3016 1268 3090 quae
1299 2994 1638 3068 Verbum
1681 2997 2069 3087 3secundo

533 3113 758 3187 modo
793 3112 1029 3188 novit.
1078 3113 1296 3188 Patet
1337 3113 1699 3211 primum,
1756 3113 1939 3211 quia
2006 3113 2070 3189 si

530 3230 664 3324 sic,
737 3231 1071 3305 essentia
1143 3231 1930 3328 comprehenderetur
1975 3231 2069 3304 ab

529 3348 921 3422 intellectu
1023 3348 1337 3442 animae,
1419 3348 1622 3446 quod
1704 3348 2073 3445 probatur

532 3463 939 3561 dupliciter
978 3463 1085 3538 sic
1127 3463 1222 3537 ab
1265 3463 1479 3537 aliis:

628 3580 887 3655 Primo
982 3581 1118 3675 sic,
1214 3590 1501 3679 quanto
1603 3579 2071 3679 principium

536 3698 945 3795 perfectius
978 3698 1493 3794 cognoscitur,
1553 3708 1756 3772 tanto
1810 3700 2071 3796 plures

537 3813 1074 3888 conclusiones
1139 3813 1215 3886 in
1298 3814 1460 3912 ipso
1544 3814 1925 3905 videntur,
2000 3824 2074 3888 et

537 3956 674 4030 per
706 3956 1191 4031 consequens
1221 3931 1285 4005 si
1317 3955 1585 4005 omnes
1635 3932 2073 4005 conclusio-

533 4073 669 4124 nes
730 4050 1115 4144 videntur,
1177 4048 1411 4144 igitur
1478 4058 1551 4124 et
1608 4048 2072 4147 principium

532 4166 860 4264 perlecte
901 4166 1391 4262 cognoscitur
1447 4175 1521 4240 et
1580 4168 2075 4262 comprehen-

533 4282 763 4355 ditur.

631 4397 988 4472 Secundo
1020 4396 1154 4484 sic,
1201 4396 1353 4494 qui
1396 4396 1790 4494 cognoscit
1829 4421 2071 4471 unum

535 4512 918 4606 effectum,
983 4515 1321 4610 aliquam
1393 4513 1624 4587 habet
1699 4514 2075 4609 cognitio-

536 4653 705 4704 nem
765 4652 1056 4722 causae,
1108 4638 1180 4702 et
1228 4629 1358 4726 qui
1442 4631 1702 4726 plures
1760 4629 2074 4704 effectus

537 4746 882 4842 ejusdem
915 4770 1201 4839 causae,
1247 4747 1421 4843 plus
1464 4745 1553 4820 de
1614 4747 1747 4821 illa
1774 4770 2004 4820 causa
2051 4774 2070 4840 ;

537 4862 771 4957 igitur
845 4862 978 4959 qui
1059 4885 1329 4935 omnes
1438 4860 1753 4936 effectus
1837 4862 2070 4956 videt,

539 5003 847 5054 causam
890 4980 1222 5054 totaliter
1252 4980 1882 5078 comprehendit3
1922 5004 2071 5054 non

540 5096 774 5193 igitur
803 5097 1010 5171 videt
1053 5096 1484 5171 intellectus
1517 5097 1798 5172 animae
1831 5099 2079 5172 Chris·

541 5212 595 5286 ti
659 5212 736 5285 in
778 5211 1032 5287 Verbo
1084 5212 1343 5286 omnia
1406 5235 1581 5309 quae
1639 5213 1846 5287 videt
1883 5213 2080 5288 Ver-

542 5329 753 5402 bum.

640 5445 826 5519 Dico
913 5446 1113 5543 quod
1177 5444 1320 5520 ista
1373 5446 1562 5520 ratio
1637 5470 1787 5521 non
1849 5448 2073 5540 valet,

545 5562 819 5660 primo,
867 5562 1009 5636 ista
1047 5563 1600 5660 consequentia
1634 5588 1784 5639 non
1829 5565 2070 5638 valet:

3592 370 3714 439 351

2174 550 2322 624 Iste
2382 546 2776 643 cognoscit
2843 568 3112 620 omnes
3179 543 3495 619 effectus
3558 543 3721 615 vir-

2172 665 2483 740 tualiter
2512 673 2915 737 contentos
2977 662 3054 736 in
3117 684 3411 753 causa3
3488 659 3719 755 igitur

2172 779 2755 879 comprehendit
2786 801 3127 872 causam,
3203 776 3386 874 quia
3427 798 3717 871 cogno-

2173 923 2398 974 scens
2460 897 2968 996 propinquius
3009 919 3293 988 causae,
3358 895 3531 992 plus
3599 916 3718 967 co-

2174 1016 2475 1112 gnoscit
2540 1015 2631 1089 de
2684 1038 2918 1090 causa
2965 1036 3197 1111 quarn
3240 1033 3716 1108 cognoscens

2174 1132 2572 1225 remotius,
2634 1131 2696 1205 si
2773 1139 3134 1206 neutrum
3228 1127 3719 1226 cognoscitur

2173 1250 2322 1324 nisi
2356 1273 2493 1347 per
2522 1250 2745 1323 istam
2788 1272 3128 1323 causam.
3169 1247 3318 1322 Sed
3376 1244 3719 1320 infinitas

2175 1365 2560 1440 intensiva
2612 1374 2726 1439 est
2786 1363 3302 1438 immediatius
3360 1361 3719 1437 essentiae

2174 1483 2488 1576 divinae,
2551 1504 2779 1579 quam
2855 1479 3242 1554 infinitum
3296 1479 3719 1574 extensive,

2176 1598 2359 1698 quia
2415 1596 2800 1670 infinitum
2856 1595 3239 1670 intensive
3304 1592 3724 1667 includitur

2176 1717 2253 1790 in
2317 1716 2588 1790 eodem
2655 1713 2967 1788 instanti
3035 1721 3364 1804 naturae,
3437 1710 3515 1782 in
3569 1732 3722 1807 quo

2178 1831 2514 1908 essentia
2566 1838 2680 1904 est
2738 1852 2903 1924 ens,
2967 1852 3139 1902 cum
3239 1825 3574 1902 essentia
3628 1824 3724 1900 sit

2180 1950 2502 2049 pelagus
2548 1945 2968 2039 infinitum,
3042 1954 3115 2019 et
3175 1943 3369 2017 illud
3425 1942 3722 2020 instans

2180 2076 2478 2140 naturae
2563 2063 2929 2162 praecedit
3014 2086 3243 2137 omne
3333 2060 3720 2135 infinitum

2180 2180 2598 2257 extensive.
2648 2178 3018 2253 Similiter
3049 2178 3241 2252 illud
3273 2188 3384 2252 est
3451 2177 3720 2253 imme·
3754 2169 3921 2232 ”⁸8³⁸
3961 2182 4037 2218 ΒΘ·

3862 2232 4005 2281 υἰιιιι·

2178 2298 2460 2372 diatius
2536 2296 2891 2371 essentiae
2969 2296 3280 2383 divinae,
3374 2320 3550 2370 cum
3626 2296 3723 2371 sit
3800 2246 4038 2357 &impre-

2179 2414 2392 2512 prius
2434 2414 2511 2486 in
2550 2412 2840 2487 ratione
2884 2411 3426 2508 cognoscibilis
3486 2435 3717 2510 quam
3750 2356 4069 2532 Ξὲῖὲἦέῑὲἓ·

2178 2529 2567 2604 infinitum
2637 2528 3095 2621 extensive3
3170 2527 3405 2624 igitur
3469 2529 3533 2603 si
3602 2554 3720 2604 co·
3856 2546 3957 2594 sivi

2176 2669 2555 2742 gnoscens
2663 2643 3051 2718 infinitum
3150 2643 3560 2739 intensive,
3641 2655 3721 2720 ut
3767 2621 4047 2721 εκῗὲἰῗζῗνῑ.

2176 2761 2593 2855 infinitum,
2629 2785 2784 2835 non
2828 2761 3415 2858 comprehendit
3453 2786 3721 2837 essen-

2175 2880 2385 2965 tiam,
2451 2901 2702 2975 neque
2734 2878 2794 2951 si
2863 2887 3274 2974 cognoscat
3328 2879 3533 2976 quod
3587 2878 3723 2951 im-

2176 2992 2587 3091 perfectius
2637 3002 2777 3086 est,
2845 3001 2924 3065 ut
2986 2991 3378 3067 infinitum
3454 3004 3722 3068 exten-

2178 3109 2368 3203 sive,
2471 3116 2781 3207 propter
2895 3108 3038 3182 hoc
3139 3109 3723 3206 comprehendit

2178 3227 2621 3320 essentiam,
2701 3226 2884 3323 quia
2950 3227 3538 3324 comprehensio
3607 3237 3723 3302 est

2180 3343 2486 3442 quando
2592 3351 2800 3416 tanta
2885 3352 3001 3416 est
3098 3343 3721 3419 intellectualitas

2177 3461 2568 3558 potentiae,
2615 3469 2903 3558 quanta
2954 3468 3069 3534 est
3131 3460 3725 3557 intelligibilitas

2180 3577 2483 3674 objecti.

2277 3694 2493 3787 Item,
2591 3693 2863 3768 videns
2944 3717 3188 3767 unum
3284 3705 3716 3789 causatum,
3795 3694 4042 3818 ssgssffig}

2180 3834 2330 3885 non
2371 3819 2678 3908 propter
2724 3811 2867 3884 hoc
2927 3811 3512 3907 comprehendit
3553 3835 3725 3886 cau·
3795 3821 4005 3869 hensio·

2179 3950 2370 4020 sam,
2417 3936 2500 4001 ut
2546 3950 2779 4000 causa
2851 3926 3083 4022 hujus
3151 3925 3467 4001 effectus
3550 3952 3728 4026 per-

2179 4046 2411 4138 fecte3
2453 4066 2701 4141 neque
2735 4042 3006 4116 videns
3038 4041 3390 4117 effectum
3443 4068 3726 4119 secun-

2179 4162 2392 4255 dum,
2479 4169 2788 4258 propter
2874 4161 3018 4233 hoc
3112 4159 3320 4235 videt
3413 4184 3726 4236 causam

2179 4278 2387 4352 illius
2415 4275 2752 4370 effectuS,
2789 4285 2873 4350 ut
2904 4299 3138 4350 causa
3178 4288 3292 4352 est
3339 4279 3670 4375 perfecte
3704 4306 3722 4372 3

2182 4417 2433 4491 neque
2479 4394 2651 4489 plus
2684 4391 2776 4466 de
2809 4415 3070 4484 causa,
3107 4392 3567 4489 inquantum
3614 4403 3726 4468 est

2150 4536 2414 4620 ⁸causa
2471 4510 2694 4608 primi
2756 4508 3095 4597 effectuS,
3152 4534 3323 4584 cum
3385 4512 3528 4586 ista
3577 4511 3732 4587 sint

2181 4630 2618 4727 disparata3
2685 4627 3130 4724 igitur‘non
3199 4639 3511 4727 propter
3585 4632 3729 4704 hoc

2182 4748 2387 4844 quod
2435 4746 2642 4820 videt
2707 4769 2976 4820 omnes
3035 4744 3376 4840 effectuS,
3446 4749 3729 4846 perfec·

2186 4863 2335 4937 tius
2394 4862 2788 4960 cognoscit
2855 4886 3166 4937 causam
3263 4864 3725 4961 inquantum

2184 4981 2418 5078 hujus
2460 4979 2830 5073 effectus3
2894 4979 3126 5076 igitur
3193 5006 3347 5055 non
3420 4993 3731 5082 propter

2183 5101 2356 5192 hoc,
2395 5098 2599 5195 quod
2642 5098 2846 5170 videt
2894 5121 3192 5191 omneS,
3232 5104 3733 5199 comprehen-

2184 5214 2291 5286 dit
2331 5237 2641 5288 causam
2675 5213 3137 5310 inquantum
3171 5238 3428 5290 causa.

2281 5330 2468 5404 Dico
2499 5331 2735 5426 igitur
2773 5331 2867 5404 ad
2928 5331 3485 5428 probationem,
3522 5333 3728 5432 quod

2186 5472 2660 5544 cognoscens
2794 5448 3283 5546 principium,
3397 5453 3726 5548 perfecte

2185 5567 2580 5662 cognoscit
2631 5564 3237 5660 conclusionem,
3274 5567 3404 5640 sed
3459 5591 3498 5641 e
3541 5591 3730 5642 con-

3876 5359 3984 5427 21.
