4295 6326
578 417 707 485 236

583 591 789 686 quod
867 603 981 667 est
1048 595 1215 668 haec
1282 603 1580 668 natura.
1663 593 1863 668 Dicit
1930 593 2133 668 enim

584 707 787 802 quod
839 709 1044 785 Deus
1087 711 1504 809 assumpsit
1549 720 1901 785 naturam
1970 720 2139 785 ato-

583 847 819 918 mam,
866 849 1015 899 non
1076 837 1328 901 tamen
1398 828 1471 901 in
1528 828 1780 927 seipso
1840 828 2138 902 subsis-

584 948 894 1015 tentem.

349 1090 414 1156 4·
657 1055 983 1131 -Dicitur
1077 1059 1311 1154 igitur
1375 1061 1484 1135 sic
1570 1060 1844 1159 primo,
1929 1061 2134 1159 quod

251 1205 443 1270 Opinio
476 1208 521 1254 1,
585 1181 891 1266 natura,
925 1197 1076 1272 qua
1117 1176 1782 1252 communicabilis
1821 1187 1936 1252 est
1976 1178 2139 1276 plu-

231 1268 382 1328 Q²¹⁰d
414 1281 537 1340 ‘’⁶“
586 1287 827 1383 ribuS,
873 1313 1027 1364 non
1089 1301 1337 1390 potest
1396 1292 1563 1367 fieri
1630 1293 2139 1369 incommuni-

262 1330 524 1382 sonalttas

232 1394 554 1519 “33:335‘322
585 1404 879 1500 cabilis,
935 1406 1081 1481 nisi
1125 1431 1260 1507 per
1299 1409 1608 1506 aliquod
1676 1433 1815 1484 ens
1866 1410 2138 1509 positi-

229 1518 542 1633 ng‘btssffig·
583 1544 814 1616 vum3
852 1522 1023 1597 ideo
1063 1534 1362 1623 oportet
1401 1525 1653 1601 dicere
1694 1528 1899 1624 quod
1958 1551 2137 1625 per-

293 1645 504 1710 duplex.
585 1658 778 1710 sona
853 1637 1609 1716 incommunicabilis
1683 1642 1780 1716 sit
1847 1642 2134 1741 duplici

584 1751 1479 1851 incommunicabilitate,
1579 1782 1756 1833 nam
1852 1759 2136 1858 duplex

582 1877 697 1942 est
749 1873 1549 1949 communicabilitas:
1616 1875 1786 1949 Una
1828 1899 2135 1975 respec-

582 1993 658 2058 tu
733 1985 1084 2082 istorum,
1166 2013 1493 2087 quorum
1565 1992 1960 2090 quodlibet
2021 2003 2135 2067 est

578 2099 890 2198 ipsum3
960 2106 1104 2179 hoc
1165 2107 1392 2180 modo
1450 2117 1728 2183 natura
1783 2132 2135 2183 commu-

577 2218 881 2293 nicatur
941 2222 1385 2321 suppositis,
1431 2232 1504 2298 et
1543 2223 1651 2298 sic
1694 2223 2131 2301 universale

574 2344 690 2408 est
766 2337 1437 2414 communicabile.
1509 2339 1678 2414 Alia
1743 2351 1856 2416 est
1923 2364 2129 2414 com-

570 2452 1167 2548 municabilitas,
1213 2478 1368 2553 qua
1409 2457 1652 2531 forma
1709 2458 2132 2531 communi-

569 2576 792 2641 catur
824 2570 1193 2664 materiae,
1231 2581 1304 2644 et
1334 2572 1768 2649 universale
1805 2584 2127 2672 utroque

571 2686 799 2759 modo
869 2688 1513 2784 communicatur,
1594 2691 1778 2788 quia
1851 2692 2130 2767 dicitur

570 2803 663 2876 de
711 2804 1093 2901 pluribus,
1138 2815 1213 2880 et
1257 2815 1372 2881 est
1421 2806 1497 2879 in
1552 2808 1930 2905 pluribus.
1975 2810 2125 2884 Sed

569 2921 964 3018 singulare
1046 2948 1197 2998 non
1265 2927 1883 3002 communicatur
1975 2927 2125 3003 nisi

569 3039 913 3112 secundo
984 3040 1238 3135 modo,
1310 3042 1509 3117 sicut
1575 3045 1818 3119 forma
1886 3054 2121 3120 mate—

564 3154 757 3250 riae3
830 3180 1161 3255 persona
1199 3168 1451 3235 autem
1525 3169 1639 3236 est
1690 3160 2123 3236 incommu-

564 3272 921 3348 nicabilis
1025 3284 1396 3372 quantum
1504 3278 1596 3351 ad
1714 3286 2120 3376 utramque

565 3389 1425 3467 communicabilitatem
1462 3421 1481 3487 ;
1547 3402 1662 3469 est
1708 3394 1913 3469 enim
1958 3419 2123 3494 per-

563 3529 755 3580 sona
809 3507 1161 3582 ultimum
1205 3508 1696 3584 informatum
1740 3511 1817 3584 in
1890 3523 2122 3587 natu-

566 3645 675 3715 ra,
731 3623 945 3697 nullo
1000 3624 1344 3699 ulteriori
1404 3626 1918 3702 informabile.

664 3738 812 3810 Pro
846 3738 988 3813 ista
1019 3740 1382 3838 opinione
1442 3767 1712 3839 arguO,
1767 3742 2118 3818 sicutin-

563 3856 879 3931 dividuo
912 3880 1063 3931 non
1110 3859 1471 3957 competit
1511 3861 1776 3948 dividi,
1824 3861 1931 3936 ita
1972 3885 2116 3937 nec

562 3997 701 4070 per
778 3997 859 4048 se
926 3974 1287 4073 competit
1340 3977 1922 4067 communicari,
1996 4002 2116 4054 se-

562 4089 900 4164 cundum
993 4090 1458 4166 Richardum
1542 4093 1613 4165 4.
1677 4093 1770 4168 de
1834 4095 2112 4169 Trinit.

561 4206 804 4301 Igitur
843 4206 1060 4300 illud,
1125 4231 1277 4306 quo
1320 4232 1650 4306 persona
1689 4220 1804 4285 est
1833 4210 2121 4285 incom-

564 4325 1083 4417 municabilis,
1142 4335 1257 4400 est
1295 4326 1607 4423 aliquod
1667 4351 1806 4402 ens
1847 4328 2119 4427 positi-

560 4466 774 4529 vum,
811 4441 1007 4517 sicut
1047 4440 1237 4516 illud
1270 4465 1424 4540 quo
1465 4444 1948 4542 suppositum
2005 4454 2119 4521 est

564 4556 1081 4650 individuum,
1154 4567 1229 4632 et
1294 4557 1483 4631 illud
1551 4582 1690 4634 ens
1756 4560 1900 4634 erit
1965 4560 2116 4634 alia

563 4673 843 4749 entitas
884 4696 928 4747 a
975 4681 1277 4748 natura.

663 4788 1181 4863 Confirmatur
1247 4789 1465 4882 illud,
1538 4789 1721 4887 quia
1789 4790 1981 4865 libro
2044 4793 2113 4866 1.

563 4907 898 4982 distinct.
955 4906 1074 4979 28.
1122 4906 1550 4982 ostenditur
1590 4909 1793 5005 quod
1856 4933 2118 5007 perso-

567 5048 669 5099 na
699 5025 776 5098 in
810 5024 1093 5099 divinis
1125 5049 1276 5099 non
1314 5035 1563 5124 potest
1591 5027 1950 5103 constitui
1984 5051 2121 5126 per

569 5142 906 5241 aliquam
954 5142 1494 5241 proprietatem
1553 5143 2015 5240 negativam.

668 5259 886 5352 Item,
945 5259 1284 5333 secundo
1325 5259 1674 5355 arguitur
1726 5260 1819 5334 ad
1885 5258 2116 5353 idem,

569 5375 766 5450 sicut
833 5373 1068 5446 dividi
1140 5383 1253 5448 est
1326 5374 1949 5473 imperfectioniS,
2021 5375 2116 5451 ita

574 5488 1090 5589 dependentia
1137 5498 1252 5564 est
1282 5490 1880 5588 imperfectionis
1922 5519 1941 5585 3
1988 5492 2120 5566 sed

574 5609 829 5687 omnis
907 5607 1379 5706 imperfectio
1450 5619 1827 5707 repugnat
1891 5609 2121 5686 alicui

215 3741 370 3794 Ratio
404 3742 503 3807 pri-

334 3821 439 3858 ma.

259 5311 414 5364 Ratio
444 5315 492 5363 2.

2025 373 2262 488 Lien]
2314 420 2434 490 ιιι.

2248 617 2630 692 personae,
2664 593 2845 693 quia
2883 617 3237 693 personae
3278 591 3562 666 divinae
3598 618 3617 684 ;
3661 588 3795 665 sed

2249 711 2465 784 nulla
2540 710 3013 810 imperfectio
3072 719 3452 810 repugnat
3534 706 3794 800 alicui,

2246 826 2395 899 nisi
2482 836 2792 926 propter
2866 826 3177 925 aliquod
3243 825 3658 926 positivum
3720 823 3794 897 in

2247 943 2379 1017 illo
2417 968 2432 1031 ;
2481 944 2713 1040 igitur
2753 944 3581 1019 incommunicabilitas
3633 965 3799 1040 per-

2247 1082 2459 1134 sonae
2554 1069 2668 1134 est
2742 1060 3052 1158 aliquod
3130 1084 3269 1134 ens
3347 1058 3791 1158 positivum,

2246 1175 2452 1249 aliud
2512 1201 2558 1251 a
2615 1186 2914 1251 natura.

2789 1492 3148 1550 SCHOLIUM
3190 1495 3261 1550 11.

2317 1651 2626 1701 Personam
2654 1663 2770 1702 non
2801 1646 3075 1703 constitui
3120 1645 3316 1717 aliquo
3369 1645 3634 1717 positivo.
3666 1647 3793 1703 Pri·

2245 1752 2363 1800 mn,
2397 1752 2463 1791 ex
2499 1736 2857 1792 Damascene
2883 1742 2938 1791 et
2971 1734 3276 1791 RichardO.
3311 1736 3593 1804 Secundo,
3644 1740 3797 1792 esset

2244 1825 2468 1895 aliquid
2500 1827 2556 1880 in
2593 1830 2808 1881 natura
2841 1825 3120 1892 humana,
3153 1826 3336 1898 quodg
3366 1842 3479 1881 non
3531 1831 3684 1882 esset
3735 1827 3793 1882 in

2245 1921 2456 1971 natura
2515 1921 2838 1986 assumpta,
2898 1920 2955 1971 et
3012 1916 3098 1971 sic
3150 1931 3264 1971 non
3318 1922 3516 1971 essent
3551 1915 3795 1971 univoce

2243 2010 2467 2062 natura.
2501 2004 2710 2072 Terti0‚
2750 2005 2799 2060 si
2842 2004 3255 2082 dimitteretur,
3301 2005 3620 2060 non‘esset
3661 2021 3791 2075 per·

2248 2110 2411 2152 sona.
2447 2095 2683 2162 Quane,
2717 2098 2911 2165 posset
2939 2110 3069 2150 esee
3100 2099 3308 2164 natura
3356 2093 3790 2163 intellectualis,

2241 2188 2300 2239 et
2330 2199 2446 2240 non
2480 2188 2803 2254 personata.
2840 2184 3078 2253 Quinto,
3113 2184 3162 2240 si
3198 2182 3340 2239 illud
3365 2184 3680 2256 positivum
3707 2189 3794 2241 est

2240 2272 2391 2329 idem
2452 2290 2585 2329 cum
2646 2285 2876 2342 natura,
2925 2273 3191 2345 sequitur
3248 2291 3363 2330 non
3417 2291 3592 2347 posse
3621 2275 3694 2329 ab
3723 2292 3793 2331 ea

2239 2363 2492 2434 separari
2527 2383 2542 2432 ;
2577 2368 2634 2420 et
2663 2363 2747 2420 sic
2780 2380 2892 2420 non
2924 2369 3013 2421 est
3046 2369 3256 2420 natura
3300 2380 3430 2420 vere
3461 2371 3787 2436 assumpta.

2242 2452 2543 2524 Explicata
2574 2451 2787 2522 triplici
2818 2450 3139 2523 negatione,
3188 2451 3421 2508 resolvit
3477 2469 3786 2525 personam
3833 2507 3838 2513 .

2241 2542 2513 2598 constitui
2552 2559 2653 2614 per
2670 2542 3031 2614 negationem
3067 2541 3314 2599 actualis
3344 2549 3401 2597 et
3430 2543 3788 2615 aptitudine-

2236 2632 2310 2688 lis
2342 2633 2769 2703 dependentiae.
2804 2637 2884 2688 Ex
2913 2633 3005 2688 his
3039 2633 3294 2689 declarat
3336 2633 3786 2705 possibilitatem

2237 2722 2501 2795 mysterii
2534 2739 2604 2779 ex
2635 2727 2797 2794 parte
2845 2728 3085 2790 natnrae,
3137 2724 3278 2794 quia
3325 2729 3520 2796 potest
3569 2724 3788 2794 depen-

2239 2813 2374 2869 dere
2396 2817 2453 2867 et
2479 2828 2589 2867 non
2619 2812 2964 2883 dependere.
2999 2811 3163 2876 Quod
3193 2828 3322 2869 vero
3354 2829 3469 2868 non
3504 2818 3785 2886 repugnet

2234 2917 2301 2958 ex
2333 2906 2494 2973 parte
2551 2918 2814 2975 personae
2873 2901 3063 2973 Verbi,
3124 2908 3304 2974 patet,
3363 2903 3500 2975 quia
3535 2902 3663 2960 ‘hoc
3695 2909 3783 2961 est

2234 2990 2612 3066 dependen53
2657 3007 2791 3062 ergo
2842 2996 3029 3062 potest
3080 2992 3397 3048 terminare
3457 2994 3783 3064 dependen-

2232 3079 2370 3136 tiam
2408 3079 2669 3149 alterius,
2704 3079 2960 3152 alioquin
2989 3080 3348 3151 imperfectio
3398 3087 3550 3138 esset
3587 3082 3644 3136 in
3692 3097 3777 3136 ea.

2328 3272 2609 3345 Contra
2698 3271 2917 3364 illud,
3010 3272 3484 3347 ostendendo
3569 3273 3774 3371 quod
3930 3290 3997 3357 5,

2229 3388 2359 3463 illa
2418 3388 2722 3481 entitaS,
2790 3410 3020 3485 quam
3092 3388 3275 3463 dicit
3339 3390 3771 3488 positivam,
3807 3404 4002 3480 opinio
4025 3419 4139 3481 ,⁸¹¹-

2226 3530 2364 3605 per
2410 3530 2640 3605 quam
2696 3530 3025 3605 persona
3083 3519 3198 3582 est
3255 3508 3777 3584 incommuni-
3806 3481 4136 3595 {ggssgtssssf'

2226 3623 2524 3717 cabilis,
2570 3647 2723 3697 non
2769 3623 2866 3698 sit
2897 3623 3048 3699 alia
3086 3624 3365 3699 entitas
3396 3649 3437 3700 a
3472 3636 3774 3720 natura,

2227 3740 2411 3838 quia
2443 3749 2623 3815 tunc
2663 3740 3015 3837 sequitur
3067 3741 3269 3838 quod
3320 3752 3521 3817 esset
3579 3742 3781 3817 enti·
3825 3769 3829 3773 ·

2225 3866 2368 3951 taS,
2423 3866 2497 3932 et
2563 3881 2717 3931 non
2778 3858 3333 3956 assumptibilis
3392 3883 3436 3934 a
3491 3861 3776 3956 Verbo,

2226 3974 2409 4071 quia
2465 3974 2972 4073 personalitas
3031 3974 3239 4050 illius
3289 3986 3586 4052 naturae
3637 3979 3782 4053 hu-

2224 4114 2508 4183 manoe,
2572 4090 3032 4188 inquantum
3085 4091 3783 4169 incommunicabi—

2226 4206 2319 4281 lis
2383 4216 2705 4305 utraque
2764 4208 3578 4304 incommunicatione,
3624 4235 3777 4285 non

2227 4333 2343 4398 est
2358 4346 2533 4398 assu
2550 4324 2916 4422 mptibilis
2945 4352 2963 4417 ;
3001 4347 3490 4423 consequens
3520 4336 3636 4401 est
3655 4328 3783 4402 fal-

2227 4462 2427 4531 sum,
2531 4447 2605 4513 et
2696 4446 2962 4513 contra
3054 4440 3615 4536 auctoritatem,
3708 4453 3782 4517 et

2225 4565 2493 4632 contra
2552 4555 2956 4629 rationem.
3016 4556 3298 4630 Contra
3365 4558 3784 4634 auctorita-

2227 4682 2379 4748 tem
2446 4672 2904 4747 Damasceni
2948 4695 3114 4770 cap.
3179 4673 3298 4746 92.
3366 4696 3542 4771 quae
3602 4675 3785 4750 dicit

2227 4790 2431 4888 quod
2484 4788 2677 4862 nihil
2750 4797 2864 4863 est
2932 4788 3005 4861 in
3072 4798 3350 4865 natura
3409 4791 3777 4886 humana,

2228 4905 2434 5003 quod
2476 4928 2628 4978 non
2676 4913 2786 4979 est
2833 4904 3392 5003 assumptibile.

2327 5023 2544 5115 Item,
2580 5029 2695 5096 est
2734 5029 2998 5095 contra
3030 5021 3497 5098 Richardum
3538 5049 3552 5100 :
3599 5026 3781 5102 Nul-
3808 5038 3952 5089 Nihil
3971 5043 4056 5091 eet
4074 5039 4143 5091 in

2229 5140 2302 5214 la
2358 5138 2563 5214 enim
2652 5147 3002 5214 creatura
3074 5149 3324 5237 potest
3389 5142 3682 5218 absolvi
3736 5102 4146 5240 ainis-⁸3:¹39&

2229 5255 2743 5355 dependentia
2782 5257 2872 5331 ad
2933 5256 3266 5355 primum
3310 5283 3476 5354 enS,
3514 5270 3586 5336 et
3643 5287 3781 5362 per
3822 5241 3942 5278 ’ω
3965 5227 4120 5342 eism'

2229 5395 2716 5470 consequens
2778 5382 3027 5472 potest
3084 5375 3372 5449 assumi
3434 5399 3478 5451 a
3531 5378 3778 5476 primo

2229 5499 2432 5566 ente.

2333 5608 2549 5703 Item,
2594 5608 2943 5706 sequitur
2982 5610 3185 5706 quod
3228 5610 3291 5685 si
3334 5610 3463 5684 illa
3502 5612 3781 5689 entitas
