4295 6326
1497 389 1726 458 DIST.
1776 388 1932 457 XII.
1986 387 2404 469 QUAESTIO
2455 388 2693 458 UNIC.

483 558 637 653 tiae,
675 560 808 635 sed
849 538 1016 635 'non
1078 571 1192 639 est
1240 562 1742 639 contradictio
1796 572 2030 637 natu-

484 700 646 749 ram
680 686 1153 774 assumptam
1190 679 1505 776 oblique
1541 701 1795 775 agere.

1027 982 1377 1040 SCHOLIUM
1416 986 1488 1041 11.

552 1130 1013 1200 impeccabilitas
1046 1132 1244 1187 fuitex
1289 1132 1703 1204 perfectissima
1754 1132 2024 1188 fruitione

482 1222 631 1291 ejus,
665 1225 859 1293 itaque
892 1239 1006 1278 non
1044 1225 1152 1278 suit
1175 1223 1408 1295 praecise
1437 1238 1506 1278 ex
1546 1223 1757 1278 unione
1807 1224 2022 1293 hypos-

480 1312 671 1381 tatica,
710 1330 899 1384 neque
927 1330 996 1370 ex
1027 1314 1236 1385 gratia,
1269 1330 1457 1386 neque
1486 1329 1555 1370 ex
1586 1313 1767 1384 gloria
1807 1314 2044 1383 (luten-0

477 1406 600 1461 sive
632 1405 931 1477 loquendo
970 1407 1041 1461 de
1062 1404 1217 1478 boc),
1250 1406 1350 1462 sed
1378 1421 1446 1461 ex
1477 1404 1753 1461 fruitione
1800 1405 2022 1475 persec-

478 1497 703 1553 tissima
749 1497 966 1553 Christi
1010 1497 1397 1570 intensive-st
1450 1496 1767 1555 extensive.
1805 1500 1878 1553 De
1909 1512 2023 1569 quo

481 1587 613 1643 vide
671 1592 972 1643 Ductorem
1034 1586 1413 1659 explicantem
1475 1585 2024 1660 impeccabilitatem

479 1675 813 1745 Beatorum,
848 1676 905 1730 in
937 1675 1119 1732 Oxou.
1154 1677 1203 1730 4.
1238 1677 1377 1732 dist.
1410 1676 1495 1731 49.
1532 1680 1736 1749 quaest.
1766 1676 1820 1730 6.
1868 1675 2023 1731 stibi

485 1765 542 1820 in
578 1766 813 1837 Repert.
847 1772 1054 1835 quaest.
1084 1766 1140 1822 5.
1174 1769 1284 1821 Per
1316 1767 1421 1821 hoc
1452 1765 1753 1821 salvantur
1799 1765 2017 1832 omnia,

473 1872 601 1927 quae
634 1856 807 1926 objici
842 1860 1076 1926 possent
1104 1863 1299 1912 contra
1332 1857 1655 1921 Ductorem,
1687 1855 1821 1927 quia
1854 1871 2013 1910 nun-

471 1962 647 2017 quam
695 1945 947 2001 asseruit
976 1944 1268 2002 Christum
1317 1961 1445 2001 esse
1503 1945 1883 2017 peccabilem,
1916 1944 2015 1999 sed

469 2044 734 2106 expresse
770 2033 936 2091 docet
967 2050 1094 2089 esse
1134 2033 1592 2106 impeccabilem,
1653 2050 1768 2090 non
1822 2041 2012 2088 tamen
2051 2091 2056 2097 ,

470 2141 537 2181 ex
570 2125 619 2179 vi
654 2124 887 2180 unionis
915 2124 1179 2196 praecise.

259 2337 323 2404 g·
568 2303 758 2377 Dico
792 2303 1024 2399 igitur
1053 2305 1258 2400 quod
1301 2325 1534 2377 causa
1566 2302 2017 2400 impeccabi-

152 2453 402 2504 Auctori,
475 2420 707 2495 litatis
738 2428 1038 2496 naturae
1080 2421 1156 2493 in
1210 2420 1540 2513 Christo,
1596 2441 1847 2516 neque
1899 2428 2014 2494 est

159 2516 410 2629 dffifss‘f‘
474 2538 657 2613 unio
691 2539 784 2613 ad
815 2539 1185 2633 Verbum,
1249 2561 1502 2636 neque
1556 2538 1822 2635 gloria,
1877 2561 2014 2612 ne-

121 2642 442 2768 ?,g'ffieffiffiff
473 2677 622 2752 que
654 2657 925 2752 gratia,
962 2657 1143 2754 quia
1174 2656 1418 2754 gratia
1469 2679 1624 2729 non
1685 2655 2014 2753 opponi-

167 2769 384 2903 &32¹3
473 2782 597 2847 tur
637 2782 948 2872 peccato
990 2772 1440 2867 formaliter,
1463 2762 1618 2849 'sed
1657 2772 2014 2847 virtuali-

468 2900 610 2985 ter,
664 2890 862 2965 sicut
915 2915 1149 2966 causa
1215 2891 1565 2989 opposito
1617 2889 1736 2965 sui
1797 2889 2013 2965 effec-

473 3015 619 3099 tuS,
655 3016 728 3081 et
759 3008 926 3081 haec
966 3006 1166 3081 sicut
1191 3030 1423 3081 causa
1453 3005 1911 3102 contingens
1938 3014 2011 3081 et

467 3124 832 3216 secunda,
870 3124 1055 3222 quia
1085 3124 1424 3223 potentia
1450 3124 1686 3199 utitur
1717 3124 2007 3211 habitu,

466 3253 540 3316 et
594 3266 750 3316 non
820 3266 860 3317 e
929 3252 1248 3330 contra3
1315 3241 1448 3317 sed
1499 3242 1716 3315 nulla
1774 3265 2010 3317 causa

463 3357 808 3432 secunda
872 3367 945 3432 et
1011 3358 1472 3453 contingens
1558 3356 2010 3454 simpliciter

461 3484 842 3572 repugnat
873 3474 1221 3572 opposito
1262 3473 1380 3548 sui
1423 3471 1767 3562 effectus,
1816 3473 2005 3570 quin

464 3593 643 3667 talia
699 3603 1026 3692 possunt
1092 3594 1319 3668 simul
1401 3593 1842 3667 conservari
1912 3594 2004 3668 de

461 3712 804 3809 potentia
844 3711 1194 3785 absoluta
1225 3711 1392 3785 Dei.

558 3828 756 3915 Quid
807 3828 1044 3924 igitur
1092 3828 1337 3902 reddit
1396 3827 1607 3901 illam
1643 3836 1998 3901 naturam

457 3944 1035 4042 impeccabilem
1074 3944 1114 4016 2>
1163 3944 1331 4017 dico
1386 3944 1592 4041 quod
1645 3943 2004 4041 plenissi-

459 4085 583 4136 ma
647 4062 930 4157 fruiti0,
1013 4084 1239 4160 quam
1305 4061 1574 4136 hahuit
1617 4061 1992 4135 Christus.

456 4179 854 4267 Quomodo
905 4188 1160 4255 tamen
1209 4188 1412 4253 stant
1468 4178 1726 4269 simul,
1791 4179 1996 4275 quod

454 4296 550 4370 sit
580 4297 851 4386 viator,
898 4307 972 4372 et
1000 4296 1446 4395 plenissime
1494 4297 1817 4390 fruatur,
1872 4320 1998 4393 pa-

450 4414 634 4488 tebit
719 4414 1206 4490 distinctione
1300 4413 1598 4487 decima
1700 4419 1988 4486 octava.

451 4531 977 4629 Quaecumque
1022 4531 1229 4606 enim
1264 4531 1361 4604 sit
1399 4529 1592 4604 ratio
1623 4530 1998 4627 impecca-

448 4646 764 4721 bilitatis
797 4647 873 4719 in
918 4645 1085 4721 aliis
1139 4644 1468 4737 Sanctis,
1525 4669 1679 4717 non
1745 4643 1996 4741 potuit

449 4764 631 4859 poni
692 4763 844 4837 alia
912 4762 1103 4837 ratio
1184 4759 1847 4859 impeccabilitatis
1912 4761 1987 4833 in

447 4879 776 4964 Christo,
824 4879 1190 4977 quamdiu
1252 4878 1388 4951 luit
1444 4877 1519 4949 in
1562 4877 1742 4969 via3
1788 4876 1993 4951 diffi-

448 4996 591 5070 cile
623 5006 873 5070 tamen
923 4996 1252 5088 videtur,
1302 4995 1364 5068 si
1427 4994 1565 5068 fuit
1609 4993 1991 5091 impecca-

447 5113 648 5201 bitis,
680 5114 1065 5211 quomodo
1100 5112 1349 5211 potuit
1381 5110 1727 5186 mereri?

221 5252 293 5323 9,
543 5231 653 5304 Ad
687 5231 1021 5330 primum
1057 5229 1511 5329 principale,
1567 5228 1734 5302 dico
1780 5229 1987 5325 quod

3542 384 3679 452 329

2124 562 2351 635 Nune
2405 570 2663 635 autem
2725 560 2989 637 dicens
3038 562 3237 633 hanc
3292 558 3674 632 conditio-

2127 678 2411 769 nalem,
2450 676 2514 749 si
2555 685 2631 749 tu
2670 699 2751 750 es
2793 676 3088 769 asinuS,
3137 686 3214 749 tu
3257 698 3341 748 es
3375 674 3670 748 rudibi-

2128 792 2246 877 lis,
2284 792 2467 866 dicit
2505 793 2698 866 duas
2729 792 3214 888 Gategoricas
3250 791 3671 866 materiali-

2125 917 2267 1002 ter,
2313 931 2641 1006 quarum
2689 917 3011 1007 utraque
3056 909 3267 995 falsa,
3316 907 3378 981 si
3411 907 3673 981 consi-

2125 1027 2544 1101 dereturin
2590 1050 2699 1121 se,
2738 1051 2888 1099 non
2924 1036 3175 1100 tamen
3240 1034 3354 1099 est
3411 1025 3670 1122 aliqua

2126 1143 2342 1237 falsa,
2410 1151 2490 1216 ut
2543 1166 2720 1241 pars
2788 1143 3023 1240 hujus
3099 1140 3663 1217 conditionalis.

2124 1258 2343 1334 Unde
2386 1259 2530 1334 ista
2561 1258 2668 1334 sic
2709 1260 3108 1359 prolata,si
3136 1265 3217 1335 ίιι
3260 1282 3335 1333 es
3377 1258 3665 1351 asinae,

2122 1400 2266 1451 nec
2325 1385 2439 1451 est
2506 1400 2714 1471 vera,
2787 1400 2930 1452 nec
2993 1377 3207 1452 falsa.
3252 1377 3404 1450 Isto
3442 1374 3668 1449 modo

2120 1495 2370 1594 potuit
2435 1495 2786 1571 Christus
2865 1495 3119 1570 dicere
3208 1493 3664 1586 orationem,

2120 1635 2297 1709 quae
2328 1613 2757 1687 secundum
2809 1636 2890 1687 se
2954 1611 3436 1686 considerata
3484 1635 3668 1709 pos-

2122 1737 2237 1802 set
2265 1751 2433 1803 esse
2477 1729 2692 1822 falsa,
2734 1738 2984 1804 tamen
3029 1729 3290 1803 nullus
3332 1715 3702 1825 perfecte'

2119 1843 2389 1919 beatus
2431 1854 2681 1942 potest
2720 1846 2975 1920 dicere
3008 1846 3313 1919 falsum.

2218 1961 2573 2036 Secundo
2609 1960 2859 2055 modo,
2898 1970 2971 2036 et
3006 1960 3331 2035 maxime
3363 1969 3477 2034 est
3518 1960 3661 2032 hoc
3735 1971 3943 2023 Falsum

2116 2098 2389 2150 verum
2421 2077 2514 2152 de
2552 2076 2892 2175 ⁸ChristO,
2957 2076 3088 2173 qui
3144 2075 3350 2149 videt
3401 2074 3661 2148 omnia
3690 2038 4008 2148 nt‘issipfflfg‘

2118 2191 2196 2264 in
2246 2192 2527 2286 Verbo,
2592 2193 2775 2289 quia
2840 2216 3181 2268 asserere
3223 2193 3450 2266 talem
3498 2215 3661 2265 ora·
3718 2161 3974 2281 ndaetffffii.

2121 2307 2404 2382 tionem
2458 2308 3048 2404 significativam
3082 2334 3233 2383 non
3266 2308 3651 2403 convenit,
3688 2287 3769 2335 *⁹¹
3800 2286 4008 2337 moran.

2119 2425 2270 2499 nisi
2341 2426 2625 2499 utendo
2701 2425 3134 2500 voluntarie
3193 2425 3359 2523 ipsa
3422 2452 3438 2511 ;
3514 2426 3657 2499 hoc

2116 2552 2372 2617 autem
2405 2565 2558 2616 non
2604 2542 2989 2636 convenit,
3028 2541 3173 2616 nisi
3219 2566 3312 2616 ex
3359 2541 3654 2616 delectu

2117 2659 2476 2752 naturali,
2512 2660 2634 2733 vel
2668 2658 2895 2733 etiam
2950 2658 3247 2749 morali,
3303 2659 3486 2755 quia
3537 2659 3658 2732 vel

2117 2776 2227 2850 sic
2286 2777 2682 2874 proterens
2741 2776 3106 2876 deceptus
3155 2775 3463 2874 decipit,
3536 2777 3657 2850 vel

2116 2916 2268 2966 non
2371 2895 2736 2991 deceptus
2828 2895 2990 2968 vult
3063 2893 3413 2992 decipere
3472 2893 3512 2965 ’ἲ
3578 2893 3658 2968 Si

2113 3011 2363 3109 primo
2400 3012 2646 3096 modo,
2688 3021 2801 3085 est
2859 3011 3202 3086 delectus
3254 3011 3656 3106 naturaliS,

2114 3127 2299 3227 quia
2339 3151 2555 3204 error
2594 3137 2666 3204 et
2712 3128 3055 3221 malitia3
3101 3127 3436 3227 poenalia
3481 3138 3662 3203 sunt

2111 3245 2471 3341 ignorare
2536 3245 2742 3318 enim
2825 3267 3094 3319 verum
3174 3254 3289 3319 est
3368 3246 3656 3318 malum

2109 3384 2388 3457 poenae.
2428 3360 2506 3434 Si
2562 3361 2903 3435 secundo
2955 3360 3211 3448 modo,
3262 3360 3657 3458 proferens

2111 3486 2226 3551 est
2251 3476 2577 3550 vitiosus
2624 3476 3055 3564 moraliter;
3094 3485 3368 3550 neutro
3431 3476 3654 3550 modo

2109 3595 2357 3693 potuit
2406 3594 2757 3669 Christus
2833 3595 3109 3668 falsum
3171 3618 3513 3669 asserere
3560 3596 3652 3670 de

2105 3711 2452 3809 potentia
2497 3710 2638 3785 Dei
2709 3711 3086 3805 ordinata,
3153 3710 3330 3785 licet
3394 3721 3654 3808 posset

2106 3827 2241 3902 illa
2271 3836 2548 3901 natura
2578 3827 2670 3901 de
2703 3826 3043 3925 potentia
3083 3827 3222 3900 Dei
3267 3826 3643 3901 absoluta.

2199 3944 2313 4018 Ad
2382 3943 2619 4035 aliud,
2678 3943 2846 4016 dico
2903 3943 3109 4040 quod
3167 3943 3647 4039 Augustinus
3796 3957 3898 4022 10.

2101 4060 2463 4159 intelligit
2535 4062 2739 4158 quod
2816 4060 3094 4135 melior
3162 4068 3272 4135 est
3343 4067 3977 4168 naturae-Admon-

3763 4136 3908 4184 dum.

2100 4204 2272 4278 quoe
2291 4185 2545 4278 potest
2570 4202 2922 4276 peccare,
2959 4201 3186 4277 quam
3251 4202 3426 4277 quae
3484 4201 3638 4251 non
3668 4197 3993 4323 ffiflssggssss„

2098 4306 2376 4395 potest,
2430 4295 2950 4393 comparando
2993 4304 3309 4369 naturas
3348 4304 3640 4369 creatas
3669 4327 3845 4386 potest
3878 4335 3995 4385 pee-

2098 4414 2193 4488 ad
2236 4413 2596 4498 invicem,
2634 4412 2818 4509 quia
2863 4413 3132 4487 melior
3174 4422 3289 4486 est
3337 4423 3638 4505 natura,
3673 4385 3992 4498 αξξῗᾎξῗὲιῖ

2100 4553 2277 4627 quae
2346 4538 2592 4627 potest
2647 4550 2966 4625 peccare
3034 4537 3109 4603 et
3156 4550 3331 4625 quae
3398 4536 3646 4626 potest
3736 4515 3956 4561 crem&

2098 4646 2297 4721 bene
2341 4647 2564 4738 velle,
2624 4667 2856 4741 quam
2924 4666 3100 4741 quae
3157 4668 3310 4717 non
3365 4653 3637 4742 potest.

2100 4761 2502 4848 Quomodo
2558 4770 2814 4835 autem
2861 4760 3190 4835 liberum
3240 4760 3640 4834 arbitrium

2098 4889 2212 4952 est
2306 4878 2380 4950 in
2442 4877 2770 4968 Christo,
2843 4877 3128 4951 dictum
3200 4886 3314 4951 est
3380 4877 3962 5021 alibi’32·dv3¹‹1‹3111?3

2095 4995 2485 5092 quomodo
2518 5004 2771 5067 autem
2820 4992 3150 5091 pertinet
3190 4994 3281 5066 ad
3344 4995 3642 5069 liberta·
3667 5020 3822 5133 {525'
3854 5019 3978 5072 end.

3734 5119 3745 5131 .
3777 5097 3829 5146 q.
3859 5097 3951 5132 un.

2092 5122 2243 5186 tem
2292 5121 2518 5208 prout
2544 5118 2658 5184 est
2697 5110 3279 5184 fundamentum
3316 5111 3633 5207 ordinis,
3668 5149 3792 5196 n.9.
3824 5145 3985 5196 etult.

2094 5229 2410 5322 scilicet,
2457 5228 2650 5301 sicut
2702 5238 2816 5301 est
2868 5227 2944 5300 in
2992 5227 3241 5322 nobi8‚
3280 5229 3640 5303 manebat
3729 5221 3873 5258 ⁰⁰³¹·
3906 5211 3954 5258 ²·

65 5369 158 5418 Aa
191 5384 413 5484 aigum.
446 5349 700 5423 dicere
741 5359 991 5448 potest
1055 5347 1462 5448 dupliciter
1522 5346 1791 5446 accipi,
1859 5349 1983 5423 vel
2091 5346 2171 5420 in
2215 5345 2515 5420 Christo
2568 5355 2937 5450 perpetuo
2980 5354 3349 5443 quantum
3395 5346 3485 5420 ad
3530 5346 3632 5440 id,

442 5478 671 5566 prout
711 5466 892 5541 dicit
931 5466 1356 5565 exprimere
1408 5465 1797 5558 vocaliter,
1862 5465 1981 5539 vel

442 5594 671 5684 prout
764 5584 946 5662 dicit
1037 5584 1411 5662 assentire
1519 5582 1977 5661 mentaliter.

2091 5463 2297 5562 quod
2322 5473 2435 5537 est
2466 5463 2557 5537 de
2583 5463 2918 5540 essentia
2946 5461 3315 5540 libertatis
3342 5461 3636 5541 arbitrii

2088 5580 2350 5658 creati.
