4295 6326
215 2891 321 2956 19.

162 3005 383 3080 Argum.

131 3082 386 3132 primum.

151 4132 349 4183 Secun-

185 4196 331 4246 dnm.

126 4764 379 4818 Tertium.

142 5331 371 5383 Contu.

1387 482 1616 553 DIST.
1666 479 2025 552 XXXVII.
2076 476 2496 560 QUAESTIO
2547 479 2795 551 UNIC.

3539 487 3659 555 191

1038 1026 2182 1224 DISTINCTIO
2297 1029 3076 1196 XXXVII.

969 1659 1369 1781 QUAESTlo
1420 1702 1470 1767 1.

457 1877 703 1945 Utrum
736 1871 1103 1943 materiale
1132 1871 1403 1963 peccati
1451 1872 1546 1940 sit
1603 1870 1998 1938 immediate

1072 2000 1114 2048 α
1166 1983 1303 2048 Deo
1343 1982 1375 2046 ἱ)

445 2178 641 2234 Alcns.
661 2181 716 2232 2.
744 2182 893 2248 part.
916 2181 1106 2249 quant.
1139 2176 1262 2233 400.
1296 2175 1541 2231 membro
1566 2175 1618 2230 3.
1652 2180 1759 2232 art.
1784 2193 1829 2232 1.
1867 2186 1919 2232 ot
1938 2177 1992 2231 2.

519 2250 585 2306 D.
608 2250 857 2306 Thomas
885 2266 921 2304 1.
950 2252 1100 2321 part.
1133 2253 1327 2319 quam.
1365 2250 1483 2303 105.
1535 2257 1641 2304 art.
1672 2249 1727 2303 5.
1774 2257 1825 2304 ec
1867 2263 1905 2304 ι.
1937 2252 1993 2303 2.

519 2325 714 2393 quaesl.
740 2321 831 2376 70.
866 2326 971 2376 art.
996 2337 1036 2379 1.
1059 2319 1125 2376 D.
1156 2321 1465 2375 Bonavcnt..
1489 2320 1579 2376 hic
1607 2324 1716 2374 art.
1742 2335 1778 2373 ι.
1803 2325 1992 2390 quaest.

522 2411 561 2448 1.
596 2392 922 2448 Richardus
952 2397 1060 2446 art.
1111 2392 1166 2445 3.
1226 2400 1418 2463 quaest.
1468 2408 1506 2445 1.
1551 2400 1604 2447 ee
1638 2393 1694 2447 2.
1738 2391 1992 2446 Durand.

519 2463 776 2534 Capi-eol.
830 2463 1079 2519 Rubion.
1134 2463 1306 2518 Gabr.
1359 2463 1466 2517 hic.
1521 2461 1790 2518 Bellarm.
1843 2479 1882 2519 1.
1931 2461 1997 2519 de

518 2537 711 2592 amiss.
741 2538 887 2606 orat.
918 2537 1003 2589 18.
1035 2539 1086 2590 et
1116 2535 1170 2589 4.
1215 2534 1281 2589 do
1328 2533 1492 2590 liber.
1532 2534 1733 2589 arbitr.
1782 2549 1905 2603 cap.
1940 2535 1993 2589 4.

520 2607 693 2678 Vasq.
725 2624 764 2661 1.
795 2610 850 2662 2.
882 2606 1027 2678 disp.
1057 2607 1177 2660 129.
1212 2605 1290 2661 Vs
1335 2609 1440 2661 ⁸2.
1464 2607 1522 2661 in
1555 2605 1698 2661 Tria.
1744 2622 1869 2678 cap.
1904 2606 1991 2660 ⁴5.

520 2680 727 2735 scotus
759 2679 821 2734 in
855 2677 1033 2734 Oxou.
1068 2687 1255 2749 φησι.
1286 2623 1341 2732 ἔ.

547 2854 766 2929 Circa
804 2855 1027 2930 istam
1079 2851 1648 2928 distinctionem
1689 2852 1996 2950 trigesi-

451 2995 653 3047 mam
724 2970 1130 3069 septimam
1201 2968 1577 3067 quaeritur
1651 2969 1898 3066 primo
1971 2993 1988 3044 :

462 3089 737 3165 Utrum
804 3092 1014 3161 actus
1087 3083 1509 3160 substratas
1567 3084 2001 3184 privationi

448 3206 533 3280 in
581 3209 894 3303 peccato
955 3201 1060 3277 sit
1119 3226 1167 3277 a
1238 3200 1480 3276 Deo?
1524 3200 1742 3288 Quod
1803 3224 1990 3295 non,

448 3322 633 3422 quia
695 3322 1055 3395 voluntas
1130 3326 1333 3394 recte
1427 3318 1610 3415 agit,
1683 3319 1994 3416 quando

445 3438 605 3535 agit
634 3436 1127 3513 conformiter
1165 3436 1455 3531 regulae
1488 3458 1653 3510 suae
1688 3462 1707 3530 ;
1757 3435 1994 3532 igitur

447 3557 512 3633 si
554 3564 771 3631 actus
810 3555 940 3630 ille
980 3554 1077 3629 sit
1132 3577 1177 3628 a
1239 3554 1637 3629 voluntate
1700 3553 1989 3648 divina,

442 3677 804 3749 voluntas
836 3680 1091 3748 creata
1153 3671 1232 3743 in
1292 3670 1686 3767 coagendo
1733 3679 1994 3767 ageret

444 3791 936 3866 conformiter
1035 3789 1325 3886 regulae
1424 3811 1589 3863 suae
1651 3816 1670 3883 ;
1757 3788 1993 3884 igitur

443 3918 627 3981 tunc
710 3930 867 3980 non
945 3912 1323 4003 peccaret,
1403 3903 1585 4001 quia
1679 3904 1988 4000 quando

446 4031 710 4123 peccat
739 4022 897 4119 agit
934 4020 1409 4096 difformiter.

546 4145 761 4237 Item,
816 4139 1189 4240 quidquid
1258 4140 1469 4214 Deus
1536 4148 1803 4214 causat
1868 4162 1991 4213 ex-

443 4272 585 4356 tra,
631 4268 894 4335 causat
924 4257 1519 4352 ordinatissime,
1555 4265 1628 4331 et
1686 4280 1777 4331 ex
1839 4281 1989 4332 ma-

440 4378 649 4452 xima
713 4374 1079 4451 charitate
1133 4402 1153 4467 ;
1225 4372 1478 4448 omnis
1545 4372 1717 4447 talis
1771 4382 1987 4448 actus

441 4502 697 4569 rectus
762 4500 942 4584 est3
1017 4512 1171 4563 non
1261 4487 1497 4584 igitur
1573 4486 1986 4562 demerito·

444 4609 629 4686 riuS.

541 4727 755 4816 Item,
793 4723 1072 4821 aliquis
1112 4730 1225 4796 est
1273 4731 1489 4796 actus
1542 4723 1815 4810 malus,
1854 4722 1987 4820 qui

445 4866 597 4917 non
639 4850 755 4916 est
798 4841 1071 4933 maluS,
1108 4838 1257 4912 nisi
1298 4838 1479 4936 quia
1523 4837 1982 4935 prohibituS,

446 4970 526 5034 ut
562 4956 928 5033 comestio
961 4955 1216 5053 pomi3
1263 4953 1497 5051 igitur
1527 4954 1591 5029 si
1633 4955 1841 5029 Deus
1877 4956 1987 5029 Ia-

443 5077 802 5152 cittalem
871 5081 1155 5166 actum,
1194 5070 1367 5146 facit
1432 5094 1610 5146 eum
1665 5071 1811 5147 sub
1864 5095 1988 5145 ra-

442 5194 648 5267 tione
692 5189 898 5264 mali.

536 5306 1018 5406 Oppositum,
1064 5303 1295 5379 lsaiae
1339 5304 1455 5377 10.
1517 5305 1735 5380 Patet
1778 5304 1984 5401 quod

441 5432 813 5500 creaturae
872 5428 1054 5495 sunt
1108 5419 1621 5496 instrumenta
1679 5419 1756 5493 in
1811 5428 1982 5494 actu

442 5538 836 5642 peccandi,
881 5537 1081 5613 sicut
1141 5537 1670 5613 Sennacherib
1727 5560 1988 5635 pecca-

444 5660 527 5754 ti,
576 5667 662 5734 ut
711 5657 1342 5749 instrumentum,
1393 5665 1468 5731 et
1532 5664 1788 5730 tamen
1847 5653 1989 5728 fuit

717 5770 733 5806 ἱ

2112 1485 2262 1561 sibi
2303 1486 2743 1564 damnabile
2805 1515 2824 1584 ;
2862 1489 3098 1586 igitur
3136 1491 3344 1566 Deus
3394 1503 3661 1568 causat

2113 1613 2371 1679 actum
2435 1597 2908 1682 substratum
2951 1610 3226 1706 culpae.
3274 1609 3463 1685 Item
3494 1612 3656 1684 Au-

2109 1723 2468 1818 gustinus
2543 1747 2778 1822 super
2883 1726 3277 1801 Psalmum
3346 1727 3465 1800 68.
3552 1728 3663 1802 Et

2107 1860 2264 1911 non
2342 1845 2453 1913 est
2513 1839 2961 1928 substantia,
3003 1840 3433 1941 dicitquod
3501 1866 3659 1918 non

2108 1959 2221 2028 est
2269 1954 2696 2032 substantia
2780 1956 3069 2057 aliqua,
3117 1958 3318 2033 nihil
3388 1965 3524 2054 est,
3589 1965 3663 2034 et

2109 2073 2359 2147 omnis
2401 2073 2830 2167 ,substantia
2880 2100 2926 2149 α
2981 2076 3149 2151 Deo
3207 2083 3372 2165 est,·
3425 2077 3660 2174 igitur

2108 2197 2326 2263 actus
2379 2190 2838 2281 substratus,
2867 2191 3066 2267 sicut
3096 2201 3235 2287 est,
3272 2191 3382 2268 sic
3421 2217 3467 2268 a
3497 2195 3656 2269 Deo

2107 2312 2250 2377 est.

2677 2501 3091 2563 RESOLUTIO.

2102 2648 2281 2704 Actus
2337 2649 2671 2706 substratus
2731 2651 3080 2725 privationis
3140 2654 3196 2710 in
3255 2661 3490 2729 peccato
3546 2657 3656 2713 ali-

2592 2744 2829 2813 quando
2860 2748 2950 2801 est
2978 2761 3013 2801 a
3041 2743 3176 2802 Deo.

2592 3056 2990 3134 QUAESTIO
3041 3060 3123 3125 11.

2112 3228 2356 3295 Utrum
2388 3237 2585 3296 actus
2616 3230 2734 3297 ille
2760 3231 2912 3299 sita
2942 3237 3100 3317 Deo,
3129 3241 3209 3300 ut
3218 3244 3582 3321 peccatum
3616 3236 3658 3306 ‚⁹

2106 3416 2379 3476 Doctores
2400 3419 2558 3477 citati
2589 3438 2642 3492 q.
2671 3422 2914 3550 pssaeced.
2930 3428 3007 3551 ἔπι
3037 3423 3133 3481 ει]ἰί
3181 3427 3334 3498 apud
3387 3428 3541 3484 Doct.
3593 3430 3652 3486 in

2758 3510 2891 3552 xon.
2994 3512 3044 3553 c.

2203 3672 2421 3759 Quod
2472 3674 2607 3749 sic.
2664 3676 2907 3751 Poena
2973 3687 3052 3751 ut
3118 3703 3372 3777 poena,
3437 3693 3552 3758 est
3604 3707 3650 3758 a

3794 3699 3860 3765 2.

2103 3788 2265 3863 Deo
2300 3818 2319 3884 3
2366 3789 2599 3885 igitur
2627 3801 2708 3865 ut
2739 3795 2967 3890 culpa
3006 3804 3121 3868 est
3164 3818 3210 3869 a
3262 3797 3449 3872 Deo.
3503 3802 3650 3873 An·
3678 3816 3896 3880 Argum.
3937 3820 3983 3868 ¹·

2102 3904 2461 3979 tecedens
2502 3913 2708 4003 patet
2755 3930 2891 4004 per
2946 3910 3467 4005 Augustinum
3522 3915 3642 3988 83.

2100 4029 2365 4119 quaest.
2415 4049 2483 4122 q.
2551 4025 2671 4097 25.
2752 4025 3327 4124 Consequentia
3411 4042 3642 4131 patet,

2099 4138 2376 4236 prim0,
2439 4141 2621 4237 quia
2681 4165 2910 4238 poena
2969 4144 3199 4218 habet
3274 4148 3645 4225 rationem

2102 4256 2413 4353 majoris
2458 4257 2633 4332 mali
2675 4281 2906 4356 quam
2963 4262 3216 4358 culpa,
3257 4265 3440 4361 quia
3502 4268 3651 4365 pri-

2096 4381 2225 4447 vat
2265 4373 2555 4448 bonum
2597 4384 2923 4470 naturae,
2969 4378 3198 4475 culpa
3257 4404 3442 4456 vero
3506 4384 3649 4459 bo-

2098 4514 2286 4565 num
2316 4491 2639 4567 actionis
2684 4520 2702 4586 3
2757 4491 2993 4589 igitur
3049 4494 3113 4569 si
3175 4498 3423 4595 majus
3484 4526 3648 4577 ma-

2100 4604 2260 4677 lum
2303 4614 2417 4679 est
2445 4628 2491 4679 a
2520 4605 2712 4699 De0,
2748 4614 2822 4680 et
2866 4606 3119 4683 minus
3172 4614 3456 4686 malum
3509 4641 3649 4713 po-

2098 4728 2245 4795 test
2325 4744 2519 4796 esse.
2607 4721 2964 4797 Secundo
3048 4727 3416 4822 probatur
3501 4731 3648 4807 ista

2099 4838 2680 4936 consequentia,
2704 4838 2888 4936 quia
2910 4841 3219 4939 aliquod
3246 4860 3642 4942 peccatum

2097 4964 2212 5028 est
2268 4954 2688 5029 formaliter
2763 4979 2990 5053 poena
3044 4985 3062 5050 3
3136 4958 3370 5056 igitur
3466 4989 3640 5041 cum

2096 5071 2349 5147 omnis
2379 5096 2610 5170 poena
2640 5071 2738 5146 sit
2776 5096 2821 5146 a
2860 5073 3048 5168 De0,
3093 5076 3355 5175 aliqua
3386 5083 3638 5181 culpa,

2100 5190 2460 5287 utculpa,
2497 5187 2639 5264 erit
2679 5212 2725 5263 a
2763 5188 2951 5263 Deo,

2197 5306 2414 5399 Item,
2511 5306 2927 5380 subtractio
3023 5309 3290 5403 gratiae
3393 5325 3641 5410 potest

2098 5443 2345 5496 essea
2409 5421 2617 5514 Deo;
2664 5420 2794 5496 sed
2864 5421 3280 5499 subtractio
3339 5431 3632 5526 gratiae,

2098 5548 2214 5612 est
2243 5536 2660 5612 subtractio
2713 5536 3191 5614 rectitudinis
3232 5553 3431 5619 natae
3472 5569 3638 5623 esse

2098 5653 2175 5727 in
2212 5662 2430 5744 actu;
2474 5654 2649 5729 talis
2687 5662 2942 5730 autem
2976 5664 3093 5731 est
3126 5658 3379 5756 culpa.

3730 5314 3928 5368 Secun-

3761 5379 3907 5431 dum.
