4295 6326
1270 432 1496 502 DlST.
1547 429 1872 501 XXXIV.
1924 429 2343 510 QUAESTIO
2392 428 2630 499 UNIC.

927 854 1284 913 SCHOLIUM
1320 853 1388 909 11.

470 1049 611 1104 Tres
640 1048 799 1103 affert
831 1046 1029 1100 modos
1057 1041 1306 1111 dicendi,
1331 1040 1618 1112 quomodo
1678 1036 1948 1092 voluntas

401 1147 488 1193 est
536 1154 700 1193 causa
731 1134 973 1207 peccati,
1009 1139 1066 1189 et
1101 1134 1352 1202 disputat
1398 1139 1593 1186 contra
1640 1128 1787 1182 duos
1831 1124 1949 1196 pri-

404 1243 549 1282 mos.
582 1223 866 1286 Tertium,
899 1222 999 1293 qui
1044 1224 1130 1277 est
1178 1219 1479 1284 Augustini
1526 1216 1747 1289 approb
1767 1210 1829 1283 ff,
1878 1212 1949 1267 de

402 1331 518 1387 quo
550 1314 735 1369 fusius
764 1311 822 1366 in
851 1312 1032 1367 Oxou.
1069 1310 1205 1364 dist.
1239 1308 1328 1362 37.
1363 1313 1567 1378 quaest.
1597 1306 1650 1359 2.
1698 1318 1860 1358 num.
1892 1300 1947 1356 9.

399 1408 668 1463 voluntas
699 1421 835 1475 ergo
874 1408 961 1459 est
1009 1418 1185 1458 causa
1233 1399 1492 1456 formatis
1541 1396 1783 1468 peccati,
1836 1408 1950 1448 non

404 1499 686 1566 efficiens,
738 1497 835 1552 sed
885 1494 1165 1550 deficiens
1211 1507 1226 1558 ;
1268 1497 1325 1547 ot
1374 1490 1622 1563 explicat
1661 1484 1954 1558 quomodo

405 1593 495 1643 est
551 1603 722 1643 causa
781 1603 879 1657 per
934 1584 1207 1640 accidens
1270 1578 1507 1652 peccati,
1568 1579 1703 1646 quia
1755 1590 1855 1646 per
1896 1589 1955 1630 ue

403 1682 636 1733 tantum
669 1676 921 1732 intendit
948 1670 1268 1737 materiale,
1301 1685 1402 1724 seu
1440 1666 1775 1739 positivum.

181 1920 250 1985 9,
504 1888 616 1962 De
668 1891 887 1961 tertio
947 1881 1297 1973 articuIO,
1342 1876 1671 1977 qualiter
1729 1874 1960 1948 habet

109 2034 332 2094 Qualem
408 2028 721 2082 causam
759 2002 800 2074 ‘2
852 2000 1130 2077 dicitur
1196 1997 1399 2096 quod
1465 1995 1692 2069 habet
1772 2016 1960 2067 cau-

56 2096 573 2211 ssssfiifflssjsam
631 2143 767 2218 per
831 2115 1214 2207 accidenS‚
1274 2122 1347 2186 et
1403 2112 1549 2184 hoc
1599 2107 1961 2183 convenit

59 2222 379 2334 ΜἚΟῨΡῙ·
411 2235 867 2335 dupliciter:
917 2231 1087 2305 Uno
1149 2228 1372 2302 modo
1413 2225 1803 2299 accidente
1867 2245 1961 2296 ex

411 2363 623 2452 parte
679 2371 936 2425 causae
980 2375 999 2440 3
1045 2345 1195 2420 alio
1276 2341 1499 2416 modo
1579 2363 1672 2413 ex
1745 2348 1958 2436 parte

409 2470 750 2548 effectus.
818 2465 1076 2540 Primo
1131 2460 1355 2536 modo
1397 2458 1676 2532 dicitur
1733 2455 1961 2553 Poly-

409 2590 651 2663 cletus
711 2606 943 2659 causa
1002 2603 1138 2679 per
1204 2576 1561 2652 accidens
1627 2582 1953 2658 statuae3

407 2715 481 2781 et
521 2705 629 2779 sic
670 2700 1013 2799 loquitur
1052 2694 1572 2791 Philosophus
1612 2690 1682 2762 2.
1754 2687 1962 2788 Phy-

405 2825 540 2899 sic.
613 2826 797 2896 teoet.
845 2820 915 2891 2.
970 2823 1045 2891 et
1088 2815 1158 2888 5.
1212 2809 1723 2909 Melaplzysic.
1769 2813 1954 2881 teoet.

410 2939 528 3013 33.
598 2935 953 3011 Secundo
1015 2930 1240 3006 modo
1317 2935 1499 3002 sunt
1564 2947 1789 2999 casus
1887 2930 1957 2996 et

410 3057 719 3131 fortuna
767 3074 1024 3127 causae
1056 3071 1190 3147 per
1222 3044 1578 3120 accidens
1620 3064 1712 3116 ex
1747 3047 1958 3138 parte

412 3172 754 3264 effectu8‚
818 3169 998 3266 quia
1048 3161 1390 3239 inventio
1448 3157 1788 3233 thesauri
1846 3165 1961 3232 est

61 3287 227 3336 ⁰⁸⁰³
284 3298 382 3347 ΡΘ*
413 3316 548 3392 per
600 3288 956 3365 accidens
997 3291 1346 3381 respectu
1393 3277 1803 3353 seditionis.
1851 3276 1962 3351 Si-

61 3350 363 3474 353133033
413 3415 540 3480 cut
592 3403 796 3478 enim
840 3398 1246 3474 ambulans
1295 3390 1620 3488 acquirit
1674 3388 1962 3465 sanita-

59 3479 205 3536 parte
235 3487 361 3522 cnu-
1184 3512 1196 3524 ‚
1896 3505 1910 3518 ,

76 3551 164 3596 ene,
200 3540 352 3585 etex
413 3531 593 3615 tem,
664 3541 896 3617 quam
955 3538 1110 3588 non
1180 3508 1646 3594 mtendebat,
1722 3515 1795 3580 et
1851 3529 1959 3579 sic

59 3597 380 3710 pmiuisifec'
413 3636 700 3711 sanitas
767 3631 1157 3706 inducitur
1231 3624 1537 3700 fortuito
1608 3631 1955 3721 respectu

412 3754 562 3847 sui,
623 3775 773 3825 non
829 3754 1176 3845 respectu
1228 3752 1554 3828 naturae‚
1627 3741 1736 3814 sic
1768 3739 1960 3813 dici-

410 3881 537 3945 tur
575 3867 781 3967 quod
826 3866 1178 3958 voluntas
1218 3861 1677 3958 inquantum
1720 3856 1960 3930 defec-

410 3985 670 4073 tibiliS,
735 3990 850 4057 est
889 4002 1121 4055 causa
1164 4000 1298 4075 per
1347 3973 1702 4049 accidens
1747 3971 1953 4065 mali,

409 4125 500 4177 eo
545 4099 748 4198 quod
782 4105 896 4172 est
953 4119 1044 4169 ex
1090 4092 1360 4166 nihilo.
1425 4088 1682 4162 Primo
1726 4086 1960 4183 igitur

414 4217 636 4291 modo
670 4210 1113 4303 accidentis,
1160 4216 1273 4284 est
1317 4207 1673 4280 voluntas
1705 4211 1961 4277 creata

411 4356 643 4408 causa
696 4329 867 4404 mali
902 4350 1037 4427 per
1067 4324 1448 4401 accidens.
1485 4320 1596 4394 Ad
1642 4321 1785 4392 hoc
1839 4317 1959 4390 vi-

294 4507 309 4522 .
363 4451 631 4525 ,detur
679 4445 1156 4542 Augustinus
1204 4442 1316 4514 12.
1362 4439 1455 4514 de
1509 4437 1735 4511 Civit.
1779 4436 1955 4523 Dei,

341 4575 353 4586 '
409 4590 574 4664 cap.
634 4566 704 4638 6.
756 4562 884 4637 ubi
943 4582 1203 4658 supra,
1247 4554 1597 4632 voluntas
1636 4576 1791 4626 non
1845 4559 1960 4626 est

409 4706 637 4757 causa
677 4679 870 4755 mali
908 4677 1107 4752 unde
1148 4672 1519 4755 voluntas,
1558 4669 1696 4743 sed
1732 4674 1818 4743 ut
1862 4691 1960 4743 επ]

406 4797 677 4872 nihilo.
743 4793 1100 4870 Secundo
1165 4789 1386 4864 modo
1447 4795 1560 4862 est
1599 4787 1957 4858 voluntas

409 4939 641 4989 causa
727 4937 862 5012 per
937 4909 1323 4999 accidens,
1408 4904 1605 4977 sicut
1681 4902 1957 4975 dicitur

407 5031 612 5128 quod
660 5029 864 5126 ignis
906 5025 1231 5101 intendit
1269 5043 1641 5118 generare
1698 5018 1953 5113 ignem

405 5172 540 5246 per
579 5172 688 5241 se,
734 5157 806 5222 et
857 5169 992 5243 per
1036 5141 1393 5219 accidens
1434 5136 1761 5212 intendit
1800 5159 1959 5209 cor-

408 5285 763 5361 rumpere
804 5283 1080 5358 aquam
1123 5317 1138 5345 ,
1184 5267 1258 5332 et
1297 5255 1405 5328 sic
1447 5254 1803 5325 voluntas
1843 5260 1958 5325 est

405 5402 641 5454 causa
696 5388 913 5452 actus
970 5398 1107 5473 per
1161 5396 1271 5466 se,
1307 5370 1576 5446 etvult
1621 5368 1958 5441 delecta-

404 5497 693 5572 tionem
764 5497 838 5568 in
918 5506 1120 5585 actu,
1188 5489 1321 5564 sed
1398 5483 1956 5561 deformitatem

405 5638 541 5716 per
579 5613 964 5691 accidens.
1001 5611 1113 5685 Ad
1145 5610 1290 5683 hoc
1331 5603 1634 5706 videtur
1664 5599 1956 5700 Diony-

3497 422 3625 491 173

2061 603 2224 677 sius
2263 603 2334 675 4.
2371 604 2463 678 de
2496 601 2798 676 Divinis
2838 600 3289 676 nominibus
3327 624 3343 674 ε
3388 598 3626 677 Nihil

2054 718 2159 793 ad
2209 717 2503 792 malum
2542 718 2959 815 respiciens
2991 721 3380 815 operatur.

2151 836 2433 909 Contra
2490 835 2661 928 ista,
2724 843 2799 909 et
2836 834 3084 932 primo
3129 845 3396 909 contra
3448 833 3610 931 pri-

2056 975 2265 1026 mum
2350 954 2836 1026 membrum:
2921 953 3000 1026 Si
3070 954 3428 1026 voluntas
3496 960 3611 1026 est

2056 1090 2291 1142 causa
2361 1067 2536 1140 mali
2598 1067 3057 1165 inquantum
3124 1065 3603 1161 defectibilis,

2056 1196 2188 1259 aut
2220 1184 2453 1281 igitur
2495 1184 2955 1283 inquantum
2998 1185 3452 1260 defectibilis
3498 1193 3613 1259 est

2059 1326 2197 1400 per
2260 1325 2342 1376 se
2402 1325 2636 1376 causa
2705 1302 2912 1395 mali,
2985 1311 3119 1376 aut
3185 1326 3417 1377 causa
3477 1325 3613 1400 per

2059 1418 2493 1493 accidens?
2559 1418 2639 1491 Si
2707 1441 2844 1516 per
2904 1417 3290 1512 accidens,
3378 1418 3615 1515 igitur

2063 1538 2343 1612 frustra
2414 1536 2630 1635 ponit
2696 1536 3152 1635 inquantum
3211 1535 3617 1634 defectibi-

2065 1651 2181 1739 lis,
2223 1652 2407 1750 quia
2455 1653 2816 1727 voluntas
2880 1663 3136 1727 creata
3188 1653 3614 1728 secundum

2062 1791 2174 1861 se,
2224 1777 2338 1842 est
2391 1791 2626 1842 causa
2674 1791 2811 1865 per
2866 1767 3221 1843 accidens
3280 1769 3488 1843 mali.
3537 1767 3618 1841 Si

2065 1893 2180 1959 est
2269 1907 2502 1959 causa
2588 1907 2725 1983 per
2811 1908 2891 1959 se
2984 1885 3190 1978 mali,
3270 1886 3620 1983 sequitur

2065 2000 2273 2096 quod
2340 1999 2551 2074 Deus
2606 2009 2721 2074 est
2779 2022 3014 2075 causa
3073 2001 3252 2074 mali
3305 2023 3440 2099 per
3506 2024 3614 2091 se,

2066 2112 2250 2211 quia
2290 2112 2497 2210 quod
2548 2122 2663 2188 est
2703 2136 2839 2211 per
2893 2136 2975 2187 se
3034 2136 3269 2187 causa
3329 2137 3613 2203 causae,

2065 2240 2177 2304 est
2231 2253 2368 2327 per
2416 2251 2496 2303 se
2566 2251 2800 2303 causa
2854 2228 3172 2322 causati,
3244 2230 3451 2325 quod
3504 2237 3619 2303 est

2067 2372 2203 2446 per
2242 2371 2322 2423 se
2382 2371 2427 2422 a
2480 2371 2714 2422 causa
2770 2347 3162 2435 secunda;
3217 2349 3350 2423 sed
3408 2349 3619 2423 Deus

2065 2474 2181 2539 est
2230 2487 2363 2561 per
2412 2486 2493 2537 se
2534 2486 2770 2538 causa
2800 2463 3244 2557 voluntatiS‚
3297 2464 3621 2562 inquan-

2065 2588 2227 2654 tum
2288 2578 2765 2667 defectibiliS,
2826 2578 3008 2674 quia
3065 2601 3157 2652 ex
3199 2580 3343 2653 hoc
3410 2581 3617 2676 quod

2064 2696 2425 2770 voluntas
2500 2703 2615 2768 est
2704 2693 3183 2787 defectibilis,
3269 2696 3619 2792 sequitur

2065 2811 2272 2909 qur-od
2342 2834 2496 2884 non
2539 2818 2653 2885 est
2709 2833 2754 2884 a
2811 2832 2945 2896 se;
2994 2809 3226 2906 igitur
3280 2810 3616 2909 inquan-

2063 2936 2230 3000 tum
2285 2926 2460 3000 talis
2500 2933 2615 2999 est
2675 2947 2719 2998 a
2758 2924 3087 3023 positiva
3144 2949 3404 3021 causa,
3460 2951 3616 3002 non

2066 3042 2218 3117 alia
2256 3041 2407 3115 nisi
2443 3065 2489 3116 a
2544 3041 2731 3116 De0.

2166 3156 2381 3250 Item,
2448 3155 2807 3230 voluntas
2861 3163 3115 3230 creata
3154 3154 3614 3253 inquantum

2066 3274 2428 3348 voluntas
2506 3272 2749 3368 magis
2817 3281 2930 3347 est
2991 3295 3227 3348 causa
3299 3272 3617 3350 effectus

2064 3389 2545 3479 defectibiliS,
2629 3411 2862 3487 quam
2948 3389 3410 3488 inquantum
3478 3417 3621 3467 vo-

2066 3512 2323 3585 luntas
2383 3508 2859 3605 defectibilis,
2941 3532 3116 3607 quae
3168 3511 3618 3588 defectibilis

2064 3628 2371 3719 dicitur,
2453 3626 2635 3724 quia
2714 3637 2963 3724 potest
3036 3629 3384 3704 absolute
3463 3655 3615 3705 non

2064 3765 2296 3833 esse;
2387 3741 2623 3838 igitur
2689 3751 2936 3839 potest
3009 3744 3368 3819 voluntas
3459 3769 3615 3820 non

2064 3884 2234 3936 esse
2308 3883 2545 3934 causa
2601 3858 2918 3934 effectus
2992 3861 3471 3957 defectibilis,
3544 3875 3619 3939 et

2062 3976 2231 4074 ipsa
2306 3999 2461 4050 non
2540 3975 2938 4069 existente,
3011 3987 3268 4074 posset
3326 3979 3616 4076 aliquid

2063 4115 2231 4167 esse
2287 4115 2519 4167 causa
2559 4090 2876 4166 effectus
2915 4094 3394 4169 defectibilis.
3441 4096 3614 4169 Non

2063 4208 2298 4305 igitur
2370 4209 2732 4281 voluntas
2802 4217 2883 4281 ut
2950 4208 3402 4284 defectibilis
3469 4219 3608 4305 est,

2061 4328 2193 4401 sed
2248 4327 2602 4401 voluntas
2660 4336 2939 4420 creata,
3006 4336 3086 4400 ut
3123 4329 3611 4425 contingenS,

2062 4451 2177 4518 est
2230 4466 2464 4518 causa
2520 4442 3043 4519 convertibilis
3106 4442 3420 4521 effectus
3479 4447 3616 4520 de-

2062 4560 2445 4636 sectibilis.

2163 4679 2379 4771 Item,
2443 4701 2677 4752 causa
2760 4679 3216 4776 contingens
3283 4681 3612 4756 duorum

2062 4794 2208 4868 sub
2242 4793 2510 4868 eadem
2564 4793 2852 4868 ratione
2886 4818 2978 4868 ex
3027 4806 3240 4894 parte
3292 4797 3441 4892 sui,
3505 4808 3622 4872 est

2063 4933 2298 4984 causa
2352 4909 2807 5005 utriusque3
2863 4911 2994 4984 sed
3066 4913 3418 4989 voluntas
3497 4915 3621 4988 in-

2063 5036 2438 5124 quantum
2504 5026 2957 5101 defectibilis
3015 5052 3168 5103 non
3221 5039 3333 5105 est
3388 5055 3624 5106 causa

2065 5144 2510 5218 immediata
2605 5154 2952 5241 respectu
3055 5148 3247 5223 bene
3329 5152 3527 5224 velle
3601 5175 3616 5235 ;

2062 5263 2301 5358 igitur
2363 5285 2503 5336 nec
2567 5272 2915 5358 respectu
2962 5266 3157 5340 male
3197 5269 3420 5342 velle.

2171 5376 2692 5451 Confirmatur
2733 5378 2924 5452 ratio
3006 5382 3149 5455 sub
3214 5382 3345 5455 illa
3402 5382 3626 5456 ratio-

2064 5517 2161 5568 ne
2228 5495 2373 5568 sub
2443 5516 2597 5590 qua
2664 5494 3052 5589 voluntas,
3125 5521 3278 5571 non
3375 5507 3625 5594 potest

2060 5609 2258 5685 bene
2325 5610 2552 5703 velle,
2628 5633 2781 5683 non
2848 5622 3097 5708 potest
3162 5615 3625 5713 contingen-

3768 833 3873 900 ¹0.

3672 944 3845 997 volun
3855 950 3933 997 tas

3668 1011 3936 1069 quomodo

3675 1076 3757 1122 est
3784 1086 3944 1124 causa

3723 1136 3849 1185 mali
3876 1139 3901 1185 ‘t

3768 4686 3875 4752 11.
