4295 6326
642 432 771 498 490
2010 419 2245 488 LIBRI
2299 419 2421 487 111.

2307 593 2503 668 rium
2538 600 2653 669 est
2692 591 3009 689 diligere
3059 588 3496 690 proximum
3562 586 3848 663 habere

2306 712 2781 801 charitatem,
2818 735 2909 785 eo
2950 710 3154 807 quod
3206 732 3361 782 non
3408 707 3619 782 illius
3680 718 3851 781 tan-

2306 841 2464 904 tum
2520 839 2635 904 est
2683 828 3020 903 amicitia
3076 828 3238 901 Deo
3316 835 3558 923 grata.
3626 823 3848 899 Unde

2309 969 2624 1024 necesse
2702 955 2814 1019 est
2904 944 3316 1018 habentem
3402 940 3848 1017 charitatem
3912 986 3922 999 ·

2308 1066 2626 1162 diligere
2685 1062 3120 1162 proximum
3192 1059 3688 1135 habitualiter
3770 1058 3845 1130 in

2311 1206 2542 1259 sensu
2605 1178 3227 1279 comparationis,
3292 1202 3473 1252 nam
3520 1175 3853 1251 charitas

2312 1310 2429 1376 est
2457 1298 2764 1373 habitus
2796 1297 3181 1372 inclinans
3221 1296 3317 1371 ad
3360 1293 3849 1370 dilectionem

443 1570 506 1639 1·
750 1509 940 1585 Dico
1001 1509 1208 1608 quod
1287 1509 1618 1586 charitas
1685 1518 1799 1585 est
1859 1507 2197 1604 habitus,
2313 1442 2865 1519 proxlmolum‚

310 1686 614 1739 Differentia
663 1653 816 1729 quo
850 1628 1145 1705 habens
1205 1652 1372 1704 eam
1435 1629 1597 1703 Deo
1648 1634 1763 1703 est
1815 1650 2069 1721 carus,
2129 1635 2204 1702 et

308 1750 633 1866 'ntss‘ssgghgffi‘
662 1748 873 1823 Deus
930 1744 1103 1820 sibi.
1167 1745 1317 1820 Sed
1379 1744 1624 1842 gratia
1691 1754 1805 1819 est
1861 1742 2199 1838 habituS‚

352 1877 598 1942 gratiam.
662 1890 816 1965 quo
850 1867 1081 1939 homo
1122 1873 1236 1939 est
1274 1872 1538 1962 gratus
1577 1863 1767 1956 De0,
1833 1862 2007 1938 licet
2069 1885 2205 1937 eo-

1147 811 1546 890 QUAESTlo
1600 813 1682 877 ΙΙ.

645 1010 756 1077 An
821 1008 1109 1078 habenti
1145 1007 1555 1076 charitatem
1595 1010 2063 1076 necessarium
2104 1009 2196 1076 sit

1030 1116 1318 1206 diliqere
1351 1118 1817 1204 proximum?

650 1314 927 1373 Doctores
954 1311 1117 1370 citati
1150 1318 1355 1387 quaest.
1391 1314 1761 1386 praecedenti.

2899 1667 3284 1725 SCHOLIUM.

2386 1822 2636 1879 Osteneo
2663 1836 2921 1877 amorem
2954 1835 3082 1875 esse
3113 1818 3533 1887 inordinatum,
3585 1816 3632 1872 si
3679 1815 3865 1881 nollet

2318 1915 2497 1970 Deum
2529 1913 2603 1969 ab
2632 1910 2763 1969 eliis
2789 1909 3091 1982 condiligi‚
3125 1909 3362 1965 reeolvit
3393 1908 3546 1979 quod
3578 1908 3861 1964 debemus

313 2859 478 2910 Amor
506 2859 610 2909 Dee

334 2922 611 2987 zelotypae

315 2991 397 3037 eet
429 2984 636 3036 inordi-

386 3052 562 3099 natue.

663 1979 836 2053 dem
890 1977 987 2053 sit
1041 2000 1267 2052 carus
1312 1976 1501 2064 De0‚
1553 1983 1628 2049 et
1685 1998 1726 2049 e
1790 1997 2193 2048 convers0.

659 2095 1040 2172 Possibile
1099 2104 1359 2170 tamen
1410 2103 1525 2168 est
1563 2093 1810 2168 Deum
1857 2115 2027 2169 esse
2076 2116 2204 2167 ca-

659 2235 830 2287 rum
901 2209 1047 2285 sibi
1118 2232 1406 2295 amore,
1489 2207 1618 2305 qui
1673 2217 1787 2282 est
1839 2209 2076 2297 zeluS‚
2122 2216 2208 2283 ut

661 2338 865 2405 esset
895 2325 1259 2427 proprius
1290 2325 1464 2420 sibi,
1502 2324 1606 2400 ita
1639 2334 1722 2398 ut
1760 2334 1959 2400 esset
2000 2326 2207 2400 zelo-

661 2456 917 2544 typuS,
955 2453 1027 2519 et
1058 2444 1297 2517 nollet
1338 2441 1620 2516 habere
1655 2442 2200 2536 condilectum,

664 2564 810 2637 hoc
851 2570 992 2656 est,
1038 2561 1273 2635 nollet
1308 2559 1546 2635 alium
1580 2567 1864 2657 praeter
1910 2582 1992 2634 se
2033 2559 2205 2633 dili-

603 2684 616 2696 '
664 2703 843 2779 gere
884 2680 1159 2769 Deum,
1197 2678 1329 2753 sed
1389 2677 1531 2753 iste
1598 2700 1816 2752 amor
1875 2701 2030 2751 non
2093 2685 2208 2752 θεῖ

667 2807 947 2874 rectuS.
988 2796 1374 2887 Probatio,
1411 2796 1619 2871 Deus
1651 2805 1762 2872 θεῖ
1794 2818 2206 2871 commune

667 2918 956 2993 bonum
1002 2943 1021 3011 3
1059 2940 1242 3013 ergo
1283 2924 1511 2991 natus
1544 2924 1658 2990 est
1689 2938 1857 2991 esse
1913 2915 2203 2990 bonum

669 3032 856 3108 mihi
911 3040 985 3107 et
1051 3030 1249 3126 aliis,
1320 3030 1503 3128 quia
1567 3039 1683 3106 θεῖ
1769 3029 2120 3106 infinitus
2185 3057 2202 3119 ;

668 3151 902 3250 igitur
940 3149 1210 3226 volens
1252 3148 1528 3244 Deum,
1574 3147 1707 3249 qui
1754 3149 1976 3225 debet
2037 3173 2206 3225 esse

669 3291 1079 3345 commune
1157 3267 1446 3341 bonum
1559 3266 1942 3365 pluribuS,
2039 3289 2208 3342 esse

672 3385 1063 3487 proprium
1107 3383 1249 3459 sibi
1293 3391 1367 3458 et
1405 3407 1560 3457 non
1602 3382 1733 3459 alii
1773 3383 2211 3458 communi-

668 3503 852 3596 cari,
888 3499 1320 3575 inordinate
1359 3501 1550 3574 vult.

766 3622 984 3714 Item,
1058 3619 1196 3694 iste
1273 3642 1492 3694 amor
1566 3618 1707 3694 zeli
1784 3642 1940 3694 non
2009 3628 2213 3694 esset

668 3737 1082 3838 perfectuS,
1124 3758 1270 3812 nec
1315 3759 1533 3810 amor
1589 3736 1872 3834 aliquis
1916 3759 2214 3835 quous-

671 3881 821 3957 que
854 3856 1184 3954 diligens
1223 3856 1390 3929 vult
1426 3855 1711 3931 habere
1743 3855 2216 3954 condiligen-

671 3985 819 4052 tem
866 3998 1072 4069 eum,
1104 3973 1325 4072 cujus
1356 3997 1574 4048 amor
1603 3972 1701 4048 sit
1730 3973 1874 4049 sibi
1916 3983 2208 4072 gratuS‚

671 4092 805 4168 sed
848 4097 962 4167 est
1003 4112 1219 4164 amor
1279 4087 1792 4184 inordinatuS,
1855 4088 2038 4187 quia
2094 4112 2218 4166 εθ-

674 4209 1013 4287 cundum
1081 4207 1600 4305 Augustinum
1670 4208 1740 4282 8.
1802 4208 1895 4284 de
1941 4206 2208 4283 Trinit.

674 4352 840 4427 cap.
879 4327 948 4399 3.
984 4325 1168 4402 Non
1222 4331 1334 4400 est
1369 4347 1588 4399 amor
1628 4325 2022 4423 perfectus
2062 4324 2222 4399 nisi

673 4444 1002 4542 diliqens
1032 4439 1217 4517 velit
1243 4439 1521 4516 habere
1561 4441 2152 4541 condiliqentem
2193 4468 2211 4531 ;

671 4562 932 4659 igitur,
966 4582 1141 4633 cum
1175 4557 1509 4633 charitas
1568 4581 1722 4631 non
1777 4558 1872 4633 sit
1923 4558 2218 4633 inordi-

671 4687 877 4771 nata,
951 4675 1135 4775 quia
1198 4674 1631 4749 infunditur
1700 4699 1745 4749 a
1812 4675 2000 4769 Dec,
2082 4676 2216 4773 qui

672 4796 903 4870 habet
936 4792 1385 4867 charitatem
1419 4792 1755 4891 proprie,
1809 4793 1977 4867 vult
2009 4792 2219 4868 habi-

670 4911 980 4988 tualiter
1019 4909 1264 4985 Deum
1309 4909 1524 5006 diligi
1591 4910 1686 4984 ab
1755 4909 1964 4984 omni
2031 4909 2210 5001 alio,

672 5032 895 5130 cujus
971 5029 1307 5105 amicitia
1379 5038 1492 5104 est
1573 5029 1734 5105 Deo
1809 5039 2050 5127 grata.
2134 5029 2230 5137 Si·

673 5150 880 5227 enim
938 5148 1176 5245 diligo
1226 5147 1593 5244 aliquem,
1660 5149 1838 5223 volo
1892 5171 2069 5223 eum
2102 5146 2219 5221 di-

672 5268 808 5366 ligi
848 5267 945 5342 ab
979 5265 1188 5341 omni
1223 5288 1340 5353 e0‚
1391 5288 1436 5340 a
1502 5288 1656 5363 quo
1723 5266 2000 5341 vellem
2072 5288 2216 5362 ego

672 5383 916 5482 diligi,
953 5406 1095 5457 nec
1147 5383 1426 5457 vellem
1478 5405 1654 5457 eum
1716 5381 2032 5479 diligere
2087 5381 2218 5457 ali-

673 5527 934 5602 quem,
1006 5524 1238 5600 quem
1302 5524 1444 5598 ego
1511 5500 1691 5575 nolo
1743 5498 2086 5596 diligere.
2124 5501 2217 5574 Et

680 5630 859 5696 tunc
890 5619 1301 5695 habentem
1334 5615 1812 5712 charitatem,
1857 5639 2220 5692 necessa-

2313 2001 2459 2059 velle
2489 2005 2669 2057 Deum
2702 1999 2882 2056 amari
2913 2015 2947 2055 a
2974 1998 3188 2066 Bonis,
3233 2012 3339 2053 nec
3387 2012 3501 2052 non
3549 2013 3585 2052 a
3631 1995 3867 2053 viatori-

2315 2092 2426 2150 bus
2457 2093 2516 2149 in
2539 2091 2857 2149 communi.
2892 2089 3016 2146 Non
3058 2091 3148 2145 eet
3181 2091 3374 2145 temen
3404 2087 3558 2160 quod
3592 2086 3651 2142 in
3686 2084 3865 2159 parti-

2314 2182 2514 2250 culari,
2550 2185 2817 2254 respectu
2850 2178 3029 2249 hujue
3059 2177 3147 2234 vel
3177 2176 3357 2244 illiue,
3392 2175 3462 2232 ad
3506 2174 3565 2232 id
3607 2176 3865 2248 ligemur

2313 2274 2386 2330 de
2416 2288 2517 2343 per
2544 2286 2630 2339 ee,
2661 2270 2775 2326 niel
2801 2268 2958 2325 adsit
2986 2268 3302 2325 necessitas
3353 2267 3525 2340 quaei
3574 2269 3758 2334 extre,
3799 2269 3865 2322 ut

2315 2363 2364 2420 ei
2397 2362 2654 2419 viderem
2683 2358 2939 2431 aliquem
2971 2358 3043 2414 ad
3097 2357 3193 2414 Dei
3244 2357 3447 2413 odium
3496 2356 3864 2414 vehementer

2316 2456 2624 2519 tentatum,
2657 2454 2715 2508 et
2744 2465 2974 2523 sperem
3010 2448 3110 2506 tali
3146 2455 3277 2505 actu
3313 2449 3492 2504 Deum
3523 2448 3574 2505 ei
3622 2463 3862 2504 succur-

2315 2559 2540 2601 eurum.
2573 2546 2744 2599 Docet
2774 2541 2846 2598 de
2877 2539 3140 2612 potentie
3170 2538 3444 2596 absoluta
3488 2542 3644 2595 stare
3688 2554 3862 2610 posse

2316 2633 2511 2689 odium
2545 2630 2792 2705 proximi
2822 2645 2958 2687 cum
2990 2645 3187 2685 amore
3215 2627 3338 2686 Dei.

2415 2808 2564 2885 Sed
2632 2817 2846 2883 estne
2925 2803 3449 2881 necessarium
3542 2804 3857 2880 habenti

2318 2925 2765 3002 charitatem
2806 2921 3207 2998 actualiter
3237 2921 3556 3018 diligere
3598 2920 3860 3019 proxi-

2318 3066 2530 3118 mum
2567 3042 2608 3116 ’ἓ
2637 3041 2824 3117 Dico
2866 3039 3072 3139 quod
3114 3037 3395 3137 aliquis
3434 3047 3549 3115 est
3599 3037 3863 3138 proxi-

2321 3184 2518 3249 muS,
2554 3158 2777 3257 cujus
2843 3154 3179 3232 amicitia
3231 3165 3344 3232 est
3408 3154 3571 3230 Deo
3616 3166 3862 3253 grata,

2319 3278 2517 3354 sicut
2563 3274 2783 3353 electi
2845 3285 2919 3350 et
2976 3273 3178 3349 beati
3248 3272 3355 3347 illi
3417 3272 3870 3372 simpliciter

2319 3392 2736 3494 loquendo,
2789 3400 2971 3468 sunt
3029 3388 3216 3486 cari,
3251 3400 3326 3466 et
3363 3392 3510 3466 hoc
3568 3391 3871 3467 certitu-

2320 3510 2680 3586 dinaliter
2735 3508 3113 3584 habemus
3171 3506 3379 3605 quod
3441 3516 3624 3583 sunt
3686 3506 3869 3581 dili-

2319 3626 2578 3726 gendi.
2615 3627 2727 3701 De
2768 3625 3150 3701 damnatis
3228 3632 3488 3701 autem
3570 3633 3866 3701 certum

2323 3754 2437 3822 est
2493 3743 2699 3842 quod
2761 3765 2918 3819 non
2965 3751 3147 3816 sunt
3189 3740 3373 3817 cari.
3426 3742 3539 3818 De
3608 3742 3871 3841 proxi-

2323 3863 2470 3938 mis
2500 3862 2582 3937 in
2612 3860 2740 3936 via
2795 3859 3113 3936 dubium
3176 3869 3292 3935 est
3343 3859 3435 3934 de
3487 3881 3871 3957 quocum-

2323 4004 2475 4079 que
2513 3979 2593 4053 in
2636 3976 3108 4077 particulari,
3180 4000 3281 4052 an
3332 3976 3430 4052 sit
3469 3976 3873 4075 proximus

2326 4121 2480 4172 uno
2558 4094 2814 4190 mod0,
2876 4096 2998 4169 vel
3066 4117 3252 4168 non.
3318 4093 3406 4167 In
3476 4093 3873 4170 communi

2324 4223 2616 4290 certum
2677 4219 2792 4288 est
2849 4211 3128 4286 multos
3178 4208 3515 4286 viatores
3584 4211 3872 4288 electos

2313 4340 2398 4436 *et
2444 4338 2702 4427 gratos
2744 4329 2936 4422 De0,
2985 4337 3060 4404 et
3103 4327 3387 4403 multos
3439 4351 3623 4403 non.
3680 4327 3870 4402 Dico

2323 4456 2508 4523 tunc
2540 4444 2887 4534 ulterius»,
2938 4443 3143 4542 quod
3177 4443 3599 4521 necessitas
3652 4455 3871 4521 actus

2326 4572 2574 4663 potest
2657 4560 2984 4658 intelligi
3064 4559 3156 4636 de
3242 4569 3413 4635 actu
3511 4560 3871 4659 negativo

2326 4677 2710 4779 prohibito
2751 4685 3139 4776 praecepto
3187 4676 3607 4772 charitatis,
3661 4676 3872 4753 scili-

2326 4805 2444 4872 cet
2475 4820 2630 4871 non
2662 4793 2873 4870 odire
2911 4821 2930 4888 3
2992 4816 3222 4868 omne
3271 4794 3477 4870 enim
3523 4819 3873 4895 praecep-

2324 4925 2488 4991 tum
2517 4913 2747 4988 habet
2801 4921 3053 4987 actum
3119 4912 3689 5010 prohibitionis„
3733 4914 3872 5011 qui

2326 5031 2529 5107 cadit
2567 5030 2710 5106 sub
2742 5038 3154 5130 praeceptO.
3218 5028 3390 5103 Non
3447 5038 3563 5104 est
3610 5039 3868 5106 autem

2326 5146 2776 5246 simpliciter
2808 5144 3335 5220 necessarium
3379 5145 3487 5220 sic
3545 5145 3867 5244 diligere

2327 5264 2642 5341 habenti
2724 5263 3201 5351 charitatem,
3293 5265 3439 5339 hoc
3511 5271 3627 5340 est
3709 5287 3866 5339 non

2326 5380 2567 5474 odire,
2630 5379 2764 5455 sed
2839 5387 3139 5454 tantum
3216 5379 3361 5454 sub
3428 5379 3867 5456 conditione

2324 5507 2655 5593 tenetur,
2710 5521 2865 5572 non
2926 5507 3183 5574 autem
3239 5497 3614 5589 absolute,
3684 5497 3873 5596 quia

2332 5615 2792 5715 contingens
2902 5625 3020 5692 est
3142 5639 3235 5691 ex
3350 5614 3870 5717 prohibitione
