4295 6326
117 670 198 718 Ad
232 670 386 723 ratio-

148 747 268 784 nem
300 740 338 787 t.

95 800 407 869 opin.supe-

154 876 326 913 rrrrrrr

100 924 376 977 Materiam

82 1004 197 1038 esse
229 991 294 1039 de
327 991 405 1040 rei

83 1053 402 1114 quidditate.

84 2811 171 2861 Ad
193 2825 388 2861 secun-

162 2878 311 2926 dam.

125 2942 358 2990 Materia

58 3011 150 3057 est
189 3003 310 3067 prin
350 3002 361 3013 '

87 3070 248 3133 pium
284 3079 370 3115 co-

56 3130 399 3200 gnoscendi.

159 5133 277 5199 10.

12 5225 110 5275 Ad
159 5223 385 5272 tertiam

1448 358 1675 428 DIST.
1725 358 1949 429 thl.
2004 355 2423 438 QUAESTIO
2472 359 2773 429 UNICA.

531 526 943 624 Praeterea,
982 531 1318 608 rationes
1367 532 1586 607 factae
1640 556 1778 631 pro
1843 532 1978 606 illa

435 642 803 739 opinione
917 649 1390 723 concludunt
1500 649 1971 746 oppositum,

437 760 642 857 quod
719 764 1148 839 ostenditur
1203 766 1450 863 primo
1519 765 1611 839 de
1678 766 1975 840 ratione

440 875 709 972 prima.
791 878 985 951 Nam
1049 904 1142 953 ex
1200 882 1344 954 hoc
1404 880 1607 978 quod
1658 881 1978 955 materia

437 1001 576 1085 est,
612 1018 763 1091 qua
793 1018 912 1069 res
933 1003 1185 1093 potest
1241 1021 1398 1070 esse
1452 1003 1523 1071 et
1568 1020 1725 1071 non
1786 1021 1973 1090 esse,

436 1111 785 1207 sequitur
847 1113 1052 1210 quod
1108 1115 1486 1212 pertineat
1537 1113 1632 1187 ad
1683 1113 1980 1211 quiddi-

435 1238 665 1302 tatem
736 1230 870 1317 rei,
956 1231 1138 1329 quia
1212 1232 1466 1328 passio
1545 1231 1980 1305 communis

435 1347 864 1421 ostenditur
893 1348 986 1423 de
1020 1348 1363 1445 subjecto
1398 1348 1790 1422 communi
1842 1371 1983 1445 per

435 1464 770 1538 medium
816 1466 1422 1564 consequentiae.
1461 1468 1658 1540 Illud
1721 1476 1975 1540 autem

433 1581 800 1675 medium,
875 1583 1418 1680 quodcumque
1487 1582 1608 1675 sit,
1683 1585 1979 1657 resolu-

433 1696 583 1773 bile
626 1707 741 1773 est
771 1699 850 1783 in
902 1698 1086 1773 illud
1148 1722 1301 1796 quo
1357 1698 1648 1796 aliquid
1701 1698 1980 1773 dicitur

432 1839 655 1912 posse
716 1838 882 1891 esse
953 1825 1027 1890 et
1094 1839 1248 1889 non
1329 1839 1525 1909 esse,
1575 1826 1650 1891 et
1692 1817 1832 1890 hoc
1866 1825 1980 1890 est

432 1930 753 2006 materia
827 1932 1256 2007 secundum
1335 1932 1972 2031 Philosophum3

432 2076 614 2148 ergo
656 2075 749 2126 ex
801 2054 943 2126 hoc
989 2052 1193 2149 quod
1254 2052 1573 2127 materia
1619 2062 1758 2139 est,
1824 2075 1978 2149 qua

432 2190 555 2242 res
587 2175 837 2266 potest
877 2191 1044 2242 esse
1079 2178 1154 2242 et
1184 2192 1335 2242 non
1373 2191 1569 2261 esse,
1629 2167 1980 2265 sequitur

435 2284 641 2381 quod
693 2293 806 2358 est
865 2284 1329 2382 principium
1396 2285 1756 2377 radicale,
1820 2307 1973 2381 quo

436 2402 691 2500 passio
724 2403 1157 2477 ostenditur
1194 2403 1287 2477 de
1320 2403 1450 2476 tali
1484 2402 1860 2499 subjecto,
1907 2412 1988 2476 et

435 2542 570 2616 per
600 2542 1087 2616 consequens
1141 2520 1471 2618 pertinet
1519 2519 1611 2594 ad
1666 2518 1978 2617 quiddi-

434 2641 665 2708 tatem
698 2635 1050 2731 subjecti.

533 2751 920 2826 Praeterea
949 2752 1287 2826 secunda
1320 2750 1513 2825 ratio
1567 2774 1720 2823 non
1787 2772 1979 2824 con-

436 2871 696 2963 cludit,
762 2872 1036 2945 salsum
1115 2881 1228 2945 est
1294 2870 1500 2968 quod
1568 2869 1970 2967 accipitur,

318 3016 390 3051 οι·
434 2988 635 3084 quod
710 2988 1026 3063 materia
1101 3011 1255 3062 non
1324 2995 1438 3062 est
1508 2987 1972 3084 principium

433 3104 945 3201 cognoscendi
982 3128 1168 3180 rem.
1216 3102 1417 3177 Dicit
1457 3102 1664 3178 enim
1707 3102 1976 3176 Philo-

431 3223 751 3319 sophus,
811 3222 1144 3295 seczmdo
1211 3221 1554 3319 Metaplz.
1620 3227 1801 3294 teaet.
1852 3220 1966 3292 11.

433 3337 635 3434 quod
714 3338 777 3412 si
855 3337 1151 3436 species
1226 3359 1634 3412 causarum
1718 3345 1976 3411 essent

432 3451 786 3541 infinitae,
861 3454 1065 3551 quod
1128 3453 1319 3526 nihil
1402 3463 1603 3527 esset
1675 3452 1967 3545 scibile,

433 3590 573 3641 nec
644 3567 936 3664 aliquid
1016 3576 1275 3664 posset
1341 3565 1583 3659 sciri3
1649 3564 1969 3639 sednon

429 3681 681 3777 arguit
756 3684 900 3756 hoc
968 3683 1059 3757 de
1127 3682 1531 3780 speciebus
1618 3681 1965 3776 infinitiS,

426 3811 707 3897 praeter
780 3811 1111 3897 quatuor
1173 3824 1472 3893 causaS,
1553 3799 1735 3897 quia
1825 3802 1969 3873 hoc

425 3914 654 3988 etiam
696 3914 1063 4012 probatur
1103 3914 1340 4011 priuS,
1415 3913 1705 3988 scilicet
1763 3913 1969 4011 quod

426 4030 502 4103 in
538 4031 754 4126 nulla
792 4030 1044 4128 specie
1105 4052 1512 4104 causarum
1572 4039 1752 4103 sunt
1783 4052 1970 4102 cau-

425 4169 532 4220 sae
602 4144 949 4220 infinitae.
1052 4146 1201 4220 Sed
1288 4145 1353 4219 si
1429 4145 1745 4219 materia
1813 4168 1966 4218 non

424 4263 840 4361 pertineret
891 4262 985 4336 ad
1034 4264 1231 4336 scire
1284 4262 1417 4356 rei,
1470 4287 1626 4336 non
1678 4271 1971 4336 teneret

423 4379 1007 4478 consequentia,
1043 4379 1226 4476 quia
1281 4403 1402 4454 res
1461 4378 1969 4453 nihilominus

422 4497 688 4591 scitur,
766 4497 943 4572 licet
1033 4521 1188 4570 non
1284 4504 1794 4594 cognoscatur
1893 4496 1965 4569 id

424 4615 627 4713 quod
682 4615 1011 4716 pertinet
1051 4613 1144 4688 ad
1205 4614 1707 4711 quidditatem
1766 4614 1961 4709 ejuS,

424 4742 499 4806 et
532 4731 635 4805 ita
666 4731 841 4807 licet
892 4730 1224 4806 materiae
1293 4739 1549 4805 essent
1608 4729 1962 4824 infinitae,

421 4860 495 4923 et
558 4874 710 4923 non
782 4858 1374 4946 cognoscantur,
1456 4848 1965 4923 nihilominus

423 4987 546 5039 res
586 4963 945 5060 cognosci
980 4974 1252 5062 potest.

520 5082 904 5156 Praeterea
942 5081 1164 5155 tertia
1197 5081 1385 5154 ratio
1438 5105 1591 5182 noun
1651 5082 1968 5155 conclu-

422 5199 556 5287 dit,
605 5199 874 5272 falsum
912 5198 1116 5272 enim
1160 5208 1274 5272 est
1314 5198 1623 5294 quando
1687 5197 1968 5271 dicitur

425 5316 631 5413 quod
677 5316 992 5390 materia
1033 5315 1351 5413 impedit
1394 5339 1487 5390 ne
1522 5316 1725 5413 quod
1781 5314 1972 5413 quid

431 5439 542 5509 est
593 5433 690 5507 sit
721 5432 920 5505 idem
955 5457 1130 5506 cum
1178 5456 1267 5506 eo
1320 5432 1540 5527 cujus
1582 5440 1720 5519 est,
1776 5431 1968 5505 scili-

420 5558 538 5623 cet
613 5572 788 5621 cum
850 5548 1177 5622 habente
1263 5547 1684 5640 materiam,
1767 5552 1966 5621 sicut

3493 350 3624 417 425

2082 533 2289 631 quod
2322 534 2512 632 qaid
2540 534 2647 608 rei
2690 531 3218 608 immaterialis
3279 529 3476 601 idem
3510 532 3625 598 est

2082 674 2257 725 cum
2322 674 2398 725 re
2459 651 2974 737 immateriali,
3034 650 3139 722 ita
3187 645 3391 745 quod
3441 641 3629 741 quid

2082 767 2192 842 rei
2229 768 2642 842 materialis
2674 777 2787 842 est
2821 768 3020 841 idem
3056 788 3228 839 cum
3275 786 3352 836 re
3399 768 3626 834 mate-

2084 884 2252 957 riali
2297 883 2623 958 habente
2666 883 2941 981 primo,
2987 881 3192 980 qnod
3232 878 3423 977 quid
3482 882 3616 949 est.

2083 1000 2299 1086 Quod
2394 1001 2762 1097 probatur
2837 1022 2972 1097 per
3064 994 3623 1091 Philosophum

2079 1118 2401 1214 septimo
2468 1116 2978 1216 Mecaplzysz'c.
3044 1119 3227 1188 teoet.
3302 1111 3421 1184 33.
3495 1107 3621 1182 ubi

2084 1245 2475 1333 comparat
2505 1244 2758 1333 partes
2800 1233 3271 1309 definitionis
3323 1231 3414 1304 ad
3463 1250 3629 1326 par-

2082 1361 2197 1425 tes
2287 1351 2395 1426 rei
2485 1351 2910 1426 secundum
3015 1346 3623 1447 proportionem,

2085 1467 2268 1565 quia
2334 1468 2533 1542 sicut
2598 1477 2755 1542 tota
2841 1466 3185 1541 definitio
3273 1461 3632 1561 exprimit

2082 1593 2319 1658 totam
2353 1584 2885 1681 quidditatem‚
2934 1585 3037 1659 ita
3069 1593 3323 1681 partes
3363 1577 3630 1655 defini·

2083 1701 2320 1774 tionis
2422 1711 2678 1798 partes
2770 1700 3245 1798 quidditatis,
3327 1697 3625 1771 dicente

2084 1818 2281 1915 ipso,
2319 1819 2685 1915 quoniam
2729 1817 3076 1893 definitio
3125 1816 3310 1891 ratio
3370 1823 3510 1908 est,
3556 1822 3631 1887 et

2086 1935 2343 2009 omnis
2412 1935 2602 2009 ratio
2664 1945 2920 2033 partes
2999 1935 3253 2028 habet,
3336 1939 3636 2030 oportet

2086 2051 2291 2148 quod
2326 2051 2519 2125 sicut
2556 2050 2748 2125 ratio
2781 2061 2855 2125 et
2894 2050 3237 2125 definitio
3284 2049 3375 2123 ad
3442 2071 3627 2138 rem,

2083 2168 2189 2242 ita
2222 2178 2477 2266 partes
2505 2170 2823 2244 rationis
2856 2170 2947 2244 ad
2980 2180 3233 2267 partes
3284 2168 3419 2242 rei.
3481 2166 3629 2241 Sed

2083 2286 2150 2359 si
2218 2286 2296 2358 in
2359 2286 2782 2385 composito
2850 2296 3050 2361 esset
3146 2284 3484 2373 materia,
3558 2293 3631 2357 et

2086 2427 2239 2478 non
2276 2414 2476 2480 esset
2518 2405 2609 2478 de
2644 2405 2978 2478 essentia
3019 2402 3449 2502 compositi,
3488 2424 3628 2476 nec

2085 2520 2294 2618 quod
2321 2519 2512 2618 quid
2538 2529 2738 2594 esset
2769 2519 2968 2593 idem
3013 2542 3185 2593 cum
3232 2542 3351 2611 ec,
3408 2517 3630 2612 cujus

2086 2645 2288 2731 esset
2320 2635 2395 2708 in
2434 2635 2981 2728 materialibus,
3027 2645 3209 2708 tunc
3241 2635 3318 2707 in
3364 2632 3632 2707 defini-

2081 2752 2290 2827 tione
2325 2753 2797 2853 exprimente
2839 2752 3369 2849 quidditatem,
3425 2759 3626 2824 esset

2082 2868 2374 2966 aliquid
2455 2869 2658 2966 quod
2730 2892 2884 2942 non
2964 2868 3374 2966 respondet
3426 2868 3619 2965 parti

2083 2984 2509 3079 definienti,
2556 2996 2630 3060 et
2662 3009 2812 3060 non
2848 2995 3143 3060 teneret
3175 2985 3303 3059 illa
3334 3008 3623 3083 propo-

2080 3101 2282 3176 sitio.

2178 3219 2590 3312 Praeterea,
2644 3219 3135 3294 auctoritates
3185 3242 3321 3317 pro
3381 3243 3652 3316 oppo-·
3761 3266 3863 3331 11·

2078 3333 2222 3408 sito
2297 3344 2474 3408 sunt
2563 3335 2807 3430 magis
2888 3335 3335 3410 manifestae.
3420 3334 3619 3407 Dicit
3683 3352 3762 3403 Ad
3794 3366 3951 3415 quar-

2078 3451 2284 3525 enim
2315 3452 2862 3549 PhilosophuS,
2907 3462 3175 3527 octavo
3212 3452 3622 3550 metaphy-
3744 3419 3868 3464 ιη’

2076 3569 2212 3642 sic.
2295 3568 2587 3668 cap43.
2653 3579 2831 3643 text.
2888 3570 2957 3642 9.
3027 3570 3232 3668 quod
3276 3570 3464 3668 quid
3513 3575 3626 3643 est

2076 3683 2457 3760 definiunt
2490 3709 2626 3783 per
2660 3687 3080 3780 materiam,
3117 3697 3191 3761 et
3231 3686 3309 3759 hi
3341 3687 3622 3784 imper-

2080 3802 2295 3895 fecte,
2332 3801 2514 3897 quia
2544 3812 2836 3877 tantum
2897 3801 3275 3877 definiunt
3339 3825 3478 3877 ens
3537 3802 3614 3874 in

2076 3917 2470 4015 potentia3
2517 3918 2641 3992 alii
2715 3929 2971 3993 autem
3048 3919 3431 3993 deliniunt
3485 3941 3620 4017 per

2075 4043 2357 4123 actum,
2458 4035 2589 4108 sed
2693 4034 2894 4109 tertii
2998 4033 3379 4109 definiunt
3485 4058 3621 4131 per

2079 4160 2519 4248 utrumque3
2610 4160 2685 4226 et
2794 4153 2994 4226 hanc
3088 4151 3615 4226 definitionem

2074 4267 2475 4365 approbat,
2548 4268 2745 4342 sicut
2810 4271 3184 4366 Archytas
3236 4268 3622 4367 approha-

2074 4383 2207 4456 vit.
2248 4385 2467 4477 Item,
2504 4409 2668 4482 cap.
2707 4384 2777 4457 3.
2816 4384 3100 4460 ibidem
3132 4386 3313 4460 dicit
3352 4386 3620 4460 Philo-

2076 4503 2368 4598 sophus
2402 4511 2668 4576 contra
2721 4503 3149 4596 Platonem,
3217 4503 3423 4600 quod
3486 4503 3618 4577 du·

2074 4617 2369 4711 bitati0,
2443 4641 2599 4715 qua
2655 4617 3161 4693 Antisthenici
3230 4620 3612 4708 dixerunt,

2077 4733 2306 4806 habet
2366 4734 2527 4831 ipse
2592 4744 2858 4808 contra
2916 4735 3343 4828 Platonem,
3412 4736 3615 4832 quod

2074 4847 2269 4923 idea}
2304 4873 2457 4923 non
2506 4859 2829 4946 possunt
2868 4849 3200 4943 definiri,
3271 4874 3414 4925 nec
3474 4852 3621 4927 ali-

2073 4987 2231 5062 qua
2261 4966 2719 5053 substantia,
2794 4975 2869 5041 et
2936 4968 3077 5040 hac
3135 4966 3612 5062 definitione,

2074 5099 2251 5174 quae
2318 5079 2683 5177 competit
2713 5080 3164 5155 substantiae
3209 5083 3610 5176 materiali,

2073 5194 2255 5291 quia
2323 5197 2746 5270 secundum
2821 5196 3409 5294 Philosophum,
3481 5199 3618 5272 de-

2073 5310 2507 5386 finitionem
2551 5323 2850 5410 oportet
2918 5323 3119 5387 esset
3185 5313 3606 5387 orationem
3682 5357 3926 5408 Definitio

2072 5429 2413 5522 longam,
2452 5437 2527 5501 et
2559 5427 2728 5501 ideo
2767 5428 3194 5502 substantia
3253 5451 3427 5524 quae
3478 5429 3614 5502 de-
3648 5421 3949 5532 1²⁸‘⁰‘³²¹⁰

2070 5543 2365 5637 finitur,
2413 5553 2709 5641 oportet
2752 5569 2918 5621 esse
2979 5543 3608 5642 compositorum,
3666 5497 3945 5597 ‘'ffissdgfm
