4295 6326
1378 418 1603 490 DIST.
1655 420 1913 490 ΧΧΙΙΙ.
1969 420 2383 502 QUAESTIO
2435 419 2733 492 UNlCA.

480 590 777 649 scholium
809 591 1079 647 citatum.
1113 592 1199 646 Ad
1260 592 1612 658 secundum,
1674 592 1822 647 lavet
1863 606 2024 648 asse·

480 681 743 738 rentibus
764 680 992 737 fidelem
1027 680 1139 736 fide
1188 681 1380 738 inlusa
1428 682 1656 737 credere
1706 697 1768 736 se
1813 680 2025 738 habere

480 770 680 841 fidem,
706 772 775 827 de
804 787 919 844 quo
951 771 1080 828 vide
1110 770 1326 827 ibidem
1360 771 1660 828 Scholium
1696 789 1755 827 n.
1796 773 1880 828 17.

241 1003 320 1070 Π
580 948 937 1023 Secundo
1001 947 1407 1023 dicendum
1464 958 1577 1023 est
1644 948 1736 1023 ad
1781 971 2023 1046 quaes-

177 1056 402 1154 οροι-ἷοι
480 1067 797 1162 tionem,
842 1068 1048 1166 quod
1107 1076 1406 1166 oportet
1444 1091 1728 1167 ponere
1789 1066 2017 1142 fidem

148 1167 423 1266 ngsssseiss-
480 1186 811 1262 infusam
859 1196 1170 1286 propter
1231 1187 1722 1261 auctoritates
1778 1209 2018 1261 sacrae

200 1280 390 1330 ‘'¹⁵³³''
476 1302 894 1402 Scripturae
928 1313 1002 1379 et
1051 1304 1535 1378 Sanctorum.
1570 1303 1730 1378 Nec
1771 1313 2019 1401 potest

472 1421 979 1495 demonstrari
1035 1421 1285 1496 inesse
1344 1420 1579 1515 fideli,
1636 1444 1777 1495 nec
1838 1420 2016 1494 infi-

469 1538 618 1613 deli
662 1563 753 1614 ex
793 1538 1125 1613 naturali
1159 1539 1451 1613 ratione
1485 1538 1836 1637 praecise,
1865 1526 2011 1613 nisi

465 1659 1027 1756 praesupposita
1076 1658 1254 1753 fide,
1291 1658 1493 1756 quod
1541 1657 1790 1731 fidelis
1829 1659 2013 1732 velit

465 1777 773 1851 credere
840 1776 1258 1875 Scripturae
1299 1800 1538 1851 sacrae
1571 1785 1645 1850 et
1677 1775 2004 1870 SanctiS,

463 1900 535 1965 et
567 1891 739 1965 ideo
772 1890 1065 1966 infideli
1094 1914 1496 1989 nunquam
1530 1891 2001 1967 ostendetur.

462 2008 787 2107 Propter
818 2009 1024 2107 quod
1069 2009 1267 2083 sicut
1299 2009 1526 2084 credo
1559 2010 1803 2084 Deum
1840 2033 2006 2103 esse

459 2125 748 2198 trinum
782 2135 855 2200 et
891 2150 1159 2215 unum,
1206 2126 1307 2201 ita
1339 2128 1565 2201 credo
1608 2125 1756 2202 fide
1799 2127 2010 2202 infu-

458 2266 543 2317 sa
585 2266 704 2317 me
758 2242 1042 2318 habere
1108 2241 1335 2319 fidem
1389 2243 1751 2339 infusam,
1823 2244 2007 2342 quia

459 2361 604 2435 hoc
643 2362 900 2437 credo.

557 2477 704 2551 Sed
735 2478 828 2552 ad
872 2477 1053 2575 quid
1100 2478 1413 2575 ponitur
1445 2478 1521 2552 in
1557 2478 1779 2553 nobis
1811 2476 2001 2554 fides

458 2591 771 2667 infusa?
801 2594 988 2667 Dico
1037 2594 1242 2691 quod
1293 2594 1607 2692 ponitur
1657 2605 1737 2671 ut
1780 2594 2003 2694 perfi-

457 2708 607 2784 ciat
645 2711 984 2785 animam
1028 2711 1104 2784 in
1142 2720 1311 2786 actu
1357 2711 1629 2810 primo,
1657 2722 1737 2787 'et
1785 2722 2002 2787 actus

455 2828 843 2902 secundus
893 2828 992 2902 sit
1047 2827 1449 2903 intensior.
1518 2829 1734 2905 Sicut
1792 2829 1998 2905 enim

455 2943 665 3019 Deus
705 2967 992 3019 sanans
1032 2968 1341 3043 corpuS,
1381 2946 1715 3044 perfecte
1747 2956 1994 3040 sanat,

454 3058 559 3135 ita
598 3061 827 3136 etiam
861 3085 1147 3136 sanans
1191 3061 1531 3137 animam
1575 3062 1995 3138 secundum

453 3179 701 3275 legem
743 3203 993 3273 suam,
1039 3179 1368 3277 perfecte
1428 3189 1672 3255 sanat.
1735 3181 1996 3277 Imago

450 3317 634 3370 vero
690 3295 972 3371 animae
1040 3296 1391 3371 consistit
1447 3297 1523 3370 in
1568 3297 1997 3394 intelligen-

448 3412 579 3503 tia,
628 3412 1002 3488 memoria
1047 3422 1123 3488 et
1176 3414 1601 3509 voluntate,
1640 3437 1818 3512 quae
1870 3414 1996 3491 de-

451 3532 796 3606 formatae
838 3541 1057 3608 erant
1098 3555 1234 3630 per
1274 3542 1704 3632 peccatum,
1759 3543 1833 3609 et
1872 3559 1996 3610 sa-

455 3670 650 3722 nans
685 3648 1016 3723 animam
1055 3647 1357 3747 perficit
1387 3671 1585 3744 eam,
1635 3658 1710 3725 et
1741 3673 1994 3748 quan-

448 3771 607 3839 tum
666 3765 760 3839 ad
802 3764 1274 3841 intellectum
1331 3775 1405 3842 et
1481 3769 1987 3863 voluntatem,

448 3883 874 3959 reformans
958 3893 1373 3983 utrumque
1453 3894 1996 3982 supernatura-

119 4035 398 4089 simulm.
447 4000 671 4088 liter3
753 4010 827 4076 et
903 4001 1075 4076 ideo
1143 4001 1341 4076 sicut
1414 4003 1541 4076 dat
1613 4002 1990 4078 voluntati

127 4103 395 4152 natDeun
448 4118 796 4191 habitum
876 4116 1303 4212 charitatis,
1372 4127 1451 4191 ut
1509 4118 1776 4214 diligat
1830 4143 1993 4217 per-

132 4165 386 4215 intellec·

89 4231 419 4341 ‘iffitiieiss‘
449 4234 634 4308 secte
725 4233 1004 4327 Deum,
1076 4233 1256 4308 licet
1343 4257 1436 4309 ex
1507 4235 1991 4310 naturalibus

114 4352 404 4466 {ffffiden‘
448 4346 686 4446 possit
717 4371 893 4422 eum
937 4346 1254 4443 diligere
1288 4371 1378 4421 ex
1425 4358 1638 4445 parte
1680 4348 1983 4445 objecti,

90 4431 390 4593 ειῖιιὲιὲξῗέ-
448 4488 599 4537 non
643 4474 899 4539 ‘tamen
943 4464 1216 4539 eodem
1259 4464 1485 4538 modo
1527 4465 1692 4539 sine
1734 4466 1990 4539 chari-

298 4577 312 4592 ’
444 4591 597 4657 tate
639 4591 712 4658 et
753 4587 928 4656 eum
962 4581 1358 4657 charitate.
1405 4582 1550 4656 Dat
1582 4582 1868 4680 itaque,
1909 4593 1990 4658 ut

446 4725 601 4776 non
636 4703 887 4777 solum
921 4699 1363 4798 perficiatur
1394 4700 1471 4774 in
1501 4711 1669 4776 actu
1707 4701 1982 4799 primO,

443 4819 576 4894 sed
617 4819 846 4916 etiam
899 4828 1209 4919 propter
1240 4829 1492 4894 actum
1527 4819 1983 4912 secundum,

441 4950 527 5016 ut
583 4938 957 5015 intensior
1015 4949 1088 5014 et
1140 4938 1550 5038 perfectior
1604 4939 1701 5015 sit
1774 4949 1989 5016 actus

440 5055 810 5154 diligendi
876 5080 969 5130 ex
1039 5055 1382 5154 potentia
1449 5065 1523 5131 et
1584 5055 1981 5152 charitate,

444 5187 671 5272 quam
727 5196 820 5247 ex
859 5171 1203 5270 potentia
1234 5174 1515 5267 solum,
1564 5181 1644 5247 ut
1697 5173 1981 5247 dictum

440 5301 556 5368 est
597 5290 790 5367 libro
828 5290 1090 5390 primo
1132 5290 1310 5365 dist.
1362 5291 1475 5363 17.
1525 5291 1649 5365 Sic
1688 5290 1987 5390 perficit

437 5408 909 5484 intellectum
976 5406 1244 5481 habitu
1288 5408 1857 5505 supernaturali
1890 5407 1985 5481 fi·-

433 5525 581 5615 dei,
631 5523 948 5599 omnino
978 5523 1249 5598 eodem
1306 5526 1531 5599 modo
1560 5524 1982 5624 proportio—

431 5642 698 5730 nabili,
737 5665 888 5715 non
925 5640 1174 5714 solum
1213 5651 1294 5715 ut
1342 5651 1593 5716 actum
1640 5641 1976 5740 primum

3547 430 3670 496 441

2134 590 2506 689 perficiat,
2552 595 2684 668 sed
2732 605 2811 668 ut
2852 595 3201 670 intendat
3254 607 3510 672 actum
3552 619 3679 672 se-

2131 710 2500 785 cundum.
2592 711 2976 787 Differunt
3044 723 3300 790 tamen
3389 714 3465 786 in
3532 717 3678 788 hoc

2130 828 2337 925 quod
2460 830 2794 905 charitas
2906 855 3077 906 cum
3200 833 3347 906 hoc
3470 831 3675 929 quod

2129 945 2305 1018 facit
2377 955 2629 1019 actum
2728 971 2957 1021 suum
3025 957 3453 1045 acceptum,
3502 947 3677 1022 facit

2129 1072 2203 1136 et
2287 1074 2541 1137 actum
2637 1065 3049 1163 cujuslibet
3142 1066 3461 1141 alterius
3546 1091 3676 1165 po·
3788 1100 3793 1107 ⁴

2127 1180 2389 1256 tentiae
2439 1171 3121 1281 acceptum,'quod
3165 1208 3318 1257 non
3355 1184 3530 1259 facit
3579 1182 3666 1257 fi-

2126 1298 2285 1373 des,

2223 1416 2371 1490 Sed
2433 1418 2820 1514 quomodo
2863 1442 2943 1493 se
2987 1421 3215 1495 habet
3264 1421 3453 1497 fides
3494 1447 3658 1498 res·

2121 1542 2345 1629 pectu
2409 1544 2624 1609 actus
2672 1535 3048 1609 secundi?
3089 1537 3275 1611 Dico
3319 1540 3521 1637 quod
3565 1540 3657 1614 si·
3716 1492 3915 1659 Fdffl.

2119 1659 2248 1722 cut
2303 1673 2439 1724 nec
2504 1653 2665 1725 sola
2707 1653 3063 1741 charitas,
3101 1677 3242 1729 nec
3316 1658 3480 1731 sola
3516 1682 3658 1731 vo-
3726 1625 3869 1745 ‚¹:13
3887 1623 3979 1736 132:

2117 1767 2374 1843 luntas
2415 1779 2680 1844 causat
2719 1781 2969 1845 actum
3016 1774 3487 1848 meritorium
3552 1775 3657 1848 di·
3684 1739 3974 1849 niffliui'ssn

2115 1883 2432 1980 ligendi,
2487 1887 2620 1961 sed
2672 1887 2981 1963 habitus
3037 1890 3213 1964 facit
3253 1891 3458 1965 illam
3503 1891 3652 1965 cir·
3742 1874 3837 1923 pm
3880 1866 3960 1912 ‘⁶¹'

2114 2003 2678 2088 cumstantiam‚
2724 2013 2805 2078 ut
2844 2004 3134 2080 scilicet
3172 2006 3268 2080 sit
3295 2016 3651 2105 acceptus

2111 2115 2302 2211 Deo,
2348 2128 2420 2192 et
2460 2142 2633 2193 cum
2679 2122 2825 2195 hoc
2874 2130 2987 2195 est
3026 2146 3261 2197 causa
3308 2124 3653 2221 partialis

2111 2245 2463 2333 respectu
2526 2238 2980 2314 substantia}
3027 2250 3271 2335 actuS,
3326 2252 3405 2316 ut
3447 2251 3653 2340 patet

2110 2375 2389 2449 supra;
2436 2353 2543 2428 sic
2606 2356 2897 2430 habens
2931 2355 3405 2433 intellectum
3456 2360 3651 2435 bene

2110 2469 2568 2567 dispositum
2638 2474 3117 2569 naturaliter,
3182 2486 3256 2550 et
3331 2477 3653 2553 credens

2107 2582 2259 2660 fide
2328 2586 2727 2685 acquisita,
2809 2588 2872 2661 si
2952 2601 3133 2665 tunc
3210 2592 3354 2667 sibi
3430 2593 3655 2669 datur

2106 2699 2301 2775 fides
2368 2701 2647 2797 inlusa,
2683 2702 2849 2801 ipsa
2889 2714 2972 2778 ut
3029 2730 3260 2783 causa
3303 2706 3651 2807 partialis

2106 2841 2283 2892 cum
2324 2819 2494 2894 aliis
2551 2820 3005 2917 partialibus
3072 2826 3327 2900 causis
3368 2851 3650 2926 coope-

2105 2945 2346 3030 ratur,
2404 2946 2488 3010 ut
2530 2946 2747 3013 actus
2790 2941 3151 3015 credendi
3210 2941 3308 3018 sit
3339 2945 3640 3037 certior,

2103 3076 2334 3151 quam
2371 3054 2584 3152 prius
2616 3065 2778 3131 erat
2799 3057 2965 3132 sine
2998 3056 3146 3134 fide
3179 3059 3455 3136 infusa.
3486 3062 3646 3137 Nec

2102 3179 2361 3245 tamen
2395 3172 2643 3246 solum
2682 3197 2884 3271 pono
2931 3175 3276 3250 habitum
3321 3176 3497 3254 fidei
3540 3179 3648 3252 in·

2102 3289 2294 3363 fusae
2343 3299 2656 3388 propter
2694 3293 3015 3390 gradum
3086 3294 3165 3368 in
3233 3306 3441 3390 actu,
3513 3298 3647 3372 sed

2105 3405 2331 3480 etiam
2392 3418 2704 3507 propter
2770 3434 3205 3506 assensum,
3271 3414 3457 3512 quia
3521 3439 3649 3490 as-

2101 3546 2379 3599 sensus
2414 3549 2569 3598 non
2615 3535 2728 3601 est
2757 3528 3091 3602 totaliter
3133 3554 3177 3604 a
3218 3514 3641 3626 voluntate,

2101 3640 2308 3736 quod
2417 3651 2624 3738 patet
2711 3644 3262 3740 experimento.
3382 3648 3637 3745 Aliqui

2100 3756 2307 3830 enim
2377 3758 2664 3833 hahent
2733 3760 3099 3857 maiorem
3171 3763 3642 3839 voluntatem

2098 3874 2461 3948 credendi
2525 3886 2600 3949 et
2684 3876 3181 3971 assentiendi,
3256 3888 3329 3953 et
3385 3890 3643 3955 tamen

2098 3991 2358 4065 minus
2398 3990 2720 4068 firmiter
2785 3995 3243 4090 assentiunt,
3301 3996 3405 4071 ita
3436 3999 3642 4095 quod

2098 4111 2514 4208 aliquando
2576 4112 2953 4208 dubitant,
3009 4116 3357 4190 volentes
3410 4114 3639 4191 fidem

2096 4227 2494 4325 majorem.
2569 4229 2746 4303 Ideo
2822 4231 3163 4328 Apostoli
3222 4231 3635 4329 petierunt,

2095 4346 2326 4420 Lucae
2362 4345 2477 4418 17.
2516 4345 2852 4420 Domine
2875 4347 3168 4446 adauye
3195 4347 3429 4444 fidem
3457 4374 3638 4424 7208-
3667 4411 3868 4461 ,onom
3911 4412 3984 4462 ¹3·

2094 4471 2292 4540 tram
2310 4493 2335 4549 ‚·
2372 4467 2516 4540 hoc
2557 4465 2780 4541 etiam
2838 4475 2949 4542 est
2983 4469 3187 4565 quod
3238 4469 3520 4566 petitur
3559 4470 3635 4543 in
3668 4478 3805 4540 post.
3835 4448 3999 4529 P'ent·

2097 4579 2229 4656 illa
2269 4583 2650 4658 Collecta:
2697 4582 3217 4684 Omnipotens,
3252 4588 3640 4687 sempiter-

2093 4721 2192 4772 ηρ
2221 4698 2462 4794 Deua,
2491 4699 2589 4774 da
2615 4699 2833 4774 nobis
2860 4699 3074 4797 fidei,
3102 4703 3273 4800 spei
3294 4711 3366 4778 et
3385 4705 3640 4782 chari-

2094 4816 2274 4889 tacis
2359 4823 2883 4915 auqmentum,
2969 4827 3113 4894 etc.
3204 4822 3410 4921 quod
3485 4848 3638 4899 non

2096 4944 2482 5032 oporteret
2523 4947 2808 5034 petere,
2884 4937 2945 5011 si
2992 4938 3239 5014 dictus
3279 4964 3642 5020 assensus

2096 5062 2299 5127 esset
2364 5076 2409 5126 a
2477 5054 2640 5127 sola
2717 5054 3142 5149 volunt-ate,
3224 5079 3368 5132 nec
3452 5058 3641 5135 fides

2097 5168 2432 5244 excludit
2496 5193 2803 5245 omnem
2874 5170 3461 5270 dubitationem,
3509 5180 3639 5253 sed

2094 5286 2335 5381 illam,
2380 5297 2556 5384 quae
2606 5287 2845 5362 vincit
2893 5298 2966 5363 et
3006 5291 3238 5364 trahit
3284 5292 3360 5365 in
3397 5319 3641 5393 oppo-

2092 5405 2328 5480 situm
2375 5404 2749 5481 credibili.
2788 5407 2873 5479 In
2936 5409 3107 5483 aliis
3148 5434 3301 5484 non
3363 5412 3467 5486 ita
3506 5412 3639 5488 de-

2090 5524 2612 5600 siderantibus
2654 5526 2993 5620 credere,
3039 5529 3411 5605 assentire
3484 5555 3635 5608 cre'

2090 5640 2460 5717 dibilibus
2528 5650 2641 5716 est
2727 5641 2980 5717 minor
3047 5642 3486 5743 difficultaS,
3566 5657 3640 5723 et

3725 1938 3819 1987 gra
3862 1938 3950 1974 um

3714 1987 3970 2037 intensio-

3745 2063 3857 2099 rem
3880 2050 3937 2099 in

3771 2117 3910 2163 actu.
