4295 6326
676 458 807 525 428

682 636 912 711 ibide
957 636 1304 731 materia,
1341 637 1522 735 quia
1583 637 1690 711 sic
1752 635 2080 734 pertinet
2132 635 2226 708 ad

682 754 1159 851 propositum
1223 778 1479 845 suum,
1535 754 1717 851 quia
1782 753 1964 826 dicit
2021 751 2226 849 quod

683 869 1108 966 singularia
1178 893 1327 943 non
1403 869 1975 962 discernuntur,
2046 868 2229 965 quia

685 994 1331 1081 cognoscuntura
1384 1009 1614 1059 sensu
1668 986 1790 1059 vel
1851 984 2228 1081 imagina-

679 1102 918 1196 tione,
959 1112 1032 1176 et
1056 1103 1163 1176 sic
1215 1102 1401 1200 ipsis
1450 1103 1915 1179 abeuntibus
1963 1126 2008 1175 a
2048 1126 2228 1176 sen-

678 1217 894 1293 sibus
959 1242 1113 1292 non
1208 1230 1807 1315 cognoscuntur,
1890 1219 1953 1293 si
2044 1227 2227 1293 sunt

676 1341 751 1408 et
790 1358 946 1408 non
1007 1344 1212 1429 sunt,
1251 1347 1324 1411 et
1399 1336 1741 1432 assignat
1813 1334 2218 1430 rationem,

677 1448 861 1546 quia
889 1449 1219 1525 materia
1261 1451 1691 1525 secundum
1726 1475 1807 1524 sc
1841 1460 1955 1525 est
1995 1451 2224 1547 igno-

673 1573 775 1660 ta.
823 1566 1201 1664 Loquitur
1243 1592 1425 1664 ergo
1468 1571 1559 1641 de
1641 1567 1962 1642 materia
2035 1565 2225 1640 indi-

675 1681 996 1777 viduali,
1035 1694 1116 1758 ut
1144 1693 1259 1759 est
1299 1685 1375 1757 in
1412 1685 1753 1782 potentia
1785 1685 2222 1783 propinqua

676 1798 769 1871 ad
803 1799 1013 1873 illam
1048 1800 1879 1890 indeterminationem,
1929 1802 2060 1876 sed
2116 1813 2220 1876 ta-

674 1938 848 1989 men
896 1918 1215 1993 materia
1265 1919 1339 1992 in
1405 1919 1822 1994 universali
1866 1920 2220 1995 conside-

674 2039 837 2104 rata
878 2032 1208 2129 pertinet
1247 2035 1342 2108 ad
1406 2034 1907 2131 quidditatem
1967 2035 2103 2128 rei,
2141 2046 2215 2110 et

672 2156 788 2221 est
853 2149 1318 2247 principium
1365 2150 1881 2247 cognoscendi
1923 2174 2109 2227 rem.

375 2311 460 2362 Ad
497 2316 599 2364 ter·
768 2266 882 2338 Ad
912 2266 1251 2360 tertium,
1285 2268 1595 2365 quando
1628 2268 1977 2365 arguitur
2008 2270 2211 2368 quod

327 2379 608 2499 Qussfflgho
674 2381 748 2455 in
794 2383 1183 2481 conceptis
1216 2408 1389 2458 cum
1456 2385 1772 2460 materia
1839 2396 1953 2460 est
2010 2387 2209 2461 idem

398 2504 643 2620 aliqumd
673 2497 880 2597 quod
915 2499 1107 2597 quid
1142 2509 1274 2594 est,
1307 2524 1481 2575 cum
1536 2525 1626 2576 eo
1670 2502 1890 2597 cujus
1923 2512 2062 2596 est,
2109 2503 2214 2576 di-

323 2565 606 2634 habetquo
1353 2616 1367 2630 .
1492 2616 1505 2629 .
1653 2617 1666 2631 .
1725 2617 1739 2631 .

351 2632 478 2694 quid
511 2638 612 2684 est.
674 2613 1000 2687 cendum
1037 2617 1242 2711 quod
1271 2617 1559 2714 aliquid
1595 2617 1874 2692 dicitur
1929 2619 2211 2694 habere

323 2694 635 2836 fffiffffissiiff
671 2731 878 2827 quod
912 2732 1102 2830 quid
1165 2732 1411 2831 primo
1466 2744 1539 2807 et
1581 2757 1716 2831 per
1781 2758 1890 2828 se,
1937 2744 2011 2809 et
2068 2737 2213 2810 ali-

320 2817 638 2954 ffffissfflj-
669 2847 851 2946 quid
896 2872 1031 2944 per
1061 2872 1170 2937 se,
1226 2849 1357 2923 sed
1409 2873 1563 2923 non
1624 2849 1896 2946 primo,
1927 2858 2000 2924 et
2065 2851 2211 2925 ali-

320 2948 640 3069 qZ¹;‘3'1‚2¹1⁵,g2
668 2964 853 3062 quid
924 2989 1060 3064 per
1124 2966 1481 3041 accidens
1555 2975 1885 3061 tantum,
1927 2976 1999 3043 et
2049 2992 2204 3044 non

348 3070 618 3186 q⁰,¹,{³13{‘⁸·
666 3104 803 3180 per
842 3105 950 3176 se,
988 3104 1130 3156 nec
1188 3082 1463 3181 primo.
1517 3084 1607 3155 Et
1660 3083 1860 3158 sicut
1912 3083 2204 3182 aliquid

663 3198 895 3271 habet
968 3196 1175 3295 quod
1218 3197 1429 3295 quid,
1501 3198 1611 3273 sic
1713 3200 1944 3274 habet
2011 3199 2200 3274 illud

658 3311 862 3385 idem
895 3311 1070 3406 sibi,
1116 3311 1179 3387 si
1211 3336 1349 3410 per
1388 3337 1467 3388 se
1510 3322 1584 3387 et
1646 3314 1924 3411 primo,
1972 3316 2203 3390 habet

656 3425 848 3501 illud
904 3427 1105 3503 idem
1174 3428 1348 3522 sibi,
1414 3453 1550 3528 per
1592 3453 1701 3523 se,
1773 3440 1846 3505 et
1905 3431 2194 3529 prim03

654 3552 729 3616 et
786 3542 849 3617 si
906 3567 1043 3640 per
1105 3568 1213 3631 se,
1278 3553 1351 3619 et
1448 3569 1601 3619 non
1685 3546 1961 3644 primo,
2054 3549 2199 3622 ha-

653 3658 1221 3759 betquodquz'd
1268 3684 1406 3759 per
1461 3684 1569 3754 se,
1634 3663 1766 3737 sed
1836 3686 1989 3736 non
2052 3665 2196 3761 pri-

653 3797 824 3868 mo;
862 3784 936 3849 et
985 3774 1049 3848 si
1100 3799 1253 3848 non
1327 3799 1462 3873 per
1536 3800 1618 3851 se
1676 3799 1817 3851 nec
1885 3778 2187 3875 prim03

645 3891 779 3965 sed
870 3914 1005 3988 per
1099 3892 1482 3982 accidenS,
1575 3893 1840 3968 eodem
1966 3895 2189 3970 modo

646 4008 875 4083 habet
899 4009 1086 4084 illud
1119 4008 1320 4084 idem
1347 4009 1519 4083 sihi.
1558 4012 2013 4109 Exemplum
2042 4012 2190 4110 pri-

644 4126 745 4198 mi
813 4150 828 4200 :
892 4126 1141 4200 Homo
1241 4127 1519 4201 dicitur
1609 4129 1889 4204 habere
1984 4131 2192 4227 quod

641 4244 831 4343 quid
848 4269 984 4343 per
1014 4269 1096 4319 se
1129 4254 1203 4319 et
1235 4246 1510 4344 primo,
1548 4247 1747 4321 sicut
1798 4249 2026 4322 homo
2071 4259 2185 4324 est

641 4363 872 4435 homo
932 4361 1211 4460 primO,
1267 4373 1341 4437 et
1402 4386 1543 4437 sua
1611 4363 1995 4462 quidditas
2068 4374 2183 4440 est

638 4474 783 4550 sibi
818 4475 1063 4572 primo
1096 4476 1393 4570 eadem,
1430 4485 1504 4549 et
1546 4478 1776 4551 homo
1820 4489 1935 4553 est
1973 4481 2179 4578 quod

637 4590 885 4688 primo
912 4591 1142 4665 habet
1171 4590 1479 4687 signum
1514 4616 1677 4667 suae
1702 4593 2173 4690 quidditatiS,

636 4707 841 4804 quod
914 4706 1205 4781 scilicet
1272 4717 1387 4782 est
1429 4707 1778 4782 definitio
1848 4734 2032 4803 sua3
2106 4722 2181 4785 et

636 4827 903 4903 eodem
979 4827 1230 4920 mode,
1281 4827 1486 4923 quod
1545 4849 1681 4923 per
1730 4851 1834 4912 se,
1880 4836 1954 4902 et
2022 4852 2175 4903 non

633 4943 883 5041 primo
975 4941 1203 5016 hahet
1315 4940 1847 5038 quidditatem,
1947 4944 2180 5020 habet

633 5081 800 5132 eam
845 5058 1192 5131 eamdem
1274 5057 1416 5131 sibi
1479 5080 1614 5155 per
1677 5082 1785 5151 se,
1841 5059 1971 5132 sed
2020 5085 2174 5134 non

633 5175 909 5272 primo,
948 5185 1021 5247 et
1061 5173 1168 5248 sic
1235 5174 1327 5247 de
1375 5198 1463 5247 eo
1525 5175 1729 5272 quod
1783 5200 1919 5273 per
1976 5178 2178 5250 acci-

635 5292 824 5365 dens
871 5291 1098 5363 liabet
1130 5289 1662 5386 quidditatem,
1709 5301 1781 5364 et
1815 5292 1920 5365 sic
1966 5294 2173 5367 varie

634 5407 974 5504 loquitur
1065 5407 1581 5503 comparando
1673 5409 2173 5503 quidditatem

631 5526 721 5600 ad
787 5524 857 5595 id
908 5522 1132 5618 cujus
1184 5531 1324 5615 est,
1374 5523 1576 5620 quod
1637 5524 1886 5621 primo
1945 5527 2174 5600 habet

629 5639 1134 5740 quidditatem
1177 5638 1372 5713 sicut
1428 5639 1506 5712 in
1549 5640 1948 5741 principio,
1991 5668 2165 5718 cum

1947 404 1954 413 ⁶
2057 454 2296 522 mam
2344 454 2464 522 111.

2337 634 2519 708 dicit
2586 633 2783 731 quod
2868 633 3263 728 singulum
3345 653 3502 704 non
3579 628 3881 702 videtur

2336 751 2540 825 aliud
2577 775 2621 825 a
2653 750 2934 825 suimet
2965 748 3421 836 substantia,
3459 746 3667 844 quod
3694 746 3884 843 quid

2335 866 2614 941 dicitur
2645 891 2811 941 esse
2867 866 3155 963 singuli
3206 864 3659 939 substantia.
3721 865 3879 937 Nec

2334 985 2517 1080 quid
2562 984 2932 1058 dissimile
2966 995 3079 1059 est
3109 983 3202 1057 de
3245 982 3438 1057 libro
3489 981 3878 1055 Elenclzo-

2333 1101 2742 1193 rum,sicut
2773 1099 3011 1199 aliqui
3044 1100 3307 1174 dicunt
3339 1098 3542 1196 quod
3578 1122 3727 1172 non
3765 1108 3879 1172 est

2332 1216 2538 1290 aliud
2577 1218 2718 1290 hoc
2777 1217 3057 1306 dicere,
3090 1240 3319 1314 quam
3372 1217 3625 1290 dicere
3668 1215 3871 1312 quod

2331 1333 2723 1429 singulum
2809 1344 2923 1409 est
3006 1334 3280 1408 rationi
3380 1332 3633 1432 ipsum
3735 1344 3870 1417 est,

2332 1449 2700 1547 quoniam
2787 1462 3179 1549 comparat
3238 1450 3444 1547 quod
3534 1449 3725 1547 quid
3777 1449 3868 1523 ad

2328 1566 2513 1638 illud
2553 1566 2754 1663 quod
2799 1590 2936 1664 per
2985 1567 3342 1641 accidens
3399 1566 3626 1640 habet
3667 1567 3872 1663 quod

2327 1681 2538 1778 quid,
2596 1692 2677 1757 ut
2733 1684 2961 1755 homo
3031 1683 3304 1776 albus3
3374 1692 3448 1756 et
3509 1681 3615 1756 ihi
3670 1680 3869 1755 sicut

2329 1798 2557 1871 hahet
2614 1799 2818 1896 quod
2886 1799 3076 1896 quid
3140 1822 3275 1895 per
3345 1798 3729 1891 accidens,
3794 1808 3867 1871 et

2323 1936 2478 1987 non
2514 1915 2789 2013 primo,
2850 1939 2989 1989 nec
3040 1938 3177 2014 per
3233 1940 3312 1989 se
3382 1915 3490 1989 sic
3536 1917 3863 1990 ostendit

2325 2031 2527 2126 quod
2573 2056 2728 2104 non
2773 2042 2886 2105 est
2926 2055 3063 2128 per
3101 2056 3181 2106 se
3242 2042 3316 2105 et
3362 2031 3607 2128 primo
3660 2032 3860 2107 idem

2324 2173 2495 2224 cum
2532 2173 2649 2224 ec.
2717 2151 2993 2224 Postea
3034 2163 3289 2226 autem
3352 2152 3431 2224 in
3475 2148 3634 2246 fine
3665 2154 3865 2249 capi-

2321 2264 2469 2340 talc·
2489 2265 2582 2339 de
2616 2267 2905 2340 unitate
2937 2265 3439 2363 definitionis‘,
3469 2280 3862 2366 comparat

2320 2383 2526 2481 quod
2561 2384 2771 2480 quid,
2818 2384 2910 2457 ad
2945 2395 3314 2482 concepta
3382 2410 3553 2460 cum
3620 2396 3861 2462 mate-

2320 2500 2459 2594 ria,
2507 2524 2681 2598 quae
2743 2501 3030 2576 habent
3095 2503 3302 2600 qnod
3337 2504 3528 2601 quid
3570 2516 3705 2602 per
3745 2529 3853 2599 se,

2320 2617 2494 2692 licet
2527 2642 2678 2692 non
2710 2619 2981 2716 primo.
3020 2620 3211 2694 Nam
3269 2631 3639 2720 concepta
3681 2647 3851 2697 cum

2319 2735 2636 2829 materia
2701 2745 2881 2809 sunt
2946 2736 3371 2830 individua,
3453 2762 3628 2836 quae
3723 2742 3858 2816 ad-

2318 2849 2510 2923 dunt
2542 2849 3084 2923 indivisionem
3126 2876 3363 2948 supra
3413 2852 3616 2927 illam
3683 2879 3854 2930 rea-

2314 2965 2632 3057 litatem,
2741 2988 2894 3062 qua
3010 2968 3488 3042 contrahitur
3580 2981 3853 3047 natura

2313 3081 2626 3180 speciei,
2664 3092 2737 3156 et
2775 3082 2982 3155 illam
3021 3084 3442 3159 realitatem
3481 3086 3690 3160 addit
3730 3088 3854 3162 in-

2310 3197 2708 3271 dividuum
2746 3223 2981 3297 supra
3020 3210 3401 3294 naturam,
3444 3212 3523 3276 ut
3562 3205 3846 3281 dictum

2308 3324 2446 3388 est.
2531 3315 2725 3388 Illud
2805 3326 3060 3389 autem
3122 3316 3604 3394 individuum
3672 3344 3842 3396 cum

2306 3430 2727 3528 quidditate
2767 3441 3059 3506 naturae
3092 3432 3166 3505 in
3240 3436 3628 3534 conceptis
3670 3462 3844 3514 cum

2305 3549 2649 3642 materia,
2697 3549 2839 3622 hoc
2880 3548 3100 3622 estin
3137 3549 3313 3644 illis,
3343 3573 3518 3648 quae
3562 3555 3845 3631 habent

2299 3663 2819 3739 conditionem
2891 3666 3357 3741 materialem
3421 3692 3657 3767 supra
3710 3697 3842 3749 na-

2296 3790 2547 3854 turam
2590 3780 2899 3878 speciei,
2946 3805 3122 3878 quae
3153 3784 3384 3859 habet
3422 3789 3630 3885 quod
3654 3791 3847 3887 quid

2294 3907 2592 3971 naturae
2635 3921 2769 3994 per
2800 3922 2908 3988 se,
2957 3898 3130 3972 licet
3171 3924 3322 3973 non
3370 3903 3617 3999 primo
3678 3930 3827 3981 non

2290 4021 2405 4087 est
2437 4013 2635 4087 idem
2671 4013 2875 4110 quod
2903 4014 3092 4111 quid
3129 4015 3402 4112 primo,
3440 4029 3514 4093 et
3559 4045 3695 4117 per
3746 4048 3827 4098 se

2290 4152 2462 4204 cum
2517 4152 2607 4203 eo
2647 4128 2869 4224 cujus
2932 4141 3071 4223 est,
3117 4131 3248 4205 sed
3295 4156 3432 4229 per
3489 4159 3596 4225 se,
3655 4138 3829 4214 licet

2288 4269 2440 4319 non
2486 4245 2759 4343 primo.

2382 4361 2490 4434 Ad
2536 4361 3063 4435 auctoritatem
3116 4363 3470 4461 primam,
3515 4372 3823 4467 quando
3978 4394 4087 4460 18,

2285 4479 2566 4552 dicitur
2631 4479 2836 4575 quod
2889 4479 3148 4554 anima
3201 4492 3315 4556 est
3380 4486 3588 4582 quod
3639 4490 3831 4586 quid
3872 4479 4153 4596 'Aqum0}³‘·

2284 4602 2447 4669 erat
2504 4617 2671 4668 esse
2746 4594 3058 4688 animal,
3116 4595 3525 4674 dicendum
3617 4606 3823 4699 quod

2283 4710 2472 4785 illud
2516 4719 2630 4785 est
2671 4712 3169 4807 glossandum
3234 4738 3371 4812 per
3416 4719 3558 4792 hoc
3616 4724 3822 4817 quod

2284 4827 2636 4924 sequitur
2700 4837 2897 4925 post,
2954 4830 3027 4902 si
3088 4853 3264 4905 vero
3326 4857 3479 4908 non
3529 4839 3818 4933 anima,

2285 4945 2585 5019 animal
2616 4945 2756 5019 hoc
2797 4945 2986 5043 quid
3034 4944 3470 5038 dicendum,
3502 4952 3642 5027 leoc
3684 4981 3825 5030 au-

2283 5068 2433 5134 tem
2510 5085 2665 5134 non
2732 5060 3171 5155 dicendum,
3233 5063 3432 5139 sicut
3502 5071 3817 5167 dictum,

2284 5177 2506 5274 quasi
2540 5177 2850 5278 diceret,
2888 5178 3093 5274 quod
3127 5177 3414 5254 dictum
3438 5195 3552 5257 est
3576 5188 3817 5283 priuS,

2283 5296 2487 5392 quod
2525 5319 2674 5368 non
2711 5304 2823 5368 est
2857 5295 3140 5369 animal
3188 5305 3476 5372 tantum
3530 5304 3814 5399 anima,

2282 5413 2458 5486 licet
2499 5412 2596 5485 sit
2655 5413 2923 5504 forma,
2960 5423 3034 5487 et
3098 5414 3594 5513 principalior
3645 5446 3819 5518 pars
3872 5481 3876 5485 Α

2281 5531 2472 5627 ejus.

2382 5646 2506 5719 Sic
2569 5669 2751 5744 ergo
2818 5646 3086 5721 falsum
3157 5649 3422 5722 dicunt
3487 5648 3638 5747 isti,
3685 5657 3816 5752 qui
3883 5697 4171 5749 mmmm.
