4295 6326
115 4207 185 4271 9.

20 4292 306 4350 Quomodo

34 4356 279 4406 Christus

54 4420 258 4468 meruit.

33 4482 291 4531 omnibus

65 4544 246 4607 quoad

26 4607 294 4657 calficien-

76 4672 226 4720 tiam.

1371 473 1599 546 DIST.
1649 476 1835 545 XIX.
1893 478 2310 557 QUAESTIO
2370 480 2601 548 UNlC.

364 643 719 717 meritum
755 646 1155 721 ordinetur
1212 648 1305 723 ad
1354 650 1791 747 praemium,
1838 660 1913 726 et

364 761 719 835 meritum
788 764 1056 840 ordine
1117 779 1668 864 praesupponat
1745 770 1910 866 lap-

361 900 562 970 sum,
602 881 1037 954 necessario
1109 882 1464 955 meritum
1525 884 1909 981 passionis

361 994 641 1069 Christi
711 1000 1246 1095 proesupponit
1312 999 1905 1075 determinatum

360 1134 769 1186 numerum
892 1115 1639 1212 praedestinatorum,
1775 1119 1906 1214 qui

360 1238 577 1304 erant
637 1230 954 1328 lapsuri,
1033 1241 1107 1305 et
1163 1232 1439 1307 deinde
1501 1234 1904 1332 reparandi

361 1370 498 1445 per
533 1347 887 1421 meritum
918 1348 1298 1445 passionis
1340 1350 1534 1446 ejuS,
1572 1372 1901 1448 quorum

360 1473 523 1537 erat
574 1474 1044 1538 restaurator
1089 1474 1164 1540 et
1221 1466 1690 1562 glorificator
1742 1492 1905 1543 me-

359 1580 622 1655 ritorie
655 1579 1118 1677 inquantum
1177 1586 1436 1679 hom0,
1500 1586 1629 1660 sed
1687 1584 1904 1661 effec-

358 1695 512 1770 tive
580 1696 1041 1793 inquantum
1121 1700 1353 1775 Deus.
1451 1702 1638 1775 Cum
1719 1726 1901 1800 ergo

359 1813 613 1887 omnis
671 1813 1018 1890 ordinate
1087 1818 1357 1891 volens
1414 1820 1632 1915 prius
1718 1821 1904 1894 velit

360 1928 623 2023 finem,
679 1953 908 2028 quam
961 1932 1037 2004 id
1078 1934 1283 2030 quod
1344 1945 1459 2008 est
1507 1936 1601 2009 ad
1634 1934 1897 2031 finem,

359 2048 691 2146 primum
774 2050 1014 2123 voluit
1092 2050 1299 2126 Deus
1360 2054 1900 2150 praedestinato

359 2190 682 2241 numero
716 2168 1433 2265 praedestinatorum
1493 2172 1900 2247 beatitudi-

357 2309 535 2359 nem
591 2310 819 2384 quam
891 2287 1209 2382 bonum,
1272 2290 1477 2386 quod
1538 2292 1629 2365 ad
1696 2293 1903 2364 hunc

357 2400 589 2476 finem
660 2403 1088 2497 ordinatur,
1170 2414 1244 2479 et
1310 2405 1418 2480 sic
1472 2406 1727 2504 passio
1762 2406 1902 2481 suit

355 2520 687 2619 praevisa
737 2520 814 2593 in
892 2521 1187 2597 ratione
1270 2523 1515 2598 meriti
1602 2533 1895 2598 tantum

357 2646 709 2736 respectu
751 2639 1236 2714 determinati
1281 2648 1581 2716 numeri
1631 2643 1902 2717 electo-

356 2780 554 2849 rum,
589 2765 662 2831 et
701 2757 914 2831 nullo
960 2758 1183 2831 modo
1234 2768 1581 2858 respectu
1647 2784 1902 2858 repro-

355 2872 656 2963 borum,
713 2882 785 2946 et
832 2871 1002 2947 ideo
1054 2872 1208 2948 illis
1267 2875 1496 2951 certis
1545 2876 1898 2974 personis

353 2989 918 3089 praedestinatis
1017 2991 1377 3088 praevidit
1468 2994 1679 3068 Deus
1775 3018 1899 3069 re-

353 3105 898 3204 demptionem,
939 3130 1091 3181 non
1141 3106 1324 3204 quia
1383 3108 1579 3183 uniti
1641 3120 1900 3184 essent

354 3247 528 3298 cuin
562 3224 722 3298 Deo
755 3223 994 3321 prius,
1030 3233 1110 3298 ut
1150 3224 1339 3298 dixit
1398 3226 1549 3300 alia
1601 3226 1892 3325 opini0,

353 3339 485 3414 sed
537 3338 720 3437 quia
783 3338 998 3436 prius
1057 3349 1278 3414 erant
1371 3342 1895 3438 praedestinati

351 3456 445 3531 ad
523 3455 878 3553 gloriam,
951 3467 1026 3531 et
1101 3457 1273 3532 ideo
1334 3457 1747 3534 efficaciter
1814 3484 1895 3535 se

352 3573 627 3647 obtulit
658 3597 793 3671 pro
836 3573 1402 3670 praedestinatis
1442 3575 1899 3651 determina-

350 3689 475 3782 tis,
561 3687 850 3763 scilicet
944 3688 1236 3782 electiS,
1332 3700 1406 3764 et
1480 3697 1663 3764 tunc
1737 3701 1897 3767 tota

348 3805 676 3879 Trinitas
739 3805 1189 3902 acceptavit,
1262 3815 1336 3880 et
1401 3806 1512 3879 sic
1595 3816 1896 3882 tantum

351 3924 776 3999 secundum
865 3920 1280 3997 efficaciam
1391 3924 1668 3998 meruit
1753 3928 1900 4002 ele-

351 4042 519 4115 ctis.

452 4155 790 4230 Ulterius
823 4154 1254 4250 sciendum,
1303 4158 1690 4253 quomodo
1736 4182 1900 4235 me-

354 4276 506 4350 ruit
546 4274 933 4362 omnibus,
957 4275 1211 4372 quoad
1244 4274 1900 4371 sufficientiam,et

354 4400 730 4492 quantum
790 4391 883 4465 ad
958 4391 1100 4466 hoc
1169 4391 1339 4466 dico
1436 4394 1639 4491 quod
1719 4417 1894 4468 cum

353 4520 571 4585 actus
607 4507 947 4582 merendi
981 4507 1261 4582 Christi
1296 4509 1522 4583 fuerit
1570 4509 1900 4585 formali-

351 4638 468 4702 ter
500 4625 786 4710 finituS,
815 4626 1078 4699 nullus
1110 4636 1505 4722 respectus
1536 4626 1898 4703 fundatus

352 4744 431 4816 in
474 4766 564 4818 eo
599 4741 847 4840 potuit
886 4740 1067 4814 dare
1097 4741 1166 4814 ei
1221 4739 1681 4816 infinitatem
1739 4744 1896 4817 sor-

353 4860 679 4946 maliter,
748 4857 933 4954 quia
987 4867 1172 4931 tunc
1232 4881 1383 4931 non
1447 4869 1697 4956 potest
1727 4884 1896 4937 esse

354 4976 713 5052 meritum
754 4974 930 5073 plus
971 4975 1399 5048 secundum
1441 4975 1638 5050 velle
1697 5001 1899 5052 crea-

351 5105 515 5169 tum
549 5116 778 5190 quam
813 5091 1269 5166 increatum.
1309 5091 1456 5166 Sed
1494 5092 1895 5169 sciendum

352 5214 558 5311 quod
601 5235 775 5286 cum
823 5211 1085 5284 nullus
1149 5220 1364 5284 actus
1418 5209 1683 5286 finitus
1743 5214 1896 5286 for-

352 5330 653 5405 maliter
687 5329 965 5403 habeat
1008 5326 1376 5402 rationem
1427 5329 1701 5424 meriti,
1747 5330 1897 5405 nisi

351 5451 743 5523 voluntate
776 5445 1041 5521 divina
1081 5455 1551 5543 acceptante,
1601 5472 1734 5545 pro
1788 5457 1897 5521 tot

351 5574 591 5665 potest
664 5587 832 5638 esse
889 5561 1306 5651 sufficiens,
1373 5586 1507 5660 pro
1560 5573 1745 5660 quot
1792 5564 1898 5637 di-

351 5685 534 5760 vina
562 5683 920 5756 voluntas
961 5689 1236 5778 potest,
1280 5681 1401 5754 vel
1443 5679 1608 5753 vult
1638 5704 1898 5779 accep-

3437 481 3565 546 405

2015 663 2222 747 tare3
2271 664 2344 728 et
2396 680 2530 752 pro
2590 665 2699 730 ‘tot
2755 666 2868 731 est
2913 666 3084 731 actu
3138 653 3561 743 sufficiens,
3600 666 3906 777 Αῐξοριτῑεῗζῑο

2018 795 2155 867 pro
2224 783 2411 868 quot
2468 796 2511 845 a
2596 776 2989 848 voluntate
3061 773 3322 846 divina
3388 779 3556 843 actu
3596 744 3913 864 cosspigtiffa

2015 892 2586 987 acceptatu1·.Et
2610 891 2789 986 quia
2823 915 3050 965 omne
3085 889 3287 964 atiud
3323 912 3367 961 a
3398 887 3558 961 Deo
3657 861 3850 904 mem..

2016 1016 2129 1080 est
2161 1005 2479 1099 bonum,
2552 1007 2734 1105 quia
2792 1032 2837 1082 a
2887 1008 3045 1083 Deo
3085 1016 3198 1081 est
3238 1005 3557 1078 volitum

2015 1130 2087 1195 et
2127 1124 2633 1220 acceptatum,
2673 1123 2841 1199 ideo
2883 1147 3019 1221 pro
3055 1123 3313 1219 aliqua
3364 1143 3552 1194 con-

2013 1238 2302 1313 ditione
2354 1263 2710 1338 personae
2774 1240 3168 1334 merentis,
3220 1262 3394 1338 quae
3447 1248 3559 1312 est

2012 1356 2434 1431 formaliter
2514 1358 2852 1432 conditio
2910 1368 3125 1432 actus
3180 1356 3551 1447 merendi,

2011 1481 2260 1569 potest
2317 1473 2697 1572 acceptari
2764 1475 2953 1548 illud
3014 1474 3372 1549 meritum
3416 1496 3553 1570 pro
3630 1479 3873 1590 2¹:221}qu

2010 1590 2334 1667 infinitis
2369 1621 2388 1686 3
2425 1602 2498 1667 et
2530 1594 2638 1667 sic
2674 1593 3024 1668 meritum
3080 1592 3363 1667 Christi
3416 1590 3554 1664 suit
3603 1606 3882 1715 iqffiffifl?

2009 1709 2232 1805 quasi
2265 1708 2682 1798 infinitum,
2722 1735 2874 1783 non
2916 1720 3172 1784 tamen
3211 1709 3552 1783 formali-
3878 1705 3888 1716 '

2007 1834 2122 1900 ter
2153 1826 2567 1920 infinitum,
2624 1828 2754 1901 sed
2811 1837 2892 1901 ut
2950 1826 3245 1901 infinite
3291 1850 3555 1922 accep-

2006 1951 2249 2015 tatum
2296 1966 2431 2039 pro
2494 1941 2840 2031 infinitis,
2906 1943 3110 2038 quod
3180 1966 3332 2015 non
3377 1942 3554 2015 suis·

2008 2068 2149 2152 set,
2204 2059 2577 2134 siluisset
2641 2083 2881 2156 purus
2937 2062 3195 2152 homo,
3257 2060 3438 2158 quia
3473 2069 3555 2130 ut

2008 2173 2395 2248 infinitum
2440 2176 2866 2273 acceptavit
2916 2185 3227 2273 propter
3289 2174 3550 2247 infini-

2007 2298 2235 2364 tatem
2271 2315 2625 2388 personae
2667 2291 3056 2366 merentis,

2520 2714 2879 2771 SCHOLIUM
2923 2716 3021 2772 111.

2073 2927 2282 2983 Meruit
2321 2921 2585 2977 Christus
2616 2922 2804 2993 primo
2852 2922 3092 2991 gratiam
3158 2920 3558 2977 circumcisio·

2005 3020 2117 3085 nis,
2147 3022 2203 3071 et
2235 3012 2519 3085 Baptismi
2552 3011 2678 3068 sins
2712 3019 2908 3068 nostro
2928 3028 3220 3067 concursu
3248 3012 3319 3067 de
3338 3027 3442 3083 per
3471 3027 3553 3067 se.

2002 3108 2291 3170 Secundo,
2327 3104 2567 3179 gratiam
2604 3100 3091 3175 poenitentialem‚
3124 3102 3224 3158 sed
3258 3117 3396 3159 cum
3426 3117 3558 3157 con—

2004 3214 2178 3254 cursu
2207 3200 2424 3253 nosti-0.
2450 3193 2665 3260 Tertio,
2699 3210 2799 3264 per
2819 3192 3151 3265 passionem
3180 3198 3303 3249 actu
3333 3190 3553 3247 exhibi-

2001 3289 2145 3352 tam,
2180 3285 2538 3356 apertionem
2567 3283 2763 3353 januae
2796 3280 2947 3350 coeli,
2980 3296 3155 3352 quam
3191 3297 3304 3334 non
3340 3278 3552 3336 meruit

2003 3389 2104 3446 per
2135 3376 2469 3446 passionem
2521 3371 2848 3444 praevisam.
2899 3372 2987 3426 Au
3048 3370 3323 3425 meruerit
3362 3370 3547 3440 ipsam

2004 3464 2344 3520 electionem
2414 3463 2985 3535 praedestinatorum,
3051 3476 3254 3526 necne,
3307 3460 3552 3516 dubium

2002 3561 2109 3613 est.
2143 3554 2288 3610 Vide
2321 3554 2589 3627 inps-on.
2620 3551 2918 3609 Scholium
2969 3550 3063 3607 htc
3095 3551 3166 3607 ad
3194 3566 3359 3607 num.
3387 3551 3442 3606 9.

2101 3808 2461 3885 Secundo
2498 3815 2729 3880 restat
2760 3805 3021 3880 videre
3064 3805 3248 3903 quid
3302 3806 3552 3880 Chris·
3692 3832 3795 3898 10,

3673 3921 3807 3978 Qum

2001 3938 2125 4002 tus
2159 3950 2293 4025 per
2344 3925 2780 4022 passionem
2837 3947 3054 3997 suam
3110 3922 3333 3997 nobis
3387 3948 3550 3998 me-
3620 3983 3861 4032 Christus

2008 4044 2161 4118 ruit
2215 4044 2255 4116 ἱ)
2314 4045 2405 4116 Et
2453 4041 2620 4114 dico
2677 4040 2878 4137 quod
2950 4038 3299 4112 Christus
3365 4039 3543 4134 illis,
3581 4045 3884 4170 ⁰333&-

2004 4185 2141 4259 pro
2176 4159 2461 4258 quibus
2494 4156 2775 4231 meruit
2814 4156 3241 4230 secundum
3285 4155 3548 4232 cffica-
3643 4173 3843 4287 ⁹322,sp

2004 4277 2202 4352 ciam
2239 4285 2316 4350 ut
2356 4273 2609 4348 totalis
2652 4295 2887 4347 causa
2924 4271 3344 4362 meritoria,
3404 4297 3550 4348 me-
3807 4272 3819 4284 '

2007 4395 2159 4470 ruit
2218 4393 2543 4491 primam
2599 4390 2953 4487 gratiani,
3030 4390 3134 4464 ita
3209 4391 3412 4488 quod
3472 4392 3547 4465 in

2005 4515 2149 4586 hoc
2194 4533 2345 4583 non
2379 4507 2995 4606 cooperabantur
3034 4507 3363 4601 ChristO,
3416 4508 3549 4583 sed

2003 4631 2197 4729 ipse,
2245 4640 2608 4724 tanquam
2652 4626 2905 4700 totalis
2967 4649 3201 4700 causa
3253 4627 3329 4700 in
3384 4621 3552 4722 lege

2003 4744 2243 4820 veteri
2277 4744 2532 4840 quoad
2594 4740 3304 4833 Circumcisionem,
3360 4753 3433 4817 et
3475 4743 3548 4815 in

2005 4885 2207 4935 nova
2265 4858 2518 4956 quoad
2598 4856 3143 4954 Baptismalem
3198 4857 3548 4952 gratiam,

2010 4975 2448 5050 merebatur
2543 4972 2903 5046 omnibus
2992 4973 3552 5068 praedestinatis

2004 5104 2373 5189 tanquam
2409 5114 2642 5164 causa
2710 5089 2986 5180 totalis,
3046 5089 3148 5161 ita
3179 5090 3381 5186 quod
3421 5113 3554 5187 per

2006 5234 2086 5285 se
2143 5233 2292 5283 non
2361 5207 2775 5303 requiritur
2848 5205 2998 5278 alia
3056 5205 3453 5302 dispositio
3510 5230 3554 5279 a

2009 5336 2219 5425 parte
2262 5323 2751 5421 suscipientis
2792 5323 3018 5396 talem
3072 5322 3419 5418 gratiam,
3473 5332 3552 5395 ut

2007 5445 2363 5520 meritum
2445 5441 2723 5515 Christi
2807 5439 3084 5513 habeat
3195 5440 3547 5515 effectum

2007 5586 2265 5653 suum,
2311 5559 2486 5632 licet
2540 5559 2683 5630 hoc
2734 5554 3172 5651 requiratur
3226 5555 3315 5629 de
3367 5579 3549 5629 con-

2005 5704 2199 5777 gruo
2240 5678 2317 5751 in
2360 5674 2664 5751 adultis.
