4295 6326
1455 432 1685 504 DlST.
1735 433 1891 502 XV.
1941 434 2361 515 QUAESTIO
2411 436 2646 509 UNIC.

157 645 439 711 usqua-ra·
486 604 1006 705 passionibuS,
1074 631 1249 682 cum
1306 631 1672 705 magnum
1740 609 2029 683 malum

209 704 394 750 ‘'⁰¹²¹”
490 721 588 797 sit
672 723 973 820 privare
1043 748 1124 798 se
1214 749 1354 799 usu
1426 723 1769 799 rationis.
1841 724 2029 819 Dico

3559 438 3686 506 363

2141 609 2453 708 respicit
2505 620 2821 705 aeterna,
2875 610 3189 686 interior
3245 633 3428 684 vero
3491 619 3685 682 tem-

2139 727 2459 823 poralia.
2506 728 2731 803 Nunc
2789 738 3045 803 autem
3092 727 3445 825 superior
3503 748 3684 824 por-

490 841 693 937 quod
754 841 1171 938 aliquando
1230 865 1382 915 non
1436 851 1550 916 est
1597 851 1852 916 tantus
1890 840 2031 915 do-
2137 842 2242 917 tio
2284 844 2705 919 voluntatis
2747 867 2897 918 non
2943 851 3190 942 potest
3231 842 3510 918 tristari
3559 842 3689 916 ab·

488 960 631 1052 lor,
684 958 889 1056 quod
939 958 1307 1057 impediat
1373 982 1595 1032 usum
1652 958 2023 1051 rationis;

485 1084 559 1151 et
589 1085 751 1150 esto
806 1076 1010 1173 quod
1059 1075 1196 1169 sic,
1232 1075 1483 1150 adhuc
1516 1098 1652 1173 per
1692 1075 2028 1150 miracu-

481 1192 642 1265 lum
723 1200 973 1290 potest
1056 1192 1514 1296 pr-aeservari
1592 1191 1811 1266 ratio.
1884 1192 2024 1267 Vel

480 1318 641 1384 esto
701 1309 905 1406 quod
967 1332 1121 1384 non
1163 1319 1708 1407 praeservetur,
1769 1310 2024 1383 adhuc

479 1425 864 1500 meritorie
897 1425 1321 1523 patiuntur,
1358 1425 1542 1523 quia
1581 1424 1713 1499 illa
1751 1425 2023 1500 electio

478 1544 926 1640 praecedens
992 1553 1107 1617 est
1172 1543 1394 1618 valde
1465 1542 1880 1636 meritoria,
1952 1551 2026 1619 et

476 1671 691 1735 actus
758 1683 1096 1758 sequens
1146 1669 1261 1735 est
1299 1661 1551 1735 bonus
1619 1659 2026 1734 materiali-

475 1787 614 1870 ter,
661 1778 800 1853 etsi
847 1802 1053 1853 nunc
1094 1787 1350 1853 careat
1387 1778 1680 1876 Martyr
1729 1802 1870 1852 usu
1914 1802 2026 1853 ra-

475 1894 733 1969 tionis.
799 1894 1015 1969 Sicut
1079 1917 1477 1991 exponens
1527 1917 1609 1969 se
1670 1893 2023 1968 maximis

474 2011 1029 2109 voluptatibuS,
1092 2010 1169 2084 in
1224 2010 1509 2109 quibus
1568 2010 2024 2085 absorbetur

478 2129 667 2203 ratio
711 2129 787 2202 in
840 2140 1007 2203 actu
1056 2127 1453 2225 peccandi,
1516 2128 1788 2203 electio
1830 2152 2019 2227 prae-

474 2245 757 2320 cedens
799 2254 913 2319 est
954 2245 1371 2319 maximum
1430 2245 1750 2329 malum,
1815 2246 2019 2342 quod

473 2360 575 2435 ibi
628 2359 738 2454 fit,
783 2372 857 2436 et
916 2369 1130 2435 actus
1187 2383 1522 2458 sequens
1581 2370 1696 2435 est
1775 2363 2021 2435 malus

473 2476 1013 2570 materialiter3
1052 2477 1180 2551 sed
1215 2476 1288 2549 in
1324 2476 1625 2551 Christo
1660 2500 1815 2550 non
1849 2478 2022 2552 sub·

470 2594 916 2669 vertebatur
974 2593 1193 2686 rati0‚
1251 2592 1434 2691 quia
1487 2616 1786 2668 summe
1830 2594 2022 2670 frue-

474 2710 722 2783 batur.
808 2708 1090 2782 Tamen
1179 2717 1358 2782 nata
1436 2708 1579 2782 fuit
1661 2710 2020 2785 voluntas

472 2826 751 2902 Christi
817 2826 1158 2901 subverti
1228 2849 1274 2899 a
1338 2834 1549 2900 tanta
1627 2828 2014 2925 passione,

473 2953 546 3021 et
612 2946 800 3019 forte
861 2945 1114 3018 solum
1179 2943 1313 3017 illa
1369 2945 1616 3042 portio
1672 2944 2014 3039 inferior,

474 3085 651 3161 quae
714 3060 1019 3159 respicit
1083 3059 1565 3158 temporalia,
1639 3063 1762 3136 vel
1831 3063 2019 3137 forte
2071 3134 2074 3139 .

479 3191 799 3279 utraque
835 3180 1113 3278 portio,
1153 3177 1296 3254 nisi
1332 3178 1516 3276 quia
1557 3178 2017 3257 miraculose

476 3309 637 3373 erat
683 3305 1177 3395 praeservata.

252 3438 320 3506 5,
574 3416 720 3492 Sed
765 3416 1151 3515 quomodo
1201 3414 1339 3489 fuit
1388 3415 1464 3488 in
1522 3438 1612 3489 eo
1648 3416 2019 3492 tristitia?

477 3534 792 3632 Proprie
826 3557 979 3608 non
1024 3542 1272 3632 potest
1310 3556 1478 3608 esse
1518 3534 1825 3610 tristitia
1867 3538 2015 3612 nisi

473 3676 566 3727 ex
608 3655 751 3727 hoc
792 3651 998 3749 quod
1039 3651 1389 3750 displicet
1429 3652 1830 3748 voluntati,
1877 3678 2010 3730 seu

473 3793 566 3845 ex
607 3771 749 3843 hoc
813 3769 1017 3866 quod
1076 3767 1351 3842 accidit
1409 3769 1732 3843 nolitum
1777 3793 1820 3844 a
1875 3796 2016 3844 vo-

471 3888 789 3979 luntate,
862 3885 1045 3984 quia
1103 3885 1296 3960 nihil
1374 3895 1489 3960 est
1566 3887 2015 3985 simpliciter

469 4000 680 4076 triste
757 4000 1164 4094 voluntati,
1223 3999 1368 4073 nisi
1438 4023 1532 4074 ex
1600 4003 1742 4075 hoc
1806 4003 2011 4099 quod

466 4126 581 4192 est
648 4115 749 4190 ibi
812 4115 1167 4209 nolitum‘,
1213 4124 1286 4190 et
1344 4137 1813 4214 quamquam
1866 4118 2012 4191 ali-

467 4233 650 4331 quid
693 4241 894 4307 esset
924 4232 1023 4306 ibi
1067 4232 1541 4306 conveniens
1581 4233 2005 4307 secundum

463 4373 573 4444 se,
610 4359 863 4424 tamen
907 4373 1061 4422 non
1097 4349 1517 4424 delectatur
1555 4348 1633 4422 in
1679 4350 1807 4425 illo
1860 4350 2007 4425 nisi

462 4467 650 4542 illud
719 4467 861 4541 sibi
938 4466 1301 4565 placeat?
1356 4466 1545 4542 Dico
1605 4468 1810 4565 quod
1861 4468 2009 4542 du-

461 4583 761 4682 pliciter.
827 4592 1075 4681 potest
1153 4583 1477 4680 intelligi
1546 4584 1853 4660 tristitia
1928 4586 2002 4657 in

459 4701 883 4787 voluntate,
949 4700 1064 4773 vel
1112 4698 1189 4772 in
1253 4699 1593 4774 inferiori
1656 4700 2004 4800 portione

461 4815 810 4908 rationis,
845 4816 968 4889 vel
1022 4814 1097 4887 in
1159 4814 1592 4913 superiori3
1639 4815 1714 4890 in
1769 4839 2006 4915 supe-

461 4932 646 5008 riori
705 4940 933 5030 prout
972 4930 1282 5029 respicit
1320 4943 1611 5007 aeterna
1651 4941 1945 5007 tantum
1980 4962 1999 5027 ;

460 5052 534 5125 in
573 5047 915 5124 inferiori
947 5046 1380 5144 dupliciter,
1430 5049 1552 5123 vel
1595 5060 1821 5148 prout
1853 5075 2005 5126 res-

460 5166 645 5267 picit
707 5164 1159 5263 temporalia
1225 5166 1648 5240 secundum
1709 5190 1817 5261 se,
1882 5169 1999 5242 vel

460 5292 690 5383 prout
748 5281 976 5356 refert
1033 5281 1480 5378 temporalia
1540 5283 1632 5356 ad
1684 5293 1997 5358 aeterna.

104 5410 288 5538 {2:522
312 5426 425 5528 ξιξ-ῃ
458 5398 940 5498 Augustinus
1003 5397 1116 5469 12.
1183 5397 1274 5471 de
1323 5398 1595 5472 Trinit.
1655 5400 1724 5471 2.
1791 5401 2004 5498 ponit

138 5539 396 5593 tristatur.
460 5518 665 5621 quod
751 5538 903 5589 non
967 5522 1080 5589 est
1154 5514 1304 5588 alia
1360 5516 1699 5614 potentia
1757 5518 2001 5615 portio

458 5633 778 5714 inferior
844 5640 918 5707 et
983 5629 1362 5730 superior,
1443 5632 1574 5708 sed
1653 5633 2006 5733 superior

2136 961 2442 1054 solute3
2488 961 2642 1035 imo
2684 985 2824 1036 nec
2874 961 3189 1054 diaboli,
3240 984 3381 1035 nec
3436 960 3681 1033 alicu-

2125 1076 2283 1172 juS,
2376 1079 2558 1175 quia
2634 1078 3114 1176 respiciendo
3210 1078 3303 1151 ad
3390 1086 3679 1151 aeterna

2135 1193 2325 1301 nihil
2370 1194 2858 1269 inveniemus
2906 1192 3499 1268 disconveniens
3540 1215 3679 1265 vo-

2134 1312 2436 1405 luntati,
2513 1335 2652 1386 nec
2720 1311 3024 1386 rationi.
3089 1310 3240 1385 Sed
3302 1319 3382 1384 ut
3429 1304 4006 1408 portioP0‘110w·

2131 1427 2448 1502 inferior
2509 1428 2817 1526 respicit
2870 1426 3348 1525 temporalia,
3428 1434 3679 1524 potest
3710 1369 4024 1492 rgglffitudte

2129 1543 2443 1638 tristari,
2483 1554 2555 1619 et
2587 1544 2831 1642 portio
2883 1544 3236 1642 superior
3276 1543 3675 1617 referendo
3708 1490 4030 1670 bffffi‘t'fi‘rliss

2126 1662 2583 1760 temporalia
2614 1663 2707 1737 ad
2741 1673 3033 1737 aeterna
3071 1670 3319 1759 potest
3359 1660 3670 1735 tristari.
3861 1632 3925 1670 η’

2130 1776 2280 1853 Sed
2341 1803 2494 1853 non
2555 1779 2694 1853 fuit
2735 1779 2810 1852 in
2854 1778 3154 1853 Christo
3211 1778 3302 1853 de
3336 1777 3678 1853 carentia

2130 1894 2543 1989 fruitioniS,
2600 1895 2782 1994 quia
2839 1895 2973 1970 illa
3015 1902 3189 1970 actu
3249 1893 3528 1987 infuit3
3582 1894 3675 1968 de

2127 2010 2462 2108 peccatis
2524 2035 2702 2085 vero
2745 2010 2990 2084 doluit
3042 2009 3491 2107 accipiendo
3534 2010 3675 2083 do-

2129 2128 2372 2201 lorem
2417 2150 2551 2225 pro
2592 2128 2908 2212 tristari,
2952 2150 3105 2200 non
3152 2149 3287 2224 pro
3338 2124 3674 2224 peccatis

2127 2242 2205 2316 in
2252 2243 2448 2342 ipso,
2485 2244 2615 2318 sed
2652 2243 2725 2315 in
2771 2242 3303 2341 peccatoribus
3343 2264 3675 2341 praesen-

2124 2359 2334 2434 tibus
2373 2369 2448 2435 et
2488 2359 2761 2433 futuris
2788 2358 3139 2456 praevisis
3176 2359 3254 2432 in
3286 2358 3566 2434 Verbo,

2226 2486 2375 2560 Sed
2416 2485 2764 2583 potuitne
2813 2484 3091 2559 tristari
3133 2484 3224 2559 de
3268 2485 3526 2582 aliquo
3586 2484 3662 2557 in
3824 2510 3888 2577 6,

2126 2600 2259 2676 illa
2344 2601 2750 2700 persona?
2815 2601 3002 2675 Dico
3072 2602 3273 2699 quod
3361 2600 3423 2675 si
3512 2625 3666 2675 non

2124 2725 2375 2814 potest
2423 2740 2590 2791 esse
2637 2715 2941 2790 tristitia
2989 2714 3462 2814 simpliciter,
3518 2715 3666 2790 nisi

2125 2831 2511 2931 praecedat
2564 2832 3017 2932 simpliciter
3066 2832 3425 2926 nolitum,
3489 2842 3666 2907 tunc

2124 2946 2203 3021 in
2274 2947 2534 3023 anima
2592 2947 2872 3023 Christi
2936 2971 3089 3022 non
3163 2947 3301 3021 fuit
3364 2947 3670 3022 tristitia

2124 3062 2576 3161 simpliciter
2616 3062 2707 3138 de
2773 3062 2926 3151 tali,
2992 3062 3174 3160 quia
3216 3086 3369 3137 non
3412 3073 3671 3160 posset

2124 3181 2417 3279 aliquid
2486 3204 2656 3256 esse
2723 3180 3173 3278 simpliciter
3234 3180 3557 3255 nolitum
3628 3205 3673 3255 a

2121 3300 2519 3374 voluntate
2560 3297 2869 3391 Christi,
2909 3298 3056 3372 nisi
3098 3296 3453 3396 superior
3492 3321 3671 3395 por-

2122 3415 2227 3490 tio
2289 3415 2604 3490 rationis
2661 3415 2982 3489 dictaret
3044 3417 3188 3489 hoc
3247 3438 3415 3490 esse
3483 3415 3673 3489 sim-

2121 3532 2423 3630 pliciter
2511 3533 2959 3607 nolendum.
3058 3531 3206 3605 Sed
3312 3532 3670 3607 voluntas

2121 3649 2402 3723 Christi
2463 3649 2602 3722 fuit
2643 3647 3056 3722 conformis
3087 3648 3460 3722 voluntati
3503 3649 3670 3721 Tri-

2120 3763 2379 3838 nitatis
2426 3791 2443 3857 ;
2518 3763 2753 3859 igitur
2815 3762 3172 3860 superior
3228 3763 3475 3860 portio
3527 3787 3667 3838 vo-

2119 3881 2435 3956 luntatis
2516 3880 2968 3978 simpliciter
3038 3879 3283 3954 voluit
3362 3880 3665 3978 passio-

2116 4022 2293 4073 nem
2368 3996 2673 4089 Christi,
2744 4005 2818 4071 et
2884 3995 3147 4070 omnia
3223 3996 3660 4072 necessario

2116 4138 2446 4209 annexa,
2491 4125 2564 4188 et
2603 4122 2788 4187 tunc
2845 4112 3195 4212 sequitur
3235 4114 3439 4212 quod
3501 4137 3655 4189 non

2113 4232 2564 4331 simpliciter
2602 4230 3071 4306 tristabatur.
3139 4231 3217 4305 Si
3260 4242 3515 4306 autem
3559 4233 3654 4306 ad
3686 4232 3866 4283 P⁰2⁶⁸²
3884 4228 4005 4279 ²1³⁸·

3717 4296 3833 4346 titia
3858 4306 3977 4343 esse

2112 4350 2562 4448 simpliciter
2613 4349 2894 4443 tristari
2944 4349 3227 4426 sufficit
3264 4351 3467 4425 nolle
3509 4353 3653 4426 hoc
3681 4356 4001 4473 {ffiffimiissss

2112 4467 2539 4542 secundum
2608 4491 2716 4560 se,
2764 4488 3233 4564 quamquam
3304 4465 3401 4540 sit
3465 4466 3655 4541 sim-
3761 4482 3951 4555 noue·

2110 4584 2409 4684 pliciter
2483 4583 2899 4657 volendum
2987 4582 3465 4680 inspiciendo
3558 4584 3650 4658 ad
3681 4544 4004 4662 23⁰3&ss

2111 4703 2361 4799 majus
2419 4700 2737 4794 bonum,
2792 4698 2999 4797 quod
3060 4699 3316 4775 verius
3393 4701 3648 4794 credO,
3792 4677 3878 4723 ω’

2111 4819 2281 4893 dico
2373 4817 2577 4918 quod
2668 4815 3118 4914 simpliciter
3213 4817 3655 4892 tristabatur

2114 4938 2470 5010 voluntas
2509 4934 2817 5027 Christi,
2854 4934 3038 5031 quia
3076 4935 3499 5009 secundum
3543 4960 3655 5012 re·
3720 4991 3728 5000 ·

2110 5052 2333 5147 gulas
2407 5059 2737 5126 aeternas
2814 5048 3080 5123 debuit
3159 5049 3303 5124 ista
3379 5061 3657 5128 natura

2110 5168 2282 5266 plus
2341 5167 2552 5262 diligi
2614 5167 2723 5239 sic
2769 5167 3058 5261 repleta
3101 5168 3370 5261 gratia,
3420 5191 3651 5264 quarn

2110 5306 2624 5382 quaecumque
2694 5281 2845 5354 alia
2929 5292 3338 5368 creatura3
3423 5285 3655 5380 igitur

2111 5401 2355 5497 major
2405 5400 2719 5474 deberet
2759 5421 2925 5472 esse
2997 5398 3296 5474 tristitia
3347 5403 3652 5500 proprie
3756 5397 3761 5402 ’

2106 5516 2529 5591 voluntatis
2598 5516 2688 5590 de
2742 5513 3100 5612 passione
3154 5516 3384 5612 hujus
3426 5527 3654 5593 natu-

2110 5659 2245 5726 rae,
2310 5656 2540 5734 quam
2583 5631 3142 5729 cujuscumque
3184 5631 3524 5723 alteriuS,
3588 5635 3653 5710 si
