4295 6326
82 2243 399 2307 Explicatur

99 2304 384 2376 quomodo

155 2371 344 2432 potuit

118 2430 375 2482 Christus

79 2494 189 2561 pati
218 2494 286 2543 ab
310 2505 395 2542 c*-

124 2558 365 2608 trinseco

88 2626 139 2672 et
173 2618 390 2671 extrin-

187 2697 333 2734 secu.

1499 451 1725 524 DIST.
1778 451 1964 522 XVI.
2018 450 2436 532 QUAESTIO
2486 450 2573 520 11.

447 639 624 693 cum
703 644 982 721 corpus
1070 648 1224 699 non
1298 626 1395 700 sit
1478 625 1992 722 glorificatum

445 736 589 810 sibi
679 738 1158 835 derelictum,
1257 743 1506 840 potuit
1603 744 1755 842 pati
1850 743 1994 818 sibi

444 851 894 929 derelictum
954 858 1050 931 ab
1093 857 1523 934 extrinseco
1565 869 1639 935 et
1706 860 1997 933 intrin-

448 994 650 1051 seco.

546 1090 699 1165 Sed
736 1092 938 1166 unde
973 1103 1137 1169 erat
1200 1094 1344 1170 ista
1409 1096 1858 1190 necessitaS,
1904 1120 1996 1171 ex

452 1227 605 1303 quo
647 1229 928 1305 corpus
979 1209 1252 1284 habuit
1310 1210 1597 1308 optime
1657 1212 1997 1309 comple-

444 1322 877 1417 xionatum,
947 1326 1377 1424 praesertim
1438 1328 1815 1426 cumipse
1860 1328 1995 1403 fuit

446 1441 945 1535 omnisciens,
992 1442 1153 1542 ipse
1195 1443 1442 1541 potuit
1504 1444 1994 1520 considerare

443 1579 620 1655 quae
649 1567 869 1632 erant
921 1559 1491 1655 convenientia,
1547 1570 1621 1636 et
1679 1561 1787 1636 sic
1837 1585 1997 1636 cor-

443 1697 590 1771 pus
640 1698 869 1749 suum
941 1699 1251 1775 semper
1291 1701 1820 1754 conservasse.
1904 1680 1996 1753 Et

443 1788 972 1886 confirmatur,
1048 1792 1230 1890 quia
1297 1792 1461 1891 ipse
1542 1794 1683 1868 fuit
1751 1794 1996 1891 magis

439 1915 937 2005 temperatuS,
977 1931 1210 2006 quam
1239 1908 1482 1983 Adam
1515 1909 1592 1983 in
1635 1910 1998 1985 innocen-

443 2023 576 2117 tia,
622 2032 697 2098 et
764 2026 1004 2099 Adam
1063 2025 1144 2100 in
1186 2026 1318 2100 illo
1388 2037 1993 2126 temperamento

445 2164 599 2213 non
656 2141 902 2239 potuit
934 2142 1126 2217 mori
1160 2171 1179 2237 ;
1226 2143 1487 2241 igitur,
1525 2154 1666 2220 etc.

543 2255 732 2331 Dico
762 2258 968 2355 quod
1025 2258 1168 2334 ista
1199 2269 1481 2334 natura
1527 2261 1995 2336 subsistebat

446 2370 526 2446 in
568 2372 851 2463 Verb0,
889 2385 963 2451 et
1001 2386 1258 2452 tamen
1300 2376 1446 2452 ista
1474 2378 1730 2476 passio
1765 2377 1995 2453 fiebat

448 2490 544 2564 ab
577 2491 1031 2579 extrinsece,
1062 2503 1136 2568 et
1159 2494 1251 2568 ab
1276 2493 1694 2569 intrinseco
1719 2494 1984 2592 magis.

448 2607 706 2682 Potuit
734 2608 889 2707 pati
923 2610 1170 2708 primo
1204 2634 1294 2686 ex
1335 2611 1595 2708 aliquo
1651 2636 1995 2710 assump-

448 2733 549 2814 to,
591 2748 723 2823 per
764 2725 968 2823 quod
1011 2726 1278 2802 debuit
1336 2751 1618 2826 corpus
1681 2728 1986 2822 nutriri,

444 2843 783 2918 secundo
816 2868 908 2919 ex
959 2844 1347 2921 debilitate
1395 2846 1702 2923 virtutis
1756 2847 1992 2922 nutri·

440 2960 646 3035 tivae.
703 2962 1051 3036 Primum
1129 2963 1629 3061 contingebat
1676 2974 1988 3065 propter

437 3076 958 3175 impuritatem
1012 3080 1381 3168 alimenti,
1439 3082 1620 3179 quia
1685 3106 1990 3183 semper

438 3218 615 3269 caro
666 3218 1001 3294 sequens
1077 3208 1498 3290 generatur
1578 3200 1982 3299 impurior,

439 3334 669 3410 quam
742 3313 880 3387 fuit
939 3338 1116 3389 caro
1185 3316 1675 3414 proecedenS,
1747 3326 1819 3392 et
1878 3319 1987 3394 sic

439 3431 745 3506 tandem
789 3441 943 3507 tarn
977 3432 1309 3533 impura,
1383 3436 1588 3534 quod
1640 3460 1795 3511 non
1824 3447 1979 3512 sta-

441 3547 549 3622 bit
592 3549 983 3648 proportio
1046 3550 1214 3649 ejus
1268 3551 1361 3626 ad
1431 3551 1796 3627 animam.
1844 3552 1987 3627 Se-

441 3665 695 3740 cunda
743 3690 977 3743 causa
1017 3676 1132 3743 est
1199 3692 1292 3743 ex
1336 3668 1633 3743 defectu
1682 3669 1986 3745 virtutis

442 3783 859 3879 nutritivae,
896 3785 1080 3883 quia
1124 3784 1257 3860 illa
1293 3784 1539 3861 virtus
1581 3787 1736 3884 agit
1776 3788 1989 3886 Phy-

443 3898 644 3992 sice3
681 3898 916 3996 igitur
958 3900 1036 3972 in
1070 3900 1369 3997 agendo
1437 3901 1880 3978 debilitatur
1943 3929 1989 3978 a

442 4015 853 4109 contraria,
902 4025 976 4090 et
1014 4015 1121 4090 ita
1168 4026 1570 4115 reparatur
1644 4019 1981 4109 tandem,

445 4139 527 4204 ut
567 4156 719 4205 non
763 4133 1003 4231 possit
1033 4157 1289 4230 agere,
1333 4143 1405 4209 et
1449 4144 1628 4210 tunc
1681 4146 1989 4211 natura-

443 4247 615 4322 liter
654 4248 1002 4345 sequitur
1046 4273 1274 4323 mors.
1314 4249 1398 4323 In
1470 4251 1692 4325 tertio
1752 4251 1988 4348 igitur

443 4363 759 4439 instanti
792 4374 1090 4440 naturae
1141 4365 1389 4464 potuit
1449 4368 1799 4443 Christus
1830 4369 1986 4468 pati

445 4480 539 4553 ab
580 4481 1009 4556 extrinseco
1051 4491 1125 4556 et
1165 4481 1609 4560 intrinseco.

978 4798 1344 4858 senonum
1378 4802 1450 4857 11.

521 4951 820 5008 Sententia
851 4951 916 5008 D.
942 4953 1258 5011 Bonavent.
1290 4961 1342 5009 et
1371 4953 1602 5009 videtur
1631 4951 1696 5008 D.
1730 4952 1988 5022 Thomoe,

453 5058 663 5114 corpus
703 5041 886 5098 fuisse
945 5041 1210 5108 mortale,
1243 5042 1378 5112 quia
1418 5042 1547 5113 ejus
1597 5042 1837 5099 materia
1881 5041 1993 5098 suit

456 5133 674 5203 privata
695 5131 821 5188 aliis
853 5132 1073 5200 formiS,
1107 5132 1244 5204 quia
1272 5131 1479 5188 habuit
1510 5132 1767 5189 diversas
1798 5138 1992 5203 partos

455 5220 781 5293 organicas,
810 5220 1135 5276 contrarias
1166 5219 1493 5292 qualitates,
1517 5224 1574 5276 ot
1603 5220 1894 5277 elementa
1931 5220 1991 5274 in

454 5309 657 5377 mixto,
711 5308 1017 5375 refutatur,
1042 5307 1179 5378 quia
1198 5305 1561 5363 concludunt
1590 5307 1710 5364 istae
1743 5307 1993 5364 rationes

451 5399 649 5456 codem
682 5399 856 5454 modo
881 5397 951 5452 de
981 5413 1221 5469 corpore
1270 5395 1518 5469 glorioso
1549 5417 1564 5466 ;
1611 5397 1824 5454 refutat
1871 5396 1994 5452 sin-

452 5489 698 5564 gillatim
731 5487 999 5561 singulas
1032 5487 1313 5556 rationes,
1347 5488 1417 5544 de
1446 5504 1562 5561 quo
1592 5488 1652 5545 in
1687 5489 1866 5545 Oxon.
1900 5487 1995 5544 hic

454 5583 655 5652 quaest.
685 5580 741 5634 2.
776 5594 940 5638 num.
970 5578 1022 5633 5.
1055 5578 1138 5634 Ad
1167 5577 1419 5650 primam
1454 5578 1794 5636 instantiam
1820 5577 1998 5650 expli-

455 5679 544 5725 cat
572 5669 716 5725 illud
750 5685 763 5724 ε
796 5668 963 5741 Quod
991 5668 1156 5724 semel
1194 5667 1507 5740 assumpsit,
1539 5672 1643 5725 etc.
1679 5685 1796 5724 non
1826 5667 1996 5723 intel·

675 5790 815 5844 Tou.
857 5787 1052 5844 xxm.

3519 454 3649 521 369

2126 625 2206 696 igi
2237 625 2307 680 do
2335 625 2596 695 partibus
2627 625 2965 691 fluentibus,
2999 641 3187 697 neque
3216 626 3288 680 de
3331 632 3449 680 tota
3479 629 3651 678 natu·

2105 729 2190 776 ra,
2225 729 2400 784 quam
2443 714 2503 769 in
2550 720 2738 770 morte
2784 715 3071 785 deposuit,
3114 714 3214 770 scd
3258 713 3330 769 de
3388 713 3651 785 partibus

2103 801 2548 873 principalibus.
2583 804 2669 858 Ad
2701 804 3043 872 secundam,
3077 802 3330 875 explicat
3359 801 3651 872 quomodo

2103 892 2230 948 sine
2253 909 2396 949 novo
2430 893 2732 962 miraculo,
2767 900 2962 966 partes
2996 898 3354 967 aggeneratae
3412 908 3509 965 per
3538 909 3649 947 nu-

2103 981 2399 1037 tritionem
2478 983 2758 1038 uniantur
2827 983 3038 1040 Verbo.
3097 983 3398 1049 Quomodo
3457 987 3651 1037 autem

2101 1076 2475 1147 aggeum-atio
2508 1077 2603 1132 siut
2629 1094 2727 1149 per
2758 1077 3159 1146 nutritionem,
3221 1077 3438 1149 optime
3472 1074 3655 1147 expli-

2103 1170 2195 1218 cat
2220 1165 2272 1220 4.
2305 1163 2441 1223 dist.
2473 1166 2564 1220 44.
2598 1170 2801 1235 quaest.
2826 1183 2865 1220 1.
2892 1165 3139 1222 Difficile
3168 1165 3333 1221 valde
3363 1163 3652 1236 explicatu

2101 1258 2212 1321 est,
2265 1252 2315 1308 si
2366 1258 2587 1311 tantum
2646 1261 2897 1328 ponatur
2945 1257 3133 1311 forma
3178 1254 3533 1310 intellectiva
3589 1254 3650 1310 in

2103 1342 2339 1397 bomine
2374 1359 2387 1408 ;
2429 1348 2489 1396 at
2520 1344 2684 1400 facile
2712 1350 2820 1408 est,
2857 1345 3122 1415 ponendo
3154 1345 3400 1401 sormam
3445 1360 3651 1414 corpo·

2103 1430 2347 1499 renatis,
2374 1474 2377 1477 ¹
2408 1448 2579 1503 quam
2631 1434 2756 1490 fuse
2804 1433 3012 1504 probat
3065 1433 3228 1490 Doct.
3306 1435 3360 1490 4.
3436 1434 3493 1490 d.
3563 1434 3646 1489 11.

2103 1525 2306 1592 quaest.
2331 1521 2383 1576 3.

2200 1792 2344 1866 Alii
2403 1802 2704 1891 ponunt
2781 1794 3114 1868 rationes
3164 1791 3644 1868 universales

2102 1910 2198 1983 ad
2261 1910 2736 1985 reddendum
2805 1934 3079 1985 causas
3163 1909 3645 1985 necessitatis
3672 1941 3987 1994 nxrhomas.

2106 2026 2508 2102 moriendi.
2559 2027 2843 2116 Prima,
2888 2027 3064 2102 talis
3117 2028 3435 2102 materia
3468 2047 3644 2102 cum

2102 2143 2532 2241 privatione
2601 2153 2714 2218 est
2774 2167 3008 2218 causa
3074 2143 3639 2243 corruptionis3

2101 2259 2180 2333 in
2229 2260 2529 2335 Christo
2591 2260 2734 2334 fuit
2774 2259 3097 2335 materia
3163 2284 3337 2335 cum
3399 2261 3645 2359 priva-

2103 2377 2306 2453 tione
2340 2377 2667 2453 aliarum
2703 2378 3148 2451 [ormarum.

2199 2493 2556 2569 Secunda
2588 2493 2807 2588 ratio,
2862 2493 2942 2568 in
2976 2494 3275 2571 Christo
3331 2494 3644 2570 fuerunt

2101 2614 2506 2710 qualitates
2554 2613 2961 2688 contrariae
3004 2612 3202 2688 inter
3254 2637 3363 2701 se,
3410 2622 3484 2689 et
3522 2613 3644 2687 di-

2101 2729 2422 2805 versitas
2452 2728 2787 2827 partium
2837 2729 3429 2826 organicarum3
3497 2728 3644 2825 igi-

2098 2856 2225 2918 tur
2255 2845 2548 2920 ratione
2590 2846 2897 2919 illarum
2943 2844 3081 2919 fuit
3130 2846 3325 2920 actio
3367 2855 3441 2921 et
3465 2868 3643 2943 pas-

2098 2961 2239 3036 sio.

2192 3078 2469 3173 Tertia,
2519 3078 2594 3151 in
2628 3078 2929 3153 Christo
2996 3086 3174 3153 tunc
3239 3089 3458 3154 erant
3497 3081 3643 3156 ele-

2098 3204 2357 3270 menta
2379 3194 2454 3268 in
2498 3195 2771 3289 mixt03
2804 3192 3039 3290 igitur
3068 3192 3131 3268 si
3181 3194 3643 3271 mansissent

2097 3312 2230 3406 ibi,
2275 3321 2646 3411 perpetuo
2691 3310 3155 3386 mansissent
3221 3311 3480 3410 aliqua
3523 3335 3645 3387 ex-

2100 3438 2212 3504 tra
2241 3453 2422 3505 suas
2463 3431 2835 3529 sphaeraS,
2908 3439 2982 3506 et
3044 3428 3151 3504 sic
3220 3428 3637 3528 violenter3

2095 3531 2422 3620 nullum‘
2493 3556 2751 3623 autem
2847 3545 3270 3623 violentum
3362 3571 3644 3648 perpe-

2096 3672 2342 3739 tuum.

2194 3779 2479 3867 Quarta
2537 3779 2757 3873 ratio,
2830 3779 3242 3878 cujuslibet
3307 3781 3640 3857 viventis

2094 3907 2210 3973 est
2248 3898 2510 3995 aliqua
2548 3906 2757 3971 certa
2810 3897 3218 3995 periodus;
3289 3898 3524 3996 igitur
3556 3899 3635 3973 in

2093 4013 2424 4088 termino
2461 4011 2666 4086 illius
2699 4036 3014 4089 necesse
3066 4013 3207 4087 fuit
3246 4015 3635 4091 Christum

2096 4129 2292 4204 mori
2325 4128 2791 4203 naturaliter.

2194 4244 2344 4320 Sed
2384 4253 2536 4320 tres
2571 4243 2839 4341 primae
2871 4243 3208 4324 rationes
3235 4248 3638 4345 aequaliter

2096 4362 2647 4439 concluderent
2731 4362 2936 4459 quod
3004 4363 3355 4440 Christus
3430 4390 3639 4442 nunc

2098 4487 2300 4554 esset
2357 4476 2876 4576 corruptibilis
2917 4477 3116 4554 sicut
3176 4488 3385 4573 tu'nc,
3460 4483 3642 4582 quia

2098 4618 2308 4670 nunc
2339 4594 2415 4668 in
2461 4595 2766 4670 Christo
2807 4604 2922 4668 est
2960 4597 3307 4693 materia,
3380 4609 3453 4675 et
3485 4624 3642 4674 non

2099 4720 2350 4811 potest
2380 4711 2708 4810 privatio
2768 4712 3083 4787 alterius
3144 4715 3408 4791 formae
3446 4717 3638 4809 tolli,

2101 4851 2278 4927 quae
2310 4836 2490 4902 nata
2517 4836 2631 4903 est
2657 4828 3074 4904 formaliter
3088 4830 3459 4927 perficere
3483 4831 3649 4912 mass

2099 4947 2401 5040 teriam,
2447 4945 2595 5021 nisi
2628 4969 2765 5044 per
2790 4948 3280 5044 praesentiam
3305 4952 3426 5028 sui
3459 4977 3647 5029 con-

2101 5062 2339 5138 trarii.
2380 5062 2752 5137 Similiter
2792 5062 2869 5137 in
2912 5063 3212 5140 Christo
3246 5092 3453 5145 nunc
3484 5097 3646 5149 ma-

2104 5188 2291 5253 nent
2331 5179 2739 5276 qualitates
2770 5182 3207 5278 contrariae,
3272 5194 3345 5260 et
3384 5187 3643 5264 diver-

2104 5294 2290 5368 sitas
2312 5294 2645 5392 partium
2674 5294 3242 5391 organicarum.
3277 5300 3645 5380 Similiter

2105 5412 2351 5508 magis
2402 5421 2660 5486 essent
2735 5412 3116 5488 elementa
3192 5416 3267 5490 in
3340 5420 3641 5498 Christo

2104 5528 2483 5604 violenter
2509 5552 2716 5603 nunc
2769 5551 2997 5627 quarn
3042 5543 3286 5629 erant,
3332 5540 3642 5634 quando

2105 5655 2269 5720 erat
2354 5645 2430 5718 in
2512 5655 2760 5739 terra3
2843 5654 3002 5720 tum
3105 5650 3289 5745 quia
3400 5657 3644 5752 quod-

3315 5801 3385 5853 24
