4295 6326
659 405 743 472 38

1994 404 1997 405 ⁷
2078 404 2315 471 LIBRI
2366 404 2452 473 ll.

300 598 630 672 lisaapeet-
664 596 822 647 esse
880 573 1469 670 quidditativum
1531 574 1978 672 simpliciter
2040 596 2214 670 per·
2314 583 2721 648 vertuntur
2797 597 2928 647 ens
3003 582 3075 647 et
3143 570 3350 668 quid,
3416 568 3585 642 dico
3656 564 3858 663 quod

396 667 517 721 fica.

663 692 1004 783 fectum3
1095 693 1223 766 sed
1324 692 1745 766 formalitas
1831 690 2210 765 individui

660 806 1043 880 contrahit
1137 807 1637 905 quidditatem
1724 808 1820 881 ad
1916 805 2206 903 aliquid

656 937 867 996 extra
972 922 1502 1020 quidditatem,
1611 922 1794 1019 quia
1887 922 2205 995 omnino

653 1040 968 1141 alterius
1027 1039 1368 1112 rationis.
1434 1040 1544 1113 De
1608 1039 2028 1136 quidditate
2082 1062 2206 1136 pa-

651 1166 754 1231 tet.
829 1156 1260 1253 dupliciter,
1348 1156 1594 1253 primo
1663 1157 1833 1230 sic:
1936 1157 2202 1229 Omnis

650 1276 1036 1375 quidditas
1121 1275 1533 1349 materialis
1593 1275 1999 1349 divisibilis
2090 1286 2203 1349 est

649 1401 1018 1490 quantum
1102 1402 1213 1466 est
1290 1391 1379 1466 de
1452 1416 1559 1485 se,
1629 1392 1728 1465 ita
1781 1392 1985 1489 quod
2055 1392 2194 1465 sibi

586 1532 589 1533 ⁷
646 1531 800 1581 non
864 1517 1242 1606 repugnat
1292 1508 1531 1581 dividi
1580 1536 1598 1601 3
1662 1508 1801 1581 ista
1865 1507 2200 1606 proprie-

329 3384 494 3433 Actus
528 3386 581 3431 et

318 3445 575 3509 potentia,

307 3509 481 3572 primo
517 3511 590 3561 di-

352 3587 521 3624 versa.

405 4446 468 4509 ‘03

647 1637 758 1699 tas
799 1625 1176 1699 individui
1238 1635 1353 1700 est
1418 1625 1735 1723 aliquid,
1794 1625 1913 1699 cui
1969 1649 2199 1723 repu-

643 1751 825 1839 gnat
857 1741 1091 1814 dividi
1132 1770 1149 1835 ;
1201 1741 1434 1836 igitur
1473 1753 1587 1815 est
1618 1741 1934 1815 alterius
1978 1741 2198 1814 ratio-

645 1858 791 1932 nis.
841 1856 1196 1932 Secundo
1239 1857 1347 1931 sic
1385 1884 1399 1931 ;
1450 1862 1683 1932 Actus
1742 1868 1815 1931 et
1854 1858 2198 1955 potentia

642 1975 955 2074 propria
1022 1986 1202 2048 sunt
1273 1976 1519 2072 primo
1594 1975 1925 2068 diversa,
2015 1976 2194 2073 quia

645 2093 704 2167 si
786 2091 1072 2188 aliquid
1171 2101 1372 2166 esset
1459 2091 1801 2187 ejusdem
1877 2092 2193 2165 rationis

644 2209 720 2280 in
784 2209 1177 2299 alterutrO,
1264 2218 1344 2280 ut
1403 2208 1463 2281 si
1544 2208 1617 2279 in
1683 2218 1880 2295 actu,
1944 2231 2197 2306 quan-

641 2328 803 2398 tum
865 2324 957 2398 ad
1021 2316 1238 2416 illud,
1314 2348 1464 2397 non
1522 2325 1767 2421 primo
1821 2333 2188 2413 actum‘et,

643 2441 773 2516 sed
840 2441 1207 2539 reciperet
1274 2450 1524 2515 aetum
1576 2466 1589 2524 ;
1656 2442 1718 2515 si
1782 2441 1856 2514 in
1919 2453 2193 2539 poten-

649 2557 773 2651 tia,
853 2567 1227 2655 quantum
1299 2558 1387 2631 ad
1471 2557 1687 2651 illud,
1770 2582 1922 2631 non
1997 2558 2192 2632 reci-

643 2687 882 2776 peret,
929 2677 1064 2751 sed
1114 2686 1509 2770 actuaret3
1558 2676 1789 2773 igitur
1837 2676 2193 2774 proprius

643 2803 886 2887 actuS,
997 2803 1069 2867 et
1171 2793 1484 2892 propriu
1580 2793 1919 2891 potentia
2014 2801 2192 2865 sunt

642 2912 890 3010 primo
950 2911 1277 2985 diversa.
1355 2910 1506 2984 Sed
1568 2911 1699 2984 illa
1768 2910 2192 3008 proprietas

643 3025 1019 3101 individui
1068 3034 1419 3124 respectu
1471 3026 1915 3123 quidditatis
1968 3026 2195 3100 hahet

649 3144 1020 3218 rationem
1103 3152 1378 3229 actus;
1479 3142 1712 3240 igitur
1800 3152 1912 3217 est
1983 3152 2195 3216 extra

648 3266 882 3334 totam
970 3259 1337 3332 rationem
1430 3257 1634 3330 illius
1718 3259 2188 3356 quidditatiS,

652 3379 767 3450 vel
856 3385 1067 3451 extra
1150 3384 1413 3448 totum.
1498 3374 1943 3450 Differentia
2008 3400 2192 3450 vero

648 3491 1005 3589 specifica
1118 3514 1267 3563 non
1377 3489 1835 3564 determinat
1945 3515 2192 3586 genus

646 3619 857 3683 extra
916 3616 1152 3680 totum
1224 3630 1471 3702 genus
1523 3607 1992 3704 qnidditatis,
2057 3610 2190 3680 sed

645 3722 1099 3799 determinat
1225 3722 1474 3820 ipsum
1596 3746 1639 3796 a
1769 3724 2188 3819 quidditate

641 3841 1083 3940 imperfecta
1169 3842 1257 3913 ad
1344 3841 1809 3938 perlectam3
1868 3851 1939 3915 et
2017 3843 2188 3919 ideo

639 3957 1066 4033 differentia
1115 3955 1471 4056 specifica
1513 3966 1627 4031 est
1686 3967 1895 4032 extra
1942 3969 2182 4033 totum

638 4099 885 4173 genus
937 4073 1383 4171 quidditatis
1436 4074 1923 4171 imperfectae.
1974 4076 2187 4150 Patet

641 4192 873 4288 igitur
939 4190 1324 4287 quomodo
1395 4190 1525 4265 illa
1589 4192 2067 4265 conveniunt
2116 4203 2189 4267 et

642 4307 1027 4382 differunt.

741 4425 1022 4497 Contra
1067 4422 1281 4510 illud,
1330 4445 1460 4496 cus
1521 4423 1813 4521 etquid
1864 4449 2186 4498 convor-

640 4549 907 4614 tuntur
1009 4537 1435 4611 seeundum
1553 4539 2018 4613 Avieennam
2109 4544 2178 4614 2.

638 4657 978 4754 Metaph.
1054 4653 1236 4750 quia
1306 4678 1443 4736 res,
1508 4679 1660 4740 cns,
1725 4657 1934 4753 quid,
1999 4684 2189 4731 con·

641 4781 1096 4860 vertuntur3
1163 4769 1394 4863 igitur
1452 4769 1510 4842 si
1576 4770 1703 4844 illa
1760 4774 2186 4870 proprietas

636 4886 1134 4963 individualis
1194 4895 1307 4958 est
1374 4896 1582 4960 extra
1648 4897 1880 4961 totum
1939 4915 2187 4984 genus

637 5002 1109 5104 quidditutis,
1185 5003 1415 5097 igitur
1491 5014 1604 5077 cst
1670 5015 1879 5077 extra
1941 5016 2181 5081 totum

636 5147 884 5219 genus
975 5120 1197 5194 entis.

740 5235 919 5308 Dico
990 5234 1415 5307 secundum
1480 5234 2035 5333 Philosophum
2107 5239 2178 5312 35.

632 5350 974 5448 Melaple..
1087 5351 1289 5446 quod
1387 5349 1615 5424 simul
1729 5362 1962 5426 totum
2071 5365 2184 5428 est

635 5479 847 5543 extra
899 5466 1104 5564 quod
1166 5465 1377 5563 quid,
1462 5491 1611 5546 non
1676 5477 1924 5542 tamen
1973 5480 2184 5544 extra

633 5607 880 5681 genus
943 5582 1167 5653 eutis.
1243 5581 1640 5667 Quomodo
1711 5582 1942 5679 igitur
2008 5610 2182 5659 eon-

2270 4540 2757 4644 specificam,

2313 714 2445 765 ens
2499 701 2614 766 est
2662 691 3146 788 aequivocum
3204 690 3292 764 ad
3348 688 3537 762 duos
3599 683 3864 758 modos

2312 807 2511 880 entis
2596 808 2686 881 ad
2776 806 3306 905 quidditatem,
3399 815 3471 878 et
3567 801 3859 875 liabens

2311 924 2838 1021 quidditatem.
2905 924 3124 998 Unde
3207 947 3360 997 non
3430 923 3678 995 solum
3745 934 3859 996 est

2309 1039 2734 1115 differentia
2842 1042 3036 1114 inter
3148 1040 3676 1136 quidditatem,
3785 1050 3854 1111 et

2311 1158 2602 1231 hahens
2662 1158 3162 1254 quidditatem
3239 1157 3309 1228 in
3372 1169 3727 1230 concreto
3783 1166 3855 1228 et

2307 1273 2714 1369 abstracto,
2774 1276 2902 1350 secl
2961 1286 3335 1372 quantum
3399 1275 3491 1347 ad
3557 1274 3856 1345 univer-

2306 1390 2464 1463 sale
2577 1400 2649 1464 et
2753 1391 3170 1486 singulare,
3287 1389 3468 1486 quia
3578 1387 3856 1461 dicitur

2306 1507 2749 1580 humanitas
2889 1518 2960 1581 et
3058 1510 3223 1583 haec
3372 1506 3868 1597 humanitaS,

2305 1624 2536 1696 homo
2633 1633 2705 1696 et
2785 1623 2905 1695 hic
2977 1625 3232 1696 homo.
3306 1624 3396 1695 Et
3498 1621 3606 1696 sic
3689 1620 3853 1695 exi-

2303 1749 2511 1813 stens
2617 1739 3444 1814 incommunicabiliter
3547 1748 3660 1813 est
3727 1739 3852 1812 ha-

2302 1857 2491 1932 bens
2550 1858 3081 1954 quidditatem,
3146 1868 3218 1931 et
3278 1880 3428 1930 non
3489 1867 3608 1930 est
3672 1881 3850 1953 pro-

2302 1975 2463 2072 prie
2523 1975 2728 2071 quid,
2814 1976 2941 2049 sed
3006 1976 3195 2072 qula,
3276 1984 3349 2048 et
3415 1974 3850 2047 extenditur

2302 2115 2456 2175 ens,
2552 2091 2655 2165 ita
2721 2093 2926 2188 quod
3014 2091 3290 2165 dicitur
3372 2115 3522 2164 non
3596 2092 3843 2163 solum

2300 2208 2390 2282 de
2462 2208 2651 2306 quid
2715 2208 3067 2306 proprie,
3141 2209 3270 2282 sed
3342 2208 3433 2282 de
3525 2231 3615 2281 eo
3711 2209 3842 2304 qui

2301 2333 2414 2397 est
2480 2325 2673 2421 quis.
2764 2325 2952 2396 lllud
3028 2327 3190 2397 vult
3263 2324 3694 2398 Richardus
3770 2323 3837 2393 4.

2300 2441 2391 2514 de
2462 2441 2734 2514 Trz‘m‘t.
2812 2442 2879 2512 7.
2956 2441 3277 2527 Quando
3374 2441 3652 2538 aliquis
3734 2450 3845 2513 est

2301 2560 2527 2653 longe
2580 2582 2622 2629 a
2683 2559 2929 2652 nobiS,
2996 2558 3418 2656 quaerimus
3468 2558 3658 2655 quid
3720 2558 3839 2640 sit,

2301 2682 2373 2747 et
2441 2697 2591 2745 non
2650 2675 2883 2771 quim
2957 2698 3129 2748 cum
3199 2696 3381 2747 vero
3443 2673 3847 2770 appropin-

2302 2791 2677 2888 quaverit,
2744 2801 2816 2864 et
2895 2791 3404 2865 discernimus
3473 2791 3672 2888 quod
3735 2800 3848 2865 est

2302 2911 2558 3002 homo,
2669 2933 2816 2981 non
2901 2909 3091 3007 quid
3178 2908 3627 3006 quamtum,
3715 2909 3843 2982 sed

2301 3027 2495 3123 quia.
2611 3027 2815 3101 Idem
2900 3028 3062 3098 vult
3162 3026 3583 3119 Avicenna,
3687 3026 3846 3098 viso

2301 3143 2613 3217 animali
2709 3167 2752 3217 a
2839 3144 3171 3234 remotis,
3268 3143 3481 3242 prius
3582 3154 3843 3218 notum

2299 3271 2438 3353 est,
2524 3262 2729 3358 quod
2814 3271 2927 3335 est
3001 3286 3281 3360 corpus
3367 3284 3592 3358 quam
3676 3260 3846 3334 ani—

2302 3381 2505 3471 mal3
2591 3379 2805 3476 prius
2897 3379 3176 3453 animal
3270 3402 3497 3477 quam
3581 3380 3840 3471 homo,

2300 3495 2417 3568 vel
2483 3494 2602 3568 hic
2671 3497 2924 3567 homo,
2993 3496 3157 3566 Ens
3226 3496 3458 3591 igitur
3512 3504 3582 3569 et
3660 3495 3849 3592 quid

2297 3621 2879 3704 convertuntur,
2978 3635 3129 3684 non

2296 3730 2424 3801 sed
2554 3737 2631 3800 ut
2722 3729 3154 3802 extenditur
3248 3729 3340 3801 ad
3427 3732 3616 3825 qui-3,

2295 3843 2500 3940 quid,
2562 3843 2676 3915 vel
2749 3842 2994 3940 quale,
3057 3853 3198 3915 etc.

2391 3958 2745 4033 Secunda
2852 3958 3318 4055 comparatio
3400 3968 3513 4032 est
3586 3959 3837 4031 dicere

2295 4073 2647 4172 specifice
2709 4075 2798 4146 ad
2868 4074 3212 4167 inferiuS,
3282 4085 3350 4148 et
3419 4075 3837 4150 similitudo

2293 4201 2406 4266 est
2502 4199 2873 4288 quantum
2955 4193 3046 4266 ad
3121 4193 3262 4264 hoe
3344 4194 3544 4288 quod
3641 4196 3839 4268 sicut

2293 4309 2588 4406 species
2683 4308 2979 4399 eodem,
3081 4332 3233 4406 quo
3331 4321 3443 4384 est
3544 4313 3840 4409 species

2294 4425 2736 4516 formaliter,
2797 4433 2868 4497 et
2939 4448 3089 4521 quo
3161 4425 3387 4500 habet
3469 4428 3834 4503 unitatem

2885 4551 3263 4638 repugnat
3364 4543 3504 4616 sibi
3617 4570 3837 4641 posse

2292 4656 2525 4728 dividi
2618 4657 2687 4728 in
2788 4658 3010 4755 plura
3085 4659 3425 4754 ejusdem
3524 4662 3835 4757 speciei,

2296 4772 2677 4869 loquendo
2775 4772 2865 4843 de
2967 4772 3220 4869 specie
3317 4784 3630 4867 atoma;
3732 4777 3839 4851 sic

2293 4888 2687 4962 individuo
2766 4888 3027 4962 eadem
3108 4891 3568 4988 proprietate
3634 4894 3841 4967 indi-

2291 5006 2608 5098 viduali,
2692 5030 2844 5103 qua
2938 5016 3051 5080 est
3135 5010 3550 5082 formaliter
3639 5015 3832 5104 lnaee,

2296 5133 2668 5219 repugnat
2728 5124 2869 5195 sibi
2927 5125 3179 5197 onmis
3248 5125 3521 5200 divisio
3586 5129 3655 5201 in
3733 5132 3840 5202 in-

2293 5237 2590 5312 feriora.
2662 5239 2910 5313 Tertia
2978 5243 3447 5337 comparatio
3504 5254 3612 5318 est
3684 5247 3838 5319 for-

2295 5376 2436 5427 mae
2532 5353 2911 5451 specisscae
3016 5355 3105 5427 ad
3209 5380 3298 5429 ea
3388 5381 3562 5454 quae
3657 5372 3837 5436 sunt

2278 5468 2495 5564 juxta
2581 5493 2685 5559 se,
2787 5480 2859 5542 et
2937 5479 3122 5544 tune
3208 5473 3627 5549 similitudo
3722 5490 3837 5553 est

2289 5596 2658 5684 quantum
2740 5589 2830 5661 ad
2896 5590 3061 5673 hoc,
3133 5591 3335 5686 quod
3415 5594 3610 5667 sicut
3669 5620 3837 5693 spe-

3719 3731 3836 3802 vel

3245 3612 3433 3709 quid
3506 3613 3834 3708 proprie,
3943 3627 3954 3634 '
