4295 6326
1578 469 1804 539 DIST.
1857 470 1911 540 Ι.
1944 466 2382 547 QUAESTIO
2429 467 2550 537 IV.

436 649 733 740 eadem,
813 671 997 743 ergo
1057 646 1190 720 illa
1246 653 1504 718 manet
1570 663 1816 738 usque
1892 639 1969 712 in

432 765 668 838 finem
751 762 1204 862 prolationis
1283 759 1751 850 verborum3
1842 756 1972 830 sed

432 885 650 958 nulla
681 882 976 979 syllaba
1024 889 1280 954 manet
1320 879 1546 954 simul
1585 900 1758 951 cum
1792 875 1970 967 alia,

433 1003 615 1099 quia
647 1000 1015 1097 quaelibet
1041 1008 1155 1072 est
1177 997 1566 1094 quantitas
1597 995 1923 1068 discreta
1951 1019 1968 1083 3

434 1141 618 1211 ergo
646 1118 787 1191 ista
810 1116 1055 1188 virtus
1088 1114 1361 1209 migrat
1395 1114 1484 1186 de
1518 1111 1861 1207 subjecto
1896 1108 1971 1180 in

434 1234 894 1331 subjectum,
954 1231 1033 1305 Si
1075 1231 1172 1305 sit
1213 1230 1362 1304 alia
1393 1229 1638 1302 virtus
1678 1226 1756 1299 in
1799 1226 1976 1298 alte-

437 1375 522 1426 ra
561 1360 635 1425 et
673 1352 915 1424 altera
942 1348 1263 1446 syllaba,
1309 1371 1491 1443 ergo
1524 1346 1645 1419 vel
1698 1341 1973 1440 quaeli-

434 1471 560 1545 bet
601 1469 948 1543 causabit
986 1467 1336 1563 gratiam,
1380 1468 1500 1541 vel
1536 1465 1773 1537 nulla.

527 1589 742 1674 Item,
824 1588 1127 1660 nullum
1195 1585 1792 1659 instrumentum
1862 1597 1977 1656 est

429 1705 1032 1779 instrumentum
1157 1702 1632 1777 conveniens
1743 1700 1975 1776 alicui

430 1821 676 1918 operi,
736 1821 919 1917 quia
986 1819 1255 1894 artifex
1324 1818 1563 1892 utitur
1637 1841 1778 1911 eo;
1840 1818 1973 1892 sed

427 1937 651 2036 prius
683 1946 798 2011 est
833 1936 1013 2029 tale,
1040 1934 1341 2009 etiamsi
1373 1957 1775 2032 nunquam
1801 1933 1975 2031 quis

429 2062 778 2128 uteretur
832 2052 1016 2137 illo;
1062 2075 1246 2147 ergo
1308 2050 1520 2148 prius
1575 2061 1690 2125 est
1729 2050 1974 2124 virtus

427 2171 504 2245 in
569 2171 1096 2255 Sacramento,
1152 2167 1217 2242 si
1285 2168 1546 2266 aliqua
1584 2167 1683 2242 sit
1729 2167 1808 2240 in
1852 2191 1969 2256 ec,

427 2308 662 2382 quam
725 2283 967 2357 utitur
1005 2282 1286 2379 aliquis
1318 2294 1559 2377 e0,.et
1600 2307 1736 2381 per
1786 2308 1975 2358 con-

427 2427 764 2501 sequens
815 2404 1033 2501 prius
1072 2412 1188 2477 est
1218 2402 1464 2477 virtus
1512 2403 1591 2476 in
1637 2403 1756 2477 his
1812 2427 1977 2479 ver-

425 2520 571 2611 bis,
607 2520 749 2594 hoc
790 2526 903 2594 est
942 2542 1220 2616 corpus
1275 2542 1559 2606 meum,
1607 2520 1758 2612 vel,
1840 2544 1972 2617 eqo

427 2633 734 2732 baptizo
775 2640 875 2728 te,
932 2643 1074 2709 etc.
1114 2657 1347 2731 quam
1397 2634 1773 2710 Sacerdos
1819 2645 1975 2710 uta·

424 2762 553 2825 tur
582 2752 720 2827 eis.
776 2752 949 2826 Non
1010 2760 1126 2827 est
1172 2751 1449 2850 primo,
1508 2761 1588 2827 ut
1619 2753 1800 2828 dicit
1829 2753 1975 2829 ista

429 2867 719 2966 opinio,
759 2867 1002 2941 virtus
1033 2866 1113 2941 in
1157 2868 1418 2966 aliqua
1459 2892 1594 2966 per
1632 2869 1976 2967 applica-

430 2982 718 3058 tionem
760 2984 853 3058 ad
882 3005 1104 3080 opuS‚
1132 2992 1206 3059 et
1246 2983 1352 3057 ita
1381 3006 1523 3058 nec
1556 2984 1634 3058 iu
1668 2986 1978 3059 Eucha-

436 3097 651 3176 ristia
679 3110 1049 3200 tanquam
1080 3100 1160 3174 iu
1183 3098 1383 3198 fieri,
1409 3100 1653 3201 utipsi
1678 3101 1969 3196 dicunt,

436 3226 579 3293 etc.

534 3334 944 3428 Praeterea,
989 3333 1052 3408 si
1094 3333 1204 3409 sic
1266 3345 1493 3429 esset,
1551 3347 1734 3412 tunc
1777 3362 1974 3438 quo-

435 3449 580 3525 ties
647 3459 992 3525 uteretur
1048 3473 1162 3536 cO,
1231 3452 1456 3527 toties
1524 3465 1972 3530 causaretur

433 3566 567 3641 illa
597 3567 995 3666 dispositio
1037 3572 1648 3667 supernaturalis
1688 3572 1767 3646 in
1801 3573 1973 3648 ani-

434 3707 585 3778 ma,
630 3695 707 3760 et
758 3686 982 3761 toties
1024 3685 1239 3762 fieret
1289 3711 1574 3762 novum
1634 3690 1972 3765 miracu-

429 3801 617 3874 lum.

951 4131 1314 4189 SCHOLIUM
1355 4131 1448 4188 IV.

498 4343 757 4400 Resolvit
788 4344 1034 4415 primam
1065 4343 1470 4414 quaestionem,
1511 4344 1735 4400 scilicet
1761 4348 1967 4403 Sacra-

433 4441 624 4489 menta
649 4450 760 4490 non
786 4450 1023 4489 causare
1055 4434 1326 4505 gratiam.
1373 4451 1479 4491 nec
1509 4433 1730 4505 aliquid
1764 4454 1968 4508 super-

428 4523 717 4590 naturale,
744 4523 978 4595 physice
1009 4528 1111 4578 aut
1133 4523 1551 4596 principaliter,
1596 4541 1702 4580 nec
1748 4527 1967 4582 instru-

430 4614 809 4682 mentaliter,
850 4614 920 4669 ad
981 4630 1182 4669 eorum
1242 4620 1430 4670 tamen
1474 4615 1965 4673 ministrationem

428 4719 495 4757 ex
528 4711 691 4772 pacto
722 4702 968 4774 gratiam
1003 4706 1235 4759 causari
1296 4703 1350 4758 in
1409 4721 1521 4759 non
1582 4710 1831 4773 ponente
1853 4705 1973 4762 obi·

429 4807 570 4846 cem.
635 4791 840 4846 Probat
899 4793 1109 4862 primu,
1185 4795 1322 4864 quia
1388 4794 1581 4849 omnis
1665 4795 1969 4866 dispositio

430 4881 794 4938 necessitans
852 4883 922 4937 ad
985 4884 1253 4951 sormam,
1313 4903 1441 4958 quae
1502 4902 1614 4941 non
1674 4890 1762 4940 est
1820 4887 1969 4941 ratio

432 4972 721 5043 receptivi,
759 4979 849 5027 est
903 4974 1330 5044 quodammodo
1387 4990 1561 5031 causa
1619 4976 1803 5030 activa
1841 4977 1969 5045 ejus

430 5060 914 5128 instrumentalis,
948 5068 1005 5117 et
1053 5063 1136 5117 sic
1195 5064 1464 5118 meritum
1524 5064 1741 5119 dicitur
1792 5079 1972 5118 causa

430 5149 654 5219 praemii
686 5168 702 5217 ;
732 5151 831 5206 sed
864 5150 1219 5207 Sacramenti
1255 5151 1604 5209 ministratio
1650 5159 1739 5208 est
1773 5154 1969 5226 dispo-

429 5239 563 5295 sitio
598 5247 860 5312 reapectu
895 5243 1088 5318 gratiae
1121 5244 1484 5299 necessitans
1516 5245 1586 5300 ad
1634 5260 1782 5311 eam,
1834 5261 1969 5318 ergo

427 5328 488 5384 id
518 5329 658 5386 facit
687 5346 789 5401 per
822 5332 1086 5387 actiones
1118 5332 1411 5388 naturales
1441 5349 1508 5388 ex
1540 5339 1725 5405 pacto,
1749 5335 1972 5390 scilicet

428 5418 549 5484 Dei,
582 5421 991 5488 necessitantc,
1025 5421 1150 5477 aine
1182 5422 1297 5478 illis
1328 5423 1476 5483 aliis,
1508 5424 1775 5480 videlicet
1805 5441 1971 5480 orna-

428 5512 489 5562 tu
522 5513 580 5564 et
608 5510 817 5565 virtute
847 5510 905 5565 in
939 5516 1123 5566 motu.
1148 5512 1432 5580 Secundo,
1464 5513 1728 5569 alteratio
1762 5530 1972 5585 praece-

428 5598 571 5653 dens
605 5599 852 5654 formam
883 5600 1322 5656 substantialem
1376 5603 1722 5669 necessario,
1775 5619 1975 5673 quam-

429 5685 515 5740 vis
571 5703 689 5747 non
746 5689 1092 5745 terminetur
1148 5692 1214 5745 ad
1269 5690 1451 5762 illam,
1513 5700 1568 5747 ut
1630 5694 1699 5745 ad
1761 5709 1862 5764 per
1910 5707 1971 5747 se

3509 472 3637 537 555

2081 638 2426 704 terminum,
2459 637 2560 693 scd
2594 639 2664 694 ad
2728 638 3100 710 qualitatem,
3162 636 3377 692 dicitur
3438 642 3632 692 tamen

2082 745 2260 814 causa
2292 727 2449 784 illius
2480 729 2824 800 dispositiva
2857 739 2909 784 ct
2942 729 3123 782 activa
3156 748 3170 791 ς
3198 742 3333 799 ergo
3361 726 3633 782 similiter

2082 819 2140 871 ¹n
2183 816 2479 888 proposito
2511 817 2581 873 de
2609 821 2982 874 sacramento
3015 823 3281 888 respectu
3327 816 3553 888 gratiae.

2181 983 2638 1081 Respondeo
2697 1006 2878 1077 ergo
2957 982 3049 1056 ad
3120 982 3626 1079 quaestionem
3796 1023 3860 1087 3·

2080 1103 2438 1199 primam,
2484 1109 2555 1173 et
2623 1100 2790 1173 dico
2851 1100 3052 1197 quod
3115 1100 3429 1201 ,nullum
3486 1099 3628 1172 Sa-
3688 1136 3962 1185 nmmo

2081 1227 2555 1291 cramentum
2605 1218 2757 1290 ullo
2814 1215 3037 1288 modo
3088 1215 3244 1309 agit
3284 1215 3375 1289 ad
3419 1237 3629 1288 crea·
3661 1201 3705 1247 ³·
3735 1200 3985 1311 qgffi?‘⁵⁰‘

2079 1335 2368 1408 tionem
2402 1332 2695 1429 gratiae,
2726 1354 2866 1405 uec
2901 1330 3449 1427 principaliter,
3485 1354 3628 1403 nec

2082 1449 2793 1541 instrumentaliter,
2832 1472 2972 1522 nec
3006 1447 3447 1545 dispositive
3493 1470 3631 1544 per

2081 1568 2418 1665 aliquam
2508 1565 2889 1641 actionem
2957 1565 3628 1663 supernaturalem

2081 1686 2363 1759 virtute
2406 1682 2732 1780 alicujus
2783 1681 3098 1757 alterius
3140 1683 3232 1756 ad
3274 1681 3625 1777 gratiam.

2083 1803 2333 1877 Habet
2390 1809 2644 1876 tamen
2716 1800 3297 1875 Sacramentum
3360 1824 3668 1898 quam-.

2082 1920 2254 1994 dam
2318 1920 2696 1993 actionem
2754 1919 3211 2011 naturalem,
3284 1927 3366 1990 ut
3429 1940 3634 2014 aqua

2082 2060 2254 2110 cum
2303 2035 2555 2111 verbis
2595 2035 2675 2108 iu
2717 2035 3214 2109 Sacramento
3257 2033 3627 2130 Baptismi

2081 2149 2395 2224 abluere
2465 2151 2693 2224 habet
2756 2174 3061 2248 corpuS,
3140 2172 3316 2246 quoe
3385 2156 3632 2246 potest

2082 2267 2231 2342 dici
2300 2268 2496 2342 actio
2579 2267 3188 2344 instrumentalis
3276 2276 3628 2363 respectu

2080 2385 2376 2482 gratiae,
2448 2384 2630 2482 quia
2696 2382 3081 2480 significat
3154 2382 3628 2457 ablutionem

2081 2502 2363 2576 animae
2404 2502 2844 2576 interiorem
2877 2525 3013 2599 per
3042 2500 3393 2597 gratiam,
3452 2521 3629 2596 quae

2080 2628 2199 2692 est
2237 2618 2338 2692 ibi
2381 2618 2577 2692 actio
2645 2616 3121 2717 principalis,
3196 2625 3276 2688 ut
3325 2614 3432 2688 sic
3483 2615 3629 2688 Sa—
3683 2608 3968 2733 giggofflg

2081 2746 2561 2810 cramentum
2630 2733 2936 2832 proprie
3004 2733 3301 2806 dicatur
3367 2731 3632 2828 dispo-
3690 2736 3943 2860 fggerpuffi

2081 2852 2255 2928 sitio
2284 2852 2532 2927 activa
2556 2851 2928 2926 naturalis
2946 2858 3294 2948 respectu
3325 2849 3622 2945 gratiae,
3660 2863 3742 2910 eet
3768 2861 3959 2911 activa·

2080 2970 2399 3045 reducta
2435 2992 2617 3054 vero
2682 2968 2775 3042 ad
2844 2991 3091 3065 genus
3149 2990 3406 3041 causae
3465 2965 3632 3040 effi-

2081 3087 2400 3182 cientis,
2449 3088 2667 3175 Quod
2735 3087 3105 3185 probatur
3143 3086 3253 3160 sic
3299 3109 3314 3159 ε
3362 3084 3630 3183 Dispo-

2080 3206 2255 3282 sitio
2287 3230 2464 3305 quae
2495 3215 2610 3280 est
2636 3204 3109 3280 necessitans
3151 3203 3246 3277 ad
3281 3204 3628 3289 formam,

2080 3324 2391 3423 quando
2424 3346 2577 3397 non
2628 3332 2740 3397 est
2807 3319 3127 3419 praecise
3196 3319 3274 3393 in
3336 3320 3633 3393 ratione

2079 3441 2473 3540 receptivi,
2519 3440 2749 3515 habet
2797 3440 3057 3535 aliquo
3121 3436 3344 3511 modo
3401 3436 3636 3510 ratio-

2077 3583 2253 3634 nem
2286 3557 2688 3633 efficientis
2711 3565 3057 3653 respectu
3086 3554 3294 3628 illius
3323 3554 3627 3643 formae3

2077 3677 2463 3776 susceptio
2540 3673 3013 3751 Sacramenti
3094 3681 3209 3746 est
3273 3671 3628 3768 quaedam

2077 3793 2475 3892 dispositio
2554 3791 3028 3866 necessitans
3121 3787 3213 3861 ad
3302 3786 3622 3884 gratiam

2076 3935 2168 3986 ex
2272 3909 2623 4007 pactione
2719 3905 3007 3998 divina,
3145 3925 3299 3999 qua
3417 3901 3627 3976 Deus

2074 4025 2366 4124 pepigit
2457 4022 2814 4098 assistere
2918 4017 3460 4110 Sacramentis,
3543 4024 3625 4090 ut
3654 4018 3960 4133 Ssscssgfflgg·

2076 4146 2512 4220 conferrent
2543 4141 2747 4239 quod
2790 4139 3123 4237 signant,
3171 4147 3243 4211 et
3283 4160 3436 4210 non
3483 4138 3623 4210 ha-
3653 4150 3951 4258 tassgffigt

2075 4263 2205 4338 bet
2271 4270 2567 4337 tantum
2636 4258 3010 4333 rationem
3053 4254 3416 4353 receptivi
3458 4278 3623 4328 res-
3699 4222 3733 4272 ⁸
3930 4246 3943 4260 ’

2078 4390 2298 4479 pectu
2344 4378 2639 4476 gratiae.

2177 4495 2563 4588 Probatio,
2631 4493 2814 4592 quia
2871 4492 3070 4566 sicut
3112 4498 3184 4563 tu
3221 4489 3443 4587 ponis
3475 4488 3626 4560 vir-

2077 4624 2313 4688 tutem
2346 4613 2424 4685 in
2466 4633 2666 4708 aqua
2712 4630 2936 4707 posse
2976 4629 3234 4681 creare
3287 4604 3617 4701 aliquam

2077 4732 2656 4831 dispositionem
2752 4729 2829 4800 in
2922 4725 3178 4800 anima
3281 4722 3622 4797 effective

2079 4859 2427 4946 respectu
2473 4845 2768 4943 gratiae,
2816 4844 2918 4917 ita
2976 4865 3117 4938 ego
3153 4865 3356 4938 pono
3404 4840 3628 4913 ablu-

2076 4967 2363 5039 tionem
2419 4985 2672 5060 aquae,
2728 4970 2802 5035 et
2868 4958 3398 5031 limitationem
3477 4955 3624 5028 olei

2077 5106 2254 5157 cum
2292 5081 2546 5155 verbis
2577 5101 2746 5154 esse
2803 5075 3324 5150 immediatam
3369 5073 3630 5169 dispo-

2078 5199 2435 5273 sitionem
2513 5196 2607 5270 ad
2669 5193 2989 5291 gratiam
3078 5190 3350 5282 active,
3447 5189 3629 5286 quia

2077 5339 2231 5390 non
2278 5339 2357 5389 se
2401 5323 2664 5388 tenent
2703 5336 2794 5386 ex
2854 5319 3065 5408 parte
3121 5307 3399 5380 animae
3435 5305 3629 5378 reci-

2081 5431 2361 5529 pientis
2418 5428 2736 5527 gratiam
2777 5455 2796 5522 3
2833 5427 3008 5500 licet
3057 5423 3257 5499 enim
3338 5421 3626 5495 ablutio

2079 5547 2178 5621 sit
2208 5546 2464 5644 passio
2516 5554 2862 5642 respectu
2910 5539 3278 5638 corporis,
3316 5560 3469 5610 non
3512 5545 3630 5609 ta·-

2079 5686 2259 5738 meu
2303 5670 2653 5760 respectu
2695 5658 2990 5756 gratiae,
3061 5656 3192 5730 sed
3258 5662 3371 5729 est
3426 5675 3633 5750 quae-
