4295 6326
673 429 805 497 514

2096 403 2336 475 LIBRI
2386 402 2507 471 111.

679 623 910 696 quam
974 595 1408 669 intellectus
1441 585 2015 663 addictandum
2052 610 2070 675 3
2119 604 2228 655 er-
2338 570 2783 657 voluntatiS,
2830 589 3007 666 quae
3048 570 3362 665 possent
3404 556 3546 634 sibi
3601 554 3881 641 inesse,

682 740 778 812 go
821 720 1069 810 potest
1101 734 1191 783 ex
1235 703 1668 803 frequentia
1708 710 2018 777 actuum
2061 722 2231 771 suo-

685 855 857 905 rum
926 828 1261 925 aliquem
1332 822 1676 897 habiturn
1771 817 1914 893 sibi
1993 837 2233 911 gene-

692 972 886 1023 rare.

475 1062 540 1129 9·
791 1066 1007 1154 Item,
1081 1085 1171 1135 ex
1217 1057 1958 1153 Philosophopatet
2030 1047 2235 1148 quod

344 1175 664 1307 quxiitiisstiziii
695 1180 1054 1282 proprius
1118 1187 1361 1268 actuS,
1422 1174 1513 1248 ad
1557 1195 1785 1269 quem
1843 1168 2241 1243 ordinatur

354 1305 660 1356 necessnas.
695 1301 966 1384 virtuS,
1013 1305 1127 1370 est
1156 1291 1452 1368 electio.
1511 1288 1835 1363 Habitus
1877 1283 2243 1359 definitur

699 1441 834 1516 per
875 1425 1090 1489 actus
1130 1408 1509 1509 proprios,
1568 1415 1642 1481 et
1681 1404 1925 1477 virtus
1965 1400 2245 1475 dicitur

710 1532 1018 1607 *inbitus
1068 1526 1463 1613 electivuS,
1515 1548 1611 1598 ρας
1649 1524 1719 1594 2.
1767 1521 2023 1595 ΕιΙιὶσ.
2072 1542 2237 1617 cap.

706 1655 777 1725 2.
836 1649 1125 1725 Electio
1173 1655 1421 1721 autem
1477 1652 1590 1718 est
1630 1652 1843 1717 actus
1885 1641 2247 1714 volunta-

707 1768 832 1861 tis,
887 1764 1069 1863 quia
1126 1772 1238 1837 est
1292 1770 1506 1835 actus
1564 1757 1806 1855 ipsius
1864 1754 2248 1854 appetitus

711 1903 1197 1979 consequens
1226 1875 1883 1966 deliberationem,
1922 1896 2095 1970 quae
2137 1881 2252 1946 est

708 2004 1069 2077 voluntas
1112 2026 1131 2092 3
1203 1996 1437 2092 igitur
1511 1994 1755 2067 virtus
1812 2000 1925 2067 est
1980 1990 2055 2062 in
2111 2014 2252 2063 vo-

705 2121 1027 2209 luntate,
1074 2114 1150 2187 in
1195 2136 1345 2210 qua
1401 2121 1514 2185 est
1554 2120 1769 2185 actus
1818 2107 2012 2204 ejuS‚
2075 2127 2252 2202 quae

356 2244 672 2358 fflgcffiug}
705 2245 820 2310 est
860 2235 1158 2308 electio.
1210 2228 1403 2302 Nam
1470 2228 1562 2302 de
1628 2226 1819 2300 bono
1872 2223 2253 2320 simplici-

446 2371 585 2419 tatis·
705 2361 841 2438 ter,
903 2351 996 2423 ad
1031 2347 1234 2446 quod
1279 2345 1831 2420 determinatur
1863 2343 2247 2434 voluntaS,

379 2446 647 2569 atilli&
710 2465 1144 2563 {equivocat
1285 2470 1825 2555 argumentum
1944 2467 2251 2531 contra-

417 2567 635 2608 ΜΨ·
708 2585 938 2675 rium,
999 2580 1182 2677 quia
1240 2578 1529 2651 bonum
1596 2575 2068 2673 simpliciter,
2129 2576 2250 2648 vel

708 2700 1080 2798 accipitur
1125 2691 1203 2770 ut
1244 2693 1741 2790 distinguitur
1782 2703 2047 2767 contra
2112 2693 2254 2767 bo-

710 2842 897 2893 num
954 2837 1362 2913 apparenS,
1422 2822 1496 2885 et
1547 2811 1655 2885 sic
1719 2836 1871 2884 non
1943 2820 2056 2885 est
2115 2835 2255 2884 vo-

710 2938 967 3010 luntas
1035 2928 1536 3004 determinata
1578 2928 1670 3002 ad
1727 2927 2012 3002 bonum
2066 2927 2254 3001 sim-

712 3050 1011 3149 pliciter
1051 3069 1189 3143 pro
1230 3054 1425 3118 statu
1472 3043 1647 3136 viae,
1686 3043 1867 3139 quia
1907 3042 2015 3117 sic
2057 3052 2258 3117 esset

711 3163 1168 3243 naturaliter
1209 3160 1661 3236 confirmata
1707 3160 1782 3233 in
1827 3161 2055 3235 bono.

815 3284 893 3358 Si
969 3281 1302 3378 primum
1380 3278 1761 3375 objectum
1833 3277 1999 3374 ejus
2056 3277 2261 3350 ada}-

718 3413 1038 3502 quatum
1119 3406 1319 3472 esset
1401 3397 1685 3471 bonum
1775 3419 2071 3482 verum,
2154 3394 2262 3468 sic

721 3540 876 3591 non
947 3522 1205 3612 posset
1264 3535 1345 3585 33
1387 3509 1795 3585 extendere
1837 3510 1930 3583 ad
1973 3509 2262 3583 bonum

723 3653 1131 3730 apparens,
1200 3625 1380 3724 quia
1457 3627 1669 3699 nulla
1738 3624 2073 3722 potentia
2130 3648 2270 3722 po-

727 3757 872 3822 test
930 3768 1011 3818 se
1100 3741 1507 3817 extendere
1608 3740 1803 3814 ultra
1884 3740 2267 3835 objectum

730 3883 1139 3939 commune
1174 3858 1316 3932 sibi
1359 3859 1875 3954 adaequatum.

446 4008 651 4082 sonna:
827 3983 995 4057 Alio
1043 3981 1266 4053 modo
1326 3977 1697 4074 accipitur
1765 3975 2044 4050 bonum
2100 3975 2278 4048 sim·

389 4069 702 4207 tgifnffiffiii·
724 4101 1058 4201 pliciter,
1123 4108 1201 4171 ut
1256 4096 1753 4192 distinguitur
1806 4104 2071 4168 contra
2135 4095 2277 4168 bo-

386 4202 704 4307 ⁰¹¹⁰‘25‡¹,m¹'
738 4244 922 4294 num
972 4227 1051 4291 ut
1092 4238 1327 4308 nune,
1382 4215 1544 4289 sive
1615 4213 2131 4309 singulariter,
2206 4221 2280 4286 et

738 4336 847 4410 sic
915 4336 1113 4408 bene
1191 4342 1304 4406 est
1382 4332 1737 4404 voluntas
1813 4330 1904 4403 ad
1988 4330 2277 4402 bonum

740 4449 1191 4548 simpliciter
1250 4446 1778 4538 determinata,
1870 4444 2051 4542 quia
2120 4469 2283 4518 res-

744 4567 925 4666 picit
965 4566 1253 4638 bonum
1318 4563 1395 4635 in
1461 4562 1903 4650 universali,
1940 4562 2132 4636 sicut
2170 4561 2285 4636 vis

744 4679 1312 4781 apprehensiva
1370 4703 1638 4752 verum
1686 4678 1760 4751 in
1836 4678 2279 4752 universali.

846 4803 936 4874 Et
976 4797 1156 4895 quia
1200 4797 1443 4894 primo
1481 4795 1703 4869 modo
1748 4796 2100 4869 voluntas
2130 4817 2283 4868 non

749 4915 1248 4991 determinate
1306 4913 1610 5011 respicit
1650 4913 1937 4987 bonum
1992 4911 2292 5009 simpli-

749 5034 962 5124 citer,
1049 5031 1254 5127 quod
1322 5041 1433 5103 est
1502 5029 1926 5103 secundum
2009 5038 2288 5103 rectam

750 5149 1153 5239 rationem,
1232 5146 1399 5220 ideo
1496 5145 1932 5219 necessario
2003 5145 2294 5239 indiget

749 5265 1008 5361 aliquo
1069 5260 1625 5335 determinante
1695 5260 1894 5334 intra
1936 5285 2043 5348 se,
2113 5259 2296 5356 quia

752 5382 970 5473 ratio,
1038 5390 1117 5453 ut
1180 5388 1571 5452 ostensum
1635 5387 1775 5470 est,
1859 5402 2011 5450 non
2078 5375 2296 5452 sufli-

752 5499 1044 5572 cienter
1103 5496 1584 5577 determinat,
1646 5520 1785 5569 nec
1841 5505 2104 5568 causat
2154 5494 2296 5568 ali-

751 5640 945 5714 quas
1006 5615 1377 5715 perfectas
1436 5597 1915 5687 conditiones
1975 5613 2047 5685 in
2122 5622 2293 5686 actu

2341 693 2609 770 habitu
2666 688 2964 764 virtutis
3006 709 3157 760 non
3204 680 3685 757 inexistente.

2887 916 3245 977 SCHOLIUM
3287 915 3359 971 11.

2419 1076 2665 1133 Ducitur
2687 1074 2944 1131 secunda
2977 1070 3122 1127 ratio
3152 1074 3219 1124 D.
3264 1065 3496 1122 Thomae
3552 1062 3623 1117 ad
3666 1057 3892 1131 opposi-

2348 1175 2498 1238 tum,
2530 1168 2658 1222 ideo
2689 1166 2841 1221 enim
2865 1171 3003 1235 ‚eget
3034 1160 3307 1216 voluntas
3342 1156 3578 1221 virtute,
3634 1156 3698 1207 ut
3738 1154 3891 1205 recte

2350 1275 2413 1315 se
2441 1256 2811 1323 determinet,
2845 1252 2984 1325 quia
3016 1250 3197 1306 libera
3226 1252 3318 1304 cst
3349 1246 3418 1301 ad
3454 1248 3625 1307 recte,
3661 1241 3745 1296 vel
3775 1255 3888 1295 non

2351 1351 2506 1404 recto
2538 1362 2603 1402 se
2642 1341 3180 1409 determinandum,
3230 1343 3282 1392 et
3334 1350 3520 1391 causae
3571 1327 3893 1397 naturales,

2353 1436 2492 1508 quia
2538 1437 2737 1490 carent
2806 1432 2907 1485 hac
2959 1429 3249 1491 libertate,
3315 1423 3528 1478 virtute
3560 1437 3673 1475 non
3702 1420 3894 1490 egent.

2352 1524 2540 1581 Tertia
2569 1523 2715 1577 ratio
2745 1521 2871 1593 ejus
2903 1519 2952 1575 si
2979 1515 3151 1583 valet,
3184 1511 3500 1575 concludit,
3555 1524 3659 1565 nec
3710 1505 3893 1561 cbari-

2352 1620 2556 1679 tatcm,
2586 1628 2688 1668 nec
2721 1625 2882 1682 spem
2943 1606 3245 1680 ponendas
3295 1619 3423 1659 esse
3481 1601 3538 1655 in
3578 1598 3897 1665 voluntate,

2358 1705 2494 1779 quia
2524 1703 2712 1760 omnis
2742 1700 2975 1756 babitus
3009 1697 3259 1755 inclinat
3293 1711 3395 1767 per
3444 1691 3683 1748 modum
3734 1694 3898 1744 natu·

2357 1812 2454 1862 rae,
2516 1803 2704 1849 tamen
2764 1805 2963 1846 earum
3031 1795 3195 1843 actus
3254 1791 3424 1841 erunt
3474 1780 3634 1837 liberi
3678 1778 3899 1834 ratione

2358 1899 2545 1939 causae
2580 1878 2938 1954 principalis,
2972 1875 3020 1932 si
3054 1880 3144 1931 est
3198 1874 3403 1929 libera.
3463 1872 3677 1935 Quarta
3726 1867 3896 1923 etiam

2360 1972 2499 2029 ratio
2529 1977 2619 2028 est
2650 1972 2719 2026 ad
2745 1968 3098 2041 oppositum,
3134 1964 3273 2037 quia
3317 1963 3374 2019 in
3421 1960 3716 2017 voluntate
3764 1960 3901 2012 sunt

2360 2064 2683 2137 passiones⁹
2743 2070 2796 2115 et
2854 2059 2981 2129 ipsa
3056 2053 3495 2112 convenientius
3568 2049 3901 2105 moderatur

2360 2155 2663 2229 passiones
2694 2148 3010 2224 appetitus,
3042 2146 3196 2219 quod
3229 2142 3448 2216 optimc
3478 2140 3824 2213 explicatur.

2458 2327 2825 2405 Similiter
2878 2333 3133 2400 autem
3167 2345 3259 2396 ex
3291 2319 3541 2393 medio
3585 2315 3900 2390 alterius
3933 2403 4013 2453 Ad
4035 2288 4231 2453 :roim

2360 2447 2680 2523 rationis
2723 2442 2967 2539 magis
3007 2437 3395 2514 concludit
3427 2432 3895 2533 oppositum,
3931 2471 3979 2517 2,
4013 2467 4071 2516 ι),
4150 2466 4246 2514 110.

2361 2588 2535 2640 nam
2606 2561 2788 2660 quia
2840 2558 3196 2631 voluntas
3256 2551 3483 2626 habet
3533 2560 3784 2624 actum
3829 2555 3902 2620 et
3935 2542 4261 2655 Aggffi’m.

2361 2675 3078 2757 determinationem
3119 2680 3336 2746 actus
3390 2669 3464 2742 in
3529 2673 3900 2765 potestate
3935 2653 4264 2767 utgffletssg

2361 2822 2530 2890 sua,
2591 2795 2762 2869 ideo
2806 2799 3052 2890 potest
3109 2812 3189 2862 se
3242 2787 3478 2861 libere
3541 2781 3905 2857 determi-
3934 2780 4266 2894 33:⁸35&-

2363 2938 2547 2989 nare
2581 2912 2673 2986 ad
2707 2911 3026 3000 bonum,
3062 2907 3182 2979 vel
3212 2903 3305 2978 ad
3342 2903 3657 2993 malum,
3705 2909 3903 2978 recte

2362 3033 2485 3106 vel
2558 3052 2707 3102 non
2766 3035 2993 3101 recte.
3061 3022 3239 3095 Ideo
3296 3019 3582 3115 indiget
3627 3016 3906 3089 virtute

2367 3145 2813 3229 inclinante,
2888 3151 2966 3215 ut
3030 3148 3230 3214 recte
3291 3135 3909 3224 determinetur3

2369 3265 2498 3342 sed
2544 3286 2697 3336 non
2743 3260 2850 3335 sic
2892 3267 3006 3334 est
3046 3254 3634 3330 determinatum
3677 3273 3917 3347 agens

2372 3383 2748 3467 naturale,
2794 3377 3000 3476 quod
3034 3374 3140 3449 sic
3175 3383 3287 3449 est
3327 3370 3920 3446 determinatum

2372 3526 2466 3578 ex
2507 3524 2587 3575 se
2629 3498 2723 3573 ad
2766 3519 3039 3583 unum,
3079 3492 3285 3591 quod
3329 3514 3479 3564 non
3532 3496 3783 3587 potest
3841 3508 3922 3559 33

2373 3616 2884 3695 determinare
2945 3614 3039 3687 ad
3082 3610 3519 3710 oppositum
3560 3635 3576 3696 ;
3643 3618 3714 3682 et
3756 3606 3927 3679 ideo

2377 3737 2555 3811 licet
2622 3729 3178 3807 determinetur
3235 3752 3327 3803 ex
3367 3751 3447 3801 33
3509 3722 3929 3799 formaliter

2377 3878 2515 3952 per
2555 3852 2876 3926 formam
2936 3845 3386 3921 naturaliter
3426 3843 3925 3916 inclinantem

2380 3969 2474 4043 ad
2539 3990 2807 4057 unum,
2879 3974 3134 4038 tamen
3203 3959 3512 4034 aliunde
3584 3954 3934 4031 determi-

2382 4093 2609 4159 natur
2679 4081 3052 4172 ess'ective‚
3127 4077 3419 4152 scilicet
3499 4075 3594 4150 ab
3664 4070 3935 4170 impri-

2389 4212 2640 4277 mente
2695 4199 2840 4274 sibi
2908 4206 3159 4271 actum
3222 4195 3586 4293 primum,
3641 4215 3732 4265 ex
3780 4213 3936 4285 quo

2386 4318 2839 4394 naturaliter
2878 4314 3227 4411 sequitur
3268 4322 3484 4387 actus
3515 4306 3933 4397 secundus,

2390 4447 2461 4511 et
2520 4436 2734 4508 nullo
2794 4432 3014 4505 modo
3084 4428 3523 4528 oppositum
3577 4425 3743 4521 ejus
3801 4435 3941 4520 p'er

2391 4585 2499 4635 33.

2493 4675 2640 4750 Sed
2695 4675 3052 4747 voluntas
3112 4695 3203 4744 ex
3263 4693 3343 4744 se
3386 4664 3947 4743 determinatur

2396 4791 2768 4883 effective,
2835 4799 2914 4862 ut
2966 4788 3132 4886 ipsa
3190 4796 3304 4861 est
3371 4794 3587 4858 actus
3648 4781 3949 4880 primus

2398 4910 2492 4984 ad
2578 4918 2829 4982 actum
2912 4905 3343 4980 secundum
3423 4898 3954 4975 indifferenter

2400 5050 2479 5101 33
2551 5025 2846 5098 habens
2901 5022 2993 5097 ad
3065 5023 3236 5113 hoc,
3298 5021 3414 5094 vel
3476 5015 3948 5116 oppositum,

2400 5152 2473 5217 et
2541 5141 2713 5214 ideo
2782 5151 2866 5214 ut
2947 5138 3454 5213 determinate
3541 5134 3959 5207 inclinetur

2400 5268 2629 5349 recte,
2677 5265 2973 5353 oportet
3020 5264 3099 5328 ut
3153 5279 3288 5352 per
3329 5251 3778 5328 exercitium
3841 5272 3959 5324 ac-

2402 5386 2524 5450 tus
2555 5374 2903 5472 acquirat
2959 5373 3325 5468 majorem
3374 5367 3954 5444 inclinationem

2401 5494 2494 5568 ad
2569 5517 2797 5566 unam
2861 5501 3183 5589 partem,
3237 5488 3441 5587 quod
3493 5496 3607 5562 est
3663 5484 3952 5560 habere

2402 5612 2775 5685 habitum.
