4295 6326
463 1491 532 1561 7.

330 1606 414 1657 Ad
440 1620 501 1658 ar
540 1621 649 1659 um.

336 1674 358 1719 1
504 1620 536 1670 g
547 1670 556 1679 '
567 1672 597 1720 d

358 1670 628 1808 ιἰῑιᾶξεὲοῖ

381 1808 612 1847 cessaria

338 1858 630 1909 voluntati.

311 3342 390 3395 Ad
441 3357 637 3397 secun-

394 3404 542 3460 dum.

667 380 797 450 396

669 581 876 651 nem,
915 558 1097 656 quia
1129 559 1302 632 facit
1333 557 1668 633 animam
1691 554 1853 628 Deo
1886 559 2208 648 gratam.

672 676 1026 749 Essentia
1101 686 1356 751 autem
1418 674 1706 764 divina,
1762 670 1933 744 licet
2005 666 2218 740 unita

673 790 770 864 sit
829 791 1138 886 animae,
1196 792 1379 892 quia
1432 815 1585 864 non
1640 798 1754 864 est
1813 782 2215 884 dispositio

680 904 964 979 animae
1005 906 1282 979 Christi
1329 903 1746 979 formaliter
1787 901 2211 989 inhaerenS,

675 1042 816 1094 nec
850 1030 1097 1118 potest
1136 1044 1332 1109 esse,
1373 1044 1521 1093 non
1572 1026 1822 1116 potest
1877 1014 2214 1090 animam

676 1136 957 1211 Christi
994 1137 1402 1236 disponere
1439 1135 1860 1229 formaliter
1892 1132 2024 1208 tali
2059 1130 2220 1204 dis-

678 1252 1108 1350 positione;
1146 1279 1330 1353 ergo
1383 1252 1717 1329 charitas
1774 1260 1888 1325 est
1956 1248 2026 1323 ei
2095 1270 2225 1321 ne-

683 1370 1020 1445 cessaria
1059 1371 1153 1444 ad
1196 1373 1422 1446 talem
1467 1367 2020 1468 operationem.

783 1487 894 1560 Ad
965 1488 1328 1586 primum,
1396 1486 1675 1561 dicitur
1742 1484 1947 1583 quod
2015 1483 2226 1557 Deus

689 1604 1030 1679 continet
1088 1605 1517 1680 eminenter
1566 1627 1870 1678 omnem
1934 1602 2228 1699 perfec-

690 1719 1006 1813 tionem,
1039 1720 1210 1795 ideo
1245 1731 1502 1818 posset
1543 1719 1787 1794 active
1829 1718 2225 1798 elicerein

687 1838 1084 1910 voluntate
1118 1836 1491 1934 quidquid
1526 1842 1782 1933 posset
1824 1857 1995 1908 cum
2041 1835 2228 1907 cha-

691 1953 936 2027 ritate.
988 1953 1065 2025 Id
1109 1962 1362 2027 autem
1408 1952 1756 2026 absolute
1797 1950 1995 2043 dion,
2042 1950 2227 2047 quia

688 2092 861 2143 cum
898 2069 1231 2143 essentia
1270 2067 1532 2143 divina
1566 2092 1713 2141 non
1761 2076 2007 2164 potest
2055 2089 2225 2141 esse

686 2184 1150 2283 principium
1202 2184 1477 2281 agendi
1541 2185 1853 2258 formale
1914 2183 2058 2280 ipsi
2101 2207 2227 2256 vo-

671 2299 983 2390 luntati,
1021 2300 1332 2374 etDeus
1366 2299 1474 2373 sic
1529 2321 1651 2372 res
1709 2297 2213 2387 administrat,

684 2416 1112 2490 secundum
1145 2414 1661 2511 Augustinum
1697 2414 1767 2486 7.
1815 2413 1907 2487 dc
1944 2414 2224 2490 Civita-

683 2538 755 2606 te
780 2530 960 2625 Dei,
992 2555 1157 2630 cap.
1205 2531 1325 2605 30.
1403 2540 1483 2606 ut
1557 2531 1908 2629 proprios
1971 2541 2222 2606 motus

680 2671 811 2723 eas
865 2670 1091 2744 agere
1159 2648 1386 2741 sinat,
1448 2645 1620 2722 ideo
1675 2646 2007 2723 charitas
2083 2671 2221 2722 ne-

681 2765 1013 2839 cessaria
1045 2773 1160 2863 est
1214 2764 1621 2858 voluntati,
1670 2773 1751 2838 ut
1789 2763 1887 2838 sit
1943 2764 2013 2839 ei
2060 2765 2219 2840 for—

678 2881 901 2955 malis
955 2881 1147 2955 ratio
1217 2879 1496 2978 agendi
1554 2881 1784 2955 talem
1843 2880 2216 2978 operatio-

678 3020 854 3072 nem
886 2996 1347 3085 heatificam,
1403 2996 1587 3094 quia
1636 2996 1993 3071 voluntas
2055 3021 2212 3071 non

675 3127 878 3193 esset
917 3117 1233 3192 omnino
1289 3118 1621 3216 perfecta
1679 3115 1846 3192 sine
1892 3117 2215 3192 charita-

670 3244 770 3309 te.

768 3351 880 3425 Ad
929 3350 1353 3426 secundum
1413 3350 1609 3437 dico,
1673 3350 1736 3424 si
1796 3349 1923 3425 ille
1991 3361 2209 3427 actus

667 3467 1069 3543 beatificus
1127 3468 1223 3542 sit
1288 3491 1333 3542 a
1407 3469 1802 3543 voluntate
1872 3468 2202 3565 elicitus,

665 3586 1020 3660 educitur
1072 3585 1165 3659 de
1206 3584 1546 3682 potentia
1575 3584 1906 3658 naturali
1941 3587 2209 3659 volun-

662 3703 883 3796 tatis3
920 3724 1062 3776 nec
1121 3700 1472 3800 sequitur
1518 3701 1722 3798 quod
1764 3701 1861 3775 sit
1902 3711 2208 3777 natura-

660 3819 782 3914 lis,
844 3818 1026 3917 quia
1083 3840 1381 3891 summe
1447 3816 1862 3891 inclinatur
1936 3841 2205 3894 secun-

655 3936 839 4010 dum
915 3943 1267 4009 naturam
1358 3957 1578 4008 suam
1665 3932 1743 4008 in
1816 3958 2199 4010 summam

658 4052 1237 4151 perfectionem,
1301 4075 1532 4151 quam
1602 4060 1857 4127 tamen
1915 4054 2198 4131 habere

659 4192 815 4243 non
893 4179 1142 4267 potest
1217 4192 1310 4244 ex
1376 4167 1591 4267 puris
1685 4171 2193 4267 naturalibus,

2043 373 2285 443 LIBRI
2331 371 2454 442 111.

2328 545 2817 619 dilectionem
2896 539 3463 640 praesupposita
3560 537 3710 612 fide
3785 537 3862 609 in
3901 530 4240 658 Affiin‘ssissm

2322 664 2644 755 viatore,
2689 662 2798 736 sic
2865 661 3171 736 videtur
3236 659 3521 732 habere
3591 656 3681 729 ad
3749 678 3867 729 ac·
3899 659 4234 770 arffigffffii-

2325 792 2487 855 tum
2522 778 2904 854 fruitionis
2946 774 3510 874 praesupposita
3586 773 3865 871 perfec·
3897 783 4202 895 ‘⁵233ss

2326 909 2401 973 ta
2458 898 2754 972 visione
2796 895 3110 995 patriae3
3149 894 3278 969 sed
3324 893 3679 968 voluntas
3710 890 3864 964 via·
3937 882 4198 983 habuisse

2329 1017 2513 1091 toris
2545 1039 2696 1088 non
2735 1012 3057 1111 requirit
3114 1010 3487 1095 habitum,
3526 1018 3610 1083 ut
3658 1008 3866 1081 frua-
3955 973 4203 1084 {2²3¹}ss

2327 1141 2453 1208 tur
2474 1132 2678 1207 bono
2711 1139 3019 1205 ostenso
3062 1126 3205 1202 sibi
3242 1150 3376 1224 per
3424 1124 3681 1218 fidem,
3728 1125 3862 1199 sed

2330 1250 2497 1324 sine
2556 1248 2923 1323 charitate
2968 1249 3215 1344 potest
3267 1242 3411 1317 frui
3448 1242 3576 1315 tali
3612 1241 3862 1337 bono;

2331 1391 2541 1465 ergo,
2580 1375 2722 1441 etc.
2758 1364 3007 1460 Major
3046 1371 3160 1437 est
3200 1360 3517 1436 evidens
3566 1383 3659 1435 ex
3703 1384 3870 1458 pro-

2334 1482 2681 1583 portione
2741 1490 2958 1555 actus
3012 1479 3107 1554 ad
3163 1488 3444 1552 actum.
3507 1476 3866 1552 Probatio

2337 1599 2682 1692 minoris,
2755 1597 2937 1695 quia
3013 1595 3160 1669 nisi
3248 1597 3603 1670 voluntas
3707 1595 3875 1671 sine

2334 1715 2703 1791 charitate
2773 1722 3031 1811 posset
3118 1710 3296 1784 ferri
3376 1709 3452 1782 in
3547 1711 3873 1804 bonum,

2333 1834 2454 1906 vel
2491 1830 2634 1905 frui
2667 1830 2869 1905 bono
2913 1828 3058 1903 sibi
3106 1837 3414 1902 ostenso
3468 1850 3603 1924 per
3643 1827 3876 1900 fidem

2335 1949 2767 2031 informem,
2841 1956 3097 2044 posset
3145 1945 3317 2044 quis
3389 1946 3668 2020 habere
3723 1970 3879 2021 cer-

2334 2066 2768 2157 titudinem,
2814 2064 3123 2161 quando
3182 2074 3297 2137 est
3346 2063 3422 2134 in
3472 2064 3868 2148 charitate,

2334 2193 2406 2257 et
2438 2182 2745 2280 quando
2784 2206 2965 2275 non,
3012 2180 3195 2276 quia
3238 2179 3548 2276 quando
3591 2180 3892 2276 aliquis.

2331 2310 2548 2374 actus
2636 2323 2788 2372 non
2846 2307 3092 2395 potest
3159 2296 3423 2370 haberi
3483 2296 3649 2371 sine
3745 2297 3876 2370 ali-

2331 2439 2485 2514 quo
2574 2414 2953 2514 principio
3044 2413 3406 2507 elicitivo,
3478 2413 3731 2488 sciens
3789 2438 3869 2489 se

2328 2556 2552 2631 posse
2598 2532 2806 2606 exire
2858 2530 2934 2604 in
2996 2530 3211 2603 illum
3275 2538 3559 2623 actum,
3606 2530 3747 2604 scit
3786 2555 3866 2605 se

2328 2650 2611 2725 habere
2658 2647 3124 2747 principium
3172 2646 3621 2741 elicitivum,
3687 2648 3870 2745 quia

2327 2790 2481 2841 non
2563 2773 2810 2864 potest
2875 2763 3052 2838 sciri
3127 2773 3383 2837 utrum
3453 2773 3658 2838 astra
3715 2764 3869 2839 sint

2323 2882 2566 2981 paria,
2604 2884 2726 2957 vel
2782 2880 3133 2979 imparia,
3197 2880 3363 2955 sine
3434 2880 3686 2956 medio
3741 2882 3867 2957 de-

2324 2999 2856 3093 monstrativo,
2893 2998 3063 3073 ideo
3116 2996 3548 3095 percipiens
3592 3021 3673 3073 se
3705 3022 3861 3073 non
3910 3051 3921 3061 ·

2321 3142 2546 3217 posse
2589 3117 2666 3192 in
2701 3117 2919 3192 illum
2980 3125 3266 3209 actum,
3338 3115 3478 3191 scit
3554 3139 3636 3192 se
3705 3142 3859 3193 non

2319 3235 2604 3311 habere
2647 3234 3017 3326 medium,
3063 3242 3138 3307 et
3193 3232 3258 3306 si
3301 3233 3731 3331 perciperet
3774 3259 3855 3312 se

2316 3376 2541 3452 posse
2592 3352 2800 3427 exire
2868 3351 2943 3423 in
2999 3359 3252 3424 actum
3312 3349 3600 3425 sciendi
3643 3352 3851 3427 illam

2313 3469 2921 3555 conclusionem,
2958 3466 3183 3541 sciret
3216 3489 3296 3541 se
3366 3468 3649 3544 habere
3704 3494 3853 3545 me-

2312 3587 2567 3680 dium;
2612 3610 2795 3682 ergo
2831 3584 2894 3659 si
2942 3584 3201 3657 nullus
3242 3595 3497 3681 posset
3548 3586 3693 3660 frui
3726 3587 3852 3662 bo-

2313 3727 2410 3776 no
2445 3702 2588 3776 sibi
2623 3711 2933 3776 ostenso
2975 3697 3362 3797 perfidem
3406 3699 3843 3799 informem,

2311 3818 2459 3893 nisi
2506 3818 2825 3894 haberet
2874 3817 3354 3911 charitatem,
3390 3842 3561 3893 cum
3610 3823 3849 3918 possit

2307 3937 2502 4014 scire
2545 3936 2853 4034 quando
2894 3934 3100 4008 elicit
3130 3942 3383 4008 actum
3431 3935 3840 4034 fruitionis,

2308 4063 2381 4131 et
2408 4053 2719 4153 quando
2781 4054 3260 4149 non,‘posset
3312 4052 3505 4127 scire
3533 4056 3842 4151 quando

2305 4183 2419 4250 est
2459 4173 2534 4246 in
2571 4171 2966 4264 charitate,
3003 4179 3076 4246 et
3134 4171 3444 4268 quando
3473 4195 3656 4248 non.

3864 1095 3869 1101 '
3898 1097 4225 1149 haerentem.

2403 4289 2762 4365 Secundo
2796 4287 3149 4385 arguitur
3181 4288 3385 4385 quod
3419 4290 3610 4364 ratio
3645 4294 3841 4389 posi-

2302 4409 2534 4484 tionis
2567 4431 2718 4482 non
2755 4405 3169 4499 concludit,
3197 4406 3379 4505 quia
3409 4397 3837 4487 secundum

2300 4527 2759 4622 Magistrum
2803 4523 3405 4618 Sententiarum,
3449 4527 3709 4625 primo
3753 4530 3842 4604 li-

2303 4642 2435 4718 bro
2469 4645 2513 4730 ⁸,
2560 4642 2893 4716 charitas
2925 4641 3361 4715 necessaria
3392 4642 3467 4715 in
3505 4643 3630 4717 via
3684 4669 3832 4719 non
3873 4649 3893 4672 ⁶
3920 4649 4053 4699 ΒΜ·
4078 4652 4155 4700 ¹⁷·

2300 4770 2416 4836 est
2477 4759 2623 4832 nisi
2695 4759 3027 4855 Spiritus
3098 4767 3437 4852 sanctuS,
3516 4770 3591 4834 et
3678 4786 3829 4835 non

2301 4875 2586 4971 aliquis
2611 4873 2944 4948 habitus.

2394 4990 2646 5064 Tertio
2715 4989 2824 5063 sic
2871 5013 2885 5062 :
2936 4990 3138 5063 Inter
3191 4991 3509 5064 formam
3557 5002 3630 5066 et
3666 4994 3832 5089 ejus
3891 4998 4154 5053 Tertium.

2299 5104 2905 5194 inclinationem,
2953 5128 3104 5176 non
3157 5105 3495 5202 requitur
3527 5108 3832 5182 habitus

2299 5223 2643 5316 medius3
2677 5221 2807 5296 sed
2852 5219 3046 5295 velle
3086 5245 3239 5295 non
3270 5233 3384 5297 est
3428 5224 3576 5298 nisi
3609 5225 3835 5300 incli-

2299 5340 2508 5414 natio
2535 5338 2952 5413 voluntatis
2994 5337 3068 5410 in
3116 5349 3394 5426 actum,
3430 5351 3510 5415 ut
3557 5343 3838 5418 dicitur

2299 5457 2838 5548 communiter,
2924 5465 3002 5528 ut
3082 5465 3285 5554 patet
3343 5456 3417 5529 in
3493 5461 3828 5557 appetitu

2301 5573 2729 5667 sensitivo3
2793 5596 2976 5670 ergo
3027 5583 3336 5672 propter
3405 5583 3659 5650 actum
3712 5602 3837 5653 vo-

657 4292 860 4363 hanc
913 4298 1168 4362 tamen
1209 4311 1509 4362 summe
1569 4288 2019 4364 naturaliter
2075 4315 2199 4366 re-

655 4406 865 4504 cipit.
925 4404 1075 4479 Sed
1132 4403 1411 4479 dicitur
1459 4413 1675 4478 actus
1741 4416 2198 4501 supernatu-

654 4522 862 4610 ralis,
925 4531 1006 4595 ut
1053 4520 1553 4616 distinguitur
1608 4547 1653 4595 a
1709 4522 2066 4616 naturali,
2117 4535 2200 4598 ut

652 4663 790 4738 per
866 4638 1518 4735 comparationem
1607 4640 1699 4711 ad
1775 4640 2191 4736 potentiam

652 4756 731 4828 in
847 4778 1076 4853 quam
1165 4753 1554 4851 recipitur,
1643 4755 1773 4829 sed
1871 4778 2022 4828 non
2111 4756 2188 4829 in

653 4870 1228 4968 comparatione
1272 4871 1365 4945 ad
1413 4870 1839 4966 obJectum3
1899 4882 1970 4944 et
2011 4872 2194 4968 quia

654 4991 842 5063 forte
876 4987 966 5061 ad
1004 4997 1256 5060 actum
1300 4987 1518 5060 illum
1561 4986 1850 5084 indiget
1921 4998 2187 5084 poten-

653 5104 787 5198 tia,
845 5103 1129 5177 auxilio
1191 5104 1311 5175 vel
1373 5103 1631 5177 habitu
1680 5103 1854 5176 dato
1916 5127 2192 5200 super-

652 5220 1134 5313 naturaliter,
1183 5243 1334 5317 quo
1367 5229 1620 5294 tamen
1658 5219 1916 5294 habito
1955 5219 2192 5294 utitur

650 5338 992 5440 potentia
1034 5338 1483 5412 naturaliter
1529 5363 1542 5412 :

743 5456 952 5530 Tunc
982 5453 1234 5550 arguit
1267 5453 1633 5550 Magister
1684 5456 1977 5529 Alanus
2030 5454 2186 5553 pri-

648 5598 775 5648 mo
808 5573 917 5647 sic
967 5597 981 5647 :
1022 5572 1236 5647 Sicut
1282 5597 1362 5649 se
1395 5574 1625 5647 hahet
1693 5573 2049 5647 voluntas
2089 5574 2184 5649 ad

3932 4396 4133 4448 Secun-

3956 4459 4106 4511 dum.
