4295 6326
1604 366 1831 435 DIST.
1881 366 2004 433 vl.
2056 364 2474 444 QUAESTIO
2525 367 2641 434 vl.

503 545 715 643 loqui
748 546 839 621 de
882 570 1119 621 causa
1151 545 1518 638 secunda,
1564 555 1638 618 et
1679 543 1884 618 aliud
1957 544 2048 618 de

187 670 427 783 3222:ss
507 660 879 735 ministro.
928 664 1533 737 Instrumentum
1594 669 1849 734 autem
1895 683 2046 732 nen

152 793 466 859 ettduplex·
501 787 751 876 potest
793 778 994 852 sumi
1030 779 1176 852 nisi
1237 777 1674 875 dupliciter,
1724 777 1839 849 vel
1912 799 2047 874 pro

500 917 591 969 eo
626 895 829 994 quod
878 905 1169 970 tantum
1215 904 1493 988 movet,
1554 893 1735 990 quia
1788 916 2050 967 move-

500 1023 699 1088 tura
738 1013 1145 1112 principali
1216 1022 1520 1110 agente,
1554 1022 1627 1085 et
1704 1020 1817 1085 est
1882 1019 2049 1084 tan-

500 1141 661 1206 tum
709 1156 1026 1207 movens
1060 1141 1380 1205 motum.
1439 1130 2045 1203 Instrumentutn

502 1258 756 1324 autem
814 1249 1255 1346 ‘aliquando
1335 1255 1584 1346 potest
1673 1246 2045 1340 attingere

502 1369 595 1445 ad
627 1368 1130 1467 principalem
1162 1365 1537 1465 {effectum
1603 1365 2046 1463 principalis

503 1484 830 1580 agentiS,
878 1483 1059 1581 quia
1099 1493 1349 1580 potest
1406 1480 1842 1555 immediate
1903 1479 2048 1552 dis-

501 1624 789 1701 ponere
834 1600 1238 1697 adipsum,
1277 1599 1475 1673 sicut
1510 1598 1708 1672 enim
1748 1596 2039 1682 artifex,

504 1728 589 1793 ut
627 1718 837 1792 faber
869 1715 1273 1813 lignariuS,
1323 1724 1568 1813 potest
1627 1738 1762 1812 per
1819 1735 2047 1785 secu-

500 1835 671 1925 rim,
712 1845 792 1908 ut
852 1857 990 1931 per
1029 1833 1659 1923 instrumentum,
1694 1829 2045 1928 quando-

498 1976 649 2051 que
682 1951 1091 2049 disponere
1135 1949 1226 2023 ad
1290 1950 1607 2024 formam
1655 1947 2047 2046 principa-

500 2071 677 2162 lem,
712 2091 941 2165 quam
976 2066 1328 2160 intendit,
1370 2075 1448 2139 ut
1490 2065 1810 2138 formam
1845 2087 2043 2138 arca}

495 2187 617 2259 vel
652 2185 957 2276 domus,
995 2184 1099 2257 ita
1132 2183 1358 2257 etiarn
1404 2207 1540 2281 per
1582 2181 1822 2253 instru
1840 2205 2043 2254 men-

502 2311 656 2376 tum
691 2311 940 2400 potest
996 2300 1433 2374 immediate
1489 2299 1852 2373 inducere
1905 2299 2046 2372 for-

500 2443 698 2493 mam
772 2417 1275 2516 principalem
1354 2440 1585 2514 quam
1687 2415 2036 2489 intendit.

499 2535 715 2609 Patet
783 2534 873 2608 de
954 2532 1112 2625 illo,
1179 2533 1311 2629 qui
1380 2532 1817 2605 immediate
1909 2553 2046 2628 per

500 2655 1099 2726 instrumentum
1175 2650 1408 2746 sigilli
1525 2648 1816 2721 inducit
1893 2649 2046 2720 for-

502 2793 703 2844 mam
773 2777 845 2841 et
886 2766 1472 2865 impressionem
1516 2766 1683 2861 ejus
1717 2765 1792 2838 in
1839 2788 2039 2852 cera,

497 2912 729 2987 quam
774 2886 1302 2985 principaliter
1354 2885 1703 2960 intendit.
1770 2883 2048 2957 Simili-

500 3015 613 3081 ter
644 3006 1242 3079 instrumentum
1276 3003 1678 3078 monetarii
1740 3013 1880 3095 est,
1915 3023 2049 3098 per

499 3124 702 3223 quod
741 3122 987 3221 primo
1050 3132 1123 3197 et
1156 3120 1595 3195 immediate
1656 3118 2048 3193 inducitur

499 3255 574 3320 et
613 3242 1081 3341 imprimitur
1123 3241 1375 3337 imago
1407 3240 1607 3336 regis
1642 3239 1718 3311 in
1785 3262 2049 3312 mone-

499 3371 602 3455 ta,
639 3360 843 3457 quod
913 3358 1441 3457 principaliter
1517 3355 1843 3429 intendit
1900 3356 2047 3429 tale

501 3478 764 3574 agens.
802 3476 978 3549 Tale
1035 3497 1219 3570 ergo
1291 3475 1920 3565 instrumentum,
1972 3482 2050 3546 ut

501 3594 821 3693 praecise
867 3602 1157 3667 motum
1193 3615 1237 3665 a
1302 3590 1707 3690 principali
1743 3600 2044 3686 agente,

503 3712 806 3808 attingit
853 3709 1294 3785 immediate
1365 3708 1714 3784 effectum
1775 3707 2053 3805 princi·

507 3828 702 3929 palis
734 3826 1059 3924 agentis.

185 3956 432 4070 ὦῖἱῑῖξω
605 3944 776 4018 Alio
821 3941 1044 4014 modo
1077 3940 1362 4013 dicitur
1418 3939 2046 4028 instrumentum,

159 4076 460 4145 improprie
510 4065 631 4139 vel
674 4085 916 4159 agens
949 4059 1563 4149 instrumentale,
1602 4056 2047 4154 improprie,

232 4142 400 4209 ‘³⁰⁰⁶'
512 4179 716 4280 quod
788 4187 902 4253 est
977 4199 1215 4272 agens
1294 4174 1671 4272 praevium
1769 4174 2050 4246 actium

511 4296 827 4373 alterius
860 4293 1161 4389 agentis
1195 4290 1644 4388 superioris,
1691 4314 1841 4363 non
1877 4291 2054 4387 quia

509 4415 769 4512 aliquo
844 4411 1066 4484 modo
1121 4409 1551 4508 dependeat
1627 4408 1721 4482 ab
1790 4432 1879 4482 eo
1976 4409 2051 4500 in

512 4527 838 4627 agendo,
923 4525 1122 4601 sicut
1179 4525 1275 4599 ab
1336 4525 1876 4608 instrumento,
1923 4524 2055 4597 sed

512 4644 709 4720 sicut
741 4642 834 4716 ab
868 4640 1127 4737 aliquo
1162 4637 1595 4712 necessario
1625 4637 1914 4734 praevio
1963 4638 2055 4711 ad

515 4761 796 4860 ipsum.
827 4759 919 4831 Et
961 4757 1104 4830 isto
1156 4755 1375 4828 modo
1421 4755 1660 4827 forma
1702 4754 2057 4827 acciden-

515 4878 688 4952 talis
740 4873 1432 4948 instrumentaliter
1486 4872 1766 4946 dicitur
1833 4895 2059 4968 agere

517 4998 609 5071 ad
663 4992 1189 5069 inductionem
1252 4990 1513 5064 forma·
1592 4991 2062 5065 substantia-

518 5114 637 5202 lis,
712 5135 866 5186 non
960 5108 1143 5207 quia
1273 5106 1367 5181 sit
1465 5107 2060 5182 instrumentum

518 5227 965 5307 substantiae
1050 5234 1398 5323 respectu
1497 5224 1672 5298 talis
1762 5225 2057 5318 formae,

520 5349 651 5424 sed
685 5345 869 5445 quia
906 5345 1048 5419 tale
1101 5342 1484 5436 accidenS,
1550 5352 1631 5416 ut
1700 5343 2057 5439 qualitaS,

521 5475 634 5541 est
693 5459 1159 5562 principium
1255 5459 1573 5534 actionis
1663 5458 2063 5553 cujusdam

522 5582 835 5683 praeviae
868 5577 1151 5656 actioni
1178 5577 1444 5652 formae
1509 5575 2059 5652 substantialis.

3575 361 3697 429 631

2159 545 2288 618 Est
2330 544 2535 617 enim
2597 543 2925 641 qualitas
2968 566 3104 641 per
3161 565 3240 616 se
3310 562 3575 637 agens,
3631 545 3707 611 et

2160 659 2579 757 principale
2622 660 2828 734 illius
2862 660 3184 734 actionis
3252 657 3591 756 praeviae,
3630 663 3704 728 et

2156 779 2371 851 nullo
2410 778 2632 852 modo
2675 789 3022 875 respectu
3070 778 3236 874 ejus
3271 785 3382 849 est
3425 775 3703 847 instru-

2159 903 2530 988 mentum,
2567 904 2972 994 propterea
3002 894 3183 992 quia
3245 892 3507 967 unitur
3548 891 3702 964 sor-

2158 1036 2331 1105 mae,
2414 1035 2588 1109 quae
2667 1013 2729 1086 si
2789 1022 2990 1087 esset
3047 1022 3424 1109 separata,
3499 1017 3703 1083 esset

2155 1130 2620 1228 principium
2689 1131 3017 1226 alicujus
3097 1128 3443 1203 actionis.
3530 1127 3702 1223 Ipsa

2156 1246 2464 1340 quando
2494 1257 2606 1320 est
2646 1246 2720 1318 in
2759 1246 2908 1321 alio
2942 1269 3076 1344 per
3116 1269 3224 1339 se,
3261 1255 3376 1319 est
3412 1242 3702 1341 princi-

2155 1363 2367 1461 pium
2401 1363 2609 1437 illius
2685 1387 2821 1461 per
2887 1386 3022 1457 se3
3071 1362 3400 1460 qualitas
3440 1369 3697 1434 autem

2156 1481 2217 1555 si
2253 1491 2453 1555 esset
2483 1492 2861 1579 separata,
2895 1491 3155 1578 ageret
3183 1503 3317 1578 per
3349 1503 3428 1552 se
3472 1478 3561 1552 ad
3606 1478 3702 1550 il-

2157 1599 2306 1670 lam
2360 1597 2738 1671 actionem
2816 1597 3212 1695 praeviam‚
3259 1605 3333 1670 et
3394 1619 3544 1668 non
3621 1603 3701 1667 ut

2156 1713 2753 1788 instrumentum
2822 1741 2840 1807 3
2913 1712 3108 1786 actio
3206 1721 3456 1786 tamen
3567 1710 3698 1783 illa

2155 1832 2444 1930 praevia
2513 1831 2791 1906 actioni
2897 1832 3346 1906 substantiae
3442 1838 3700 1928 posset

2154 1972 2291 2047 pro
2324 1957 2535 2022 tanto
2596 1948 2746 2022 dici
2804 1949 3000 2024 actio
3055 1947 3690 2039 instrumentaliS,

2156 2069 2336 2167 quia
2371 2068 2686 2166 praevia,
2723 2075 2796 2141 et
2837 2068 3051 2140 nullo
3085 2067 3311 2140 modo
3357 2065 3538 2163 quia
3579 2074 3695 2137 at-
3791 2082 3797 2088 ·

2153 2186 2378 2281 tingit
2407 2187 2730 2262 formam
2775 2185 3382 2259 substantialem.
3671 2183 3678 2188 ’

2251 2303 2544 2398 Exque
2602 2311 2805 2398 patet
2881 2301 3085 2398 quod
3155 2300 3463 2398 quando
3517 2323 3690 2372 cum
3747 2294 4021 2344 efflue·

3724 2370 3751 2405 ο
4031 2385 4047 2395 .

2153 2419 2452 2493 actione
2517 2419 2967 2519 principalis
3017 2420 3314 2515 agentis
3383 2358 3930 2533 concur-,5332
3957 2372 4048 2533 ῗίΞ

2154 2536 2250 2609 rit
2290 2537 2484 2609 actio
2518 2536 2832 2610 alterius
2866 2537 3164 2632 agentis
3189 2536 3280 2609 ad
3340 2535 3692 2609 eumdem
3729 2552 4048 2597 strumento·

2155 2650 2537 2746 effectum,
2576 2654 2776 2750 quod
2826 2677 2976 2726 non
3010 2653 3168 2749 agit
3228 2653 3543 2750 praecise
3596 2653 3706 2723 in-

2159 2780 2532 2869 quantum
2577 2779 2952 2858 movetur‚
2988 2781 3060 2846 et
3110 2780 3223 2845 est
3262 2793 3503 2867 agens
3545 2769 3710 2842 ins-

2155 2889 2650 2978 trumentale,
2689 2888 2820 2962 sed
2892 2898 2974 2962 ut
3033 2912 3270 2984 agens
3330 2888 3709 2962 secunda-

2157 3010 2385 3101 rium,
2424 3009 2621 3082 sicut
2656 3033 2890 3082 causa
2936 3010 3269 3083 secunda
3323 3032 3560 3104 agens
3614 3009 3709 3081 ad

2157 3126 2511 3202 eumdem
2583 3124 2968 3219 effectum,
3032 3125 3125 3200 ad
3211 3147 3443 3223 quem
3553 3125 3711 3222 agit

2158 3267 2396 3339 agens
2468 3242 2921 3340 principale,
2995 3242 3192 3316 sicut
3258 3242 3460 3338 ignis
3530 3266 3703 3315 cum

2155 3361 2318 3434 Deo
2406 3359 2822 3456 requiritur
2905 3359 2998 3433 ad
3115 3358 3702 3457 productionem

2159 3477 2389 3574 igniS,
2454 3486 2527 3551 et
2581 3476 2654 3549 in
2719 3476 2852 3550 tali
2933 3485 3206 3572 agente
3287 3475 3709 3572 requiritur

2161 3596 2403 3668 forma
2492 3592 2828 3689 propria,
2892 3615 3030 3689 per
3097 3616 3327 3688 quam
3402 3592 3709 3687 attingit

2162 3708 2516 3784 effectum
2581 3708 3048 3800 immediate,
3123 3708 3183 3781 si
3280 3707 3377 3781 sit
3469 3732 3706 3802 agens

2163 3828 2539 3918 naturale,
2580 3827 2698 3899 vel
2735 3825 3084 3919 intentio,
3130 3824 3193 3898 si
3244 3825 3339 3898 sit
3385 3849 3621 3921 agens
3662 3850 3707 3900 a

2163 3941 2578 4041 proposst0.

2259 4060 2370 4133 Ad
2442 4060 2914 4157 propositum
2978 4084 3159 4155 ergo
3229 4060 3426 4153 dico,
3501 4062 3705 4156 quod
3751 4087 4040 4160 Baptizans

2168 4176 2513 4248 minister
2548 4175 2621 4248 in
2661 4186 2831 4249 actu
2901 4175 3334 4273 baptizandi
3400 4201 3551 4250 non
3595 4188 3708 4252 est
3767 4150 4025 4263 0{L⁰‡{⁰.¹'0.

2169 4303 2460 4368 tantum
2565 4316 2803 4389 agens
2899 4292 3512 4387 instrumentale,
3587 4299 3705 4371 vel
3753 4276 4043 4388 ‘'fffflsshft

2164 4412 2760 4485 instrumentum
2798 4410 3350 4508 inproferendo
3379 4413 3518 4488 ista
3549 4439 3711 4489 ver·
3760 4399 4063 4529 ἑῖῗξυῑξξξξὸ,

2165 4533 2263 4606 ba
2298 4560 2315 4624 ;
2352 4531 2482 4605 sed
2526 4541 2637 4604 est
2707 4554 2945 4626 agens
3001 4532 3300 4606 actione
3372 4535 3713 4609 humana
3861 4527 3949 4578 ‘¹⁰-

2168 4672 2341 4721 cum
2368 4647 2556 4741 Dee,
2589 4654 2669 4721 ut
2701 4670 2933 4721 causa
2955 4649 3292 4722 secunda
3316 4673 3485 4723 cum
3517 4651 3718 4748 prin-

2170 4766 2394 4864 cipali
2419 4775 2721 4862 agente,
2759 4775 2831 4839 et
2864 4790 3095 4840 causa
3127 4767 3400 4864 prima,
3438 4769 3720 4843 sicutsi

2171 4891 2432 4978 ageret
2506 4905 2679 4955 cum
2760 4906 2850 4955 eo
2916 4881 3009 4954 ad
3096 4882 3719 4959 adscribendum.

2174 4998 2550 5095 Respectu
2624 5020 2806 5093 ergo
2876 4995 3191 5070 effectus
3261 5000 3585 5074 humani
3655 5012 3730 5076 et

2176 5113 2744 5210 natu1²aliS,qui
2822 5122 2937 5188 est
2995 5114 3335 5209 abluere,
3382 5126 3456 5190 et
3497 5118 3732 5192 verba

2181 5230 2546 5327 proferre,
2612 5239 2725 5303 est
2803 5252 3036 5303 causa
3099 5232 3442 5304 secunda
3491 5256 3730 5330 agens

2180 5369 2351 5419 cum
2395 5345 2585 5438 Dee,
2623 5355 2700 5417 ut
2740 5369 2915 5419 cum
2966 5368 3201 5419 causa
3262 5347 3549 5443 prima3
3599 5351 3734 5424 sed

2183 5470 2532 5559 respectu
2633 5461 2947 5536 effectus
3052 5462 3504 5561 principalis
3620 5476 3736 5540 est

2186 5576 3298 5676 instrumentu1u,etrespectu
3356 5578 3522 5676 ejus
3579 5605 3735 5656 non
