4295 6326
684 436 767 501 18
2075 429 2317 497 LIBRI
2367 430 2452 497 ΙΙ.

683 609 1067 682 resultans
1107 631 1197 682 ex
1240 607 1450 706 ipsis.
1498 604 1822 680 Materia
1872 603 2106 700 igitur
2158 611 2233 677 et

688 724 1171 817 sorma,licet
1237 747 1392 797 non
1462 723 1615 796 sint
1672 730 1882 795 tanta
1943 720 2237 793 unitate

693 866 934 916 unum
979 841 1340 936 identice,
1377 841 1558 939 quia
1599 864 1750 914 non
1789 838 2240 938 dependen-

692 960 796 1033 tia
829 958 922 1031 ab
957 958 1287 1032 invicem
1323 958 1520 1032 sicut
1553 956 1909 1031 accidens
1967 980 2011 1030 a
2051 956 2240 1029 suh-

685 1075 917 1172 jecto,
991 1084 1246 1149 tamen
1327 1075 1587 1148 verius
1630 1073 1916 1147 faciunt
1999 1097 2237 1146 unum

699 1193 1109 1285 resultans,
1155 1200 1228 1265 et
1268 1191 1515 1286 magis
1565 1200 1743 1265 sunt
1784 1189 2242 1287 separabilia

699 1333 931 1407 quam
966 1308 1320 1383 accidens
1347 1332 1391 1382 a
1422 1308 1789 1406 subjecto.

795 1427 907 1500 Ad
969 1427 1204 1520 aliud,
1291 1427 1627 1500 concedo
1706 1425 2243 1499 universaliter

700 1542 904 1638 quod
949 1542 1147 1617 istud
1220 1552 1333 1617 est
1394 1541 1711 1616 inferius
1757 1540 1833 1613 in
1896 1539 2237 1632 entitate,

697 1660 817 1731 cni
879 1670 1254 1757 repugnat
1294 1683 1429 1757 per
1469 1684 1549 1734 se
1591 1683 1786 1752 esse,
1832 1682 2061 1755 quam
2117 1659 2238 1731 cui

697 1801 848 1850 non
895 1788 1301 1875 repugnat,
1339 1788 1411 1851 et
1445 1777 1612 1851 ideo
1655 1777 1991 1851 concedo
2034 1775 2242 1872 quod

697 1895 963 1969 relatio
1042 1905 1156 1969 est
1264 1896 1588 1969 multum
1686 1919 1823 1969 ens
1918 1893 2242 1968 inferius

339 1997 663 2125 pffiffiffffii,
698 2035 927 2109 quam
966 2012 1307 2105 materia,
1356 2012 1506 2084 imo
1558 2011 1955 2108 quodlibet
1992 2035 2240 2107 genus

344 2127 635 2237 ῑζυξξῖξζξ
697 2128 1112 2203 accidentis
1180 2137 1293 2202 est
1349 2128 1683 2224 inferiuss
1753 2127 1830 2200 in
1925 2127 2237 2202 entitate

436 2251 568 2302 ⁴¹ae-
697 2269 929 2342 quam
976 2245 1316 2320 materia.
1356 2247 1445 2318 Et
1488 2269 1660 2319 cum
1704 2244 1885 2319 dicit
1928 2247 2240 2340 Augus-

701 2362 931 2455 tinus,
966 2363 1180 2436 Deus
1217 2359 1406 2459 scell
1444 2385 1682 2435 meum
1736 2386 1983 2459 prope
2015 2362 2230 2443 nillil,

692 2500 962 2551 verum
999 2487 1132 2563 est,
1176 2476 1368 2550 nihil
1403 2486 1515 2551 est
1562 2477 2072 2575 propinquius
2116 2477 2240 2550 ni-

691 2595 847 2669 hilo
909 2596 987 2668 in
1092 2618 1374 2691 genere
1453 2594 1920 2668 Substantiae
2003 2618 2233 2691 quam

689 2713 1037 2785 materia.
1077 2711 1347 2784 Utrum
1383 2710 1669 2807 aliquid
1727 2711 2239 2809 propinquius

689 2829 932 2904 nihilo
968 2830 1043 2902 in
1087 2828 1354 2903 eodem
1411 2852 1693 2925 genere
1772 2830 2007 2927 possit
2051 2854 2239 2905 cau—

691 2948 873 3041 sari,
929 2946 1251 3020 dubium
1325 2954 1463 3019 031.
1510 2946 1822 3040 Dicunt,
1891 2950 2237 3044 Angelus

690 3072 801 3137 est
842 3062 1356 3162 propinquius
1423 3063 1613 3156 DeO,
1661 3086 1889 3161 quam
1943 3064 2234 3161 aliquid

686 3181 895 3256 aliud
966 3180 1525 3278 cujuscumque
1585 3181 1933 3276 generis;
2000 3183 2236 3278 igitur

686 3298 1008 3373 materia
1040 3298 1439 3390 remotiuS,
1477 3319 1707 3394 quam
1761 3298 2053 3395 aliquid
2093 3324 2234 3374 cu-

674 3419 1145 3514 juscumque
1222 3415 1554 3511 generis.
1616 3414 1787 3488 Non
1849 3415 2227 3512 sequitur,

683 3535 1062 3633 quialiaec
1104 3543 1217 3607 est
1293 3555 1527 3607 causa
1594 3555 1831 3630 quare
1884 3534 2229 3628 Angelus

681 3664 794 3728 est
834 3650 1374 3751 propinquius,
1413 3649 1596 3745 quia
1635 3658 1749 3722 est
1815 3651 2228 3747 perfectius

681 3793 818 3844 ens
853 3768 1077 3866 primi
1147 3765 1479 3863 generis.
1555 3764 1632 3839 Si
1690 3776 1945 3840 autem
2016 3769 2225 3843 aliud

681 3896 1160 3982 cssetgenus
1220 3882 1658 3979 perfectius,
1696 3883 1887 3955 niliil
1958 3886 2227 3982 prohi-

679 4003 894 4076 beret
968 3999 1347 4095 Angelum
1456 4020 1623 4072 esse
1711 3999 2224 4097 propinquius

675 4118 838 4192 Deo
873 4117 950 4190 in
1020 4136 1299 4211 genere
1361 4137 1525 4199 suo,
1570 4122 1644 4186 et
1708 4123 1962 4188 tamen
2015 4116 2222 4190 aliud

677 4235 993 4309 alterius
1044 4231 1350 4329 generis
1409 4231 1951 4330 propinquius.
1996 4236 2222 4311 Nunc

679 4363 935 4428 autem
979 4352 1174 4424 bene
1218 4360 1476 4447 posset
1508 4371 1675 4425 esse
1706 4348 2224 4448 imperfectius

679 4474 995 4550 alterius
1036 4470 1346 4566 generis
1380 4469 2042 4567 imperfectissirno
2093 4498 2225 4569 ge-

681 4590 890 4664 neris
925 4585 1440 4678 Substantize3
1480 4610 1632 4658 non
1681 4597 1933 4662 tamen
1977 4600 2226 4687 potest

680 4733 848 4782 csse
892 4703 1178 4801 aliquid
1226 4703 1542 4776 alterius
1583 4705 1889 4797 generis
1930 4709 2228 4805 perlec-

684 4831 831 4902 tius
878 4820 1428 4924 perfectissimo
1488 4823 1793 4917 generis
1863 4823 2230 4900 Substan-

680 4950 831 5023 tim.

449 5094 514 5163 9,
780 5067 887 5142 Ad
953 5061 1189 5154 aliud,
1244 5059 1412 5134 dico
1489 5062 1693 5159 quod
1754 5063 2224 5160 privationes

352 5211 454 5284 ,Λο
502 5215 602 5263 ter·
678 5193 1092 5265 formarum
1117 5177 1669 5252 contrariarum
1693 5204 1845 5253 non
1881 5192 2224 5281 suntnp-

343 5285 612 5388 12133383-
673 5307 969 5406 positar,
1008 5297 1155 5371 nisi
1226 5295 1380 5369 sint
1438 5295 1855 5372 formarum
1922 5302 2224 5399 opposi-

319 5402 639 5514 ¹}·‘f‚³.„s⁰0‘.}¹2¹‚‘.¹‘
675 5437 919 5499 tarum
979 5413 1412 5489 immediate
1473 5415 1675 5489 cirea
1729 5417 1957 5492 idem.
2000 5419 2218 5494 Unde

654 5543 916 5641 primo
953 5536 1042 5608 (Ιο
1081 5529 1320 5621 emto,
1381 5531 1689 5628 quando
1746 5543 1925 5607 sunt
1990 5559 2221 5633 oppo-

374 5529 594 5578 trariuin

315 5592 633 5657 qil-'luduop-

667 5659 812 5732 3110
902 5648 1338 5727 necessario
1439 5648 1884 5726 immediata
2016 5653 2217 5729 circa

364 5655 567 5715 positae.

348 1413 428 1464 Ad
460 1425 644 1463 secun-

444 1477 587 1527 dum.

2348 600 2582 699 idem,
2619 629 2772 679 non
2819 615 3067 704 potest
3118 628 3283 679 esse
3343 603 3487 677 sub
3547 599 3897 700 opposito

2349 722 2607 815 unius,
2645 723 2792 796 nisi
2831 724 2927 795 sit
2986 722 3129 796 sub
3171 722 3437 812 altere,
3503 718 3700 793 sicut
3758 741 3895 815 pa-

2345 849 2451 914 tet
2492 841 2583 914 de
2644 841 3018 939 oppositis
3063 838 3650 914 contradictorie
3683 865 3701 930 ;
3738 861 3894 910 non

2348 959 2551 1032 enim
2589 962 2761 1057 plus
2803 968 3125 1057 possunt
3190 957 3457 1053 negari
3504 956 3734 1030 simul
3801 957 3894 1030 ab

2349 1077 2646 1166 eodem,
2681 1102 2912 1176 qnam
2948 1086 3272 1175 possunt
3313 1072 3705 1148 affirmari.
3746 1073 3893 1147 Sed

2348 1216 2504 1265 non
2568 1203 2682 1267 est
2742 1193 3241 1267 contradictio
3312 1214 3596 1290 ponere
3659 1199 3895 1265 mate-

2349 1310 2538 1383 riam
2573 1310 2737 1384 sine
2771 1310 2982 1383 omni
3027 1312 3267 1384 forma
3319 1317 3669 1405 respectu
3722 1306 3891 1400 Dei,

2350 1425 2530 1522 quia
2572 1450 2727 1499 non
2761 1438 2942 1501 sunt
2972 1427 3249 1524 aliquae
3294 1427 3556 1500 formae
3591 1433 3898 1497 contra-

2351 1543 2484 1618 11εο
2547 1544 2984 1619 immediate
3042 1546 3242 1618 circa
3302 1542 3696 1617 materiam
3761 1566 3896 1616 ne-

2349 1661 2710 1735 cessario.
2759 1662 2970 1736 Licet
3003 1662 3235 1758 igitur
3265 1684 3504 1757 agens
3554 1669 3894 1733 creatum

2348 1802 2500 1850 non
2581 1778 2820 1875 possit
2888 1778 3188 1876 privare
3279 1776 3672 1850 materiam
3743 1799 3896 1850 una

2346 1895 2617 1987 forma,
2686 1896 2832 1969 nisi
2920 1896 3231 1969 inducat
3324 1894 3581 1983 aliam,
3634 1903 3891 1966 tamen

2346 2012 2819 2108 privationes
2861 2013 3203 2086 omnium
3262 2012 3678 2084 formarum
3733 2033 3888 2082 non

2344 2129 2782 2204 necessario
2844 2139 3023 2204 sunt
3076 2127 3739 2226 incompossibiles
3782 2128 3891 2201 si·-

2345 2249 2504 2320 mul
2546 2247 2622 2320 in
2658 2247 3001 2322 materia.

2439 2368 2553 2440 Ad
2597 2366 2928 2464 primum
2996 2390 3134 2464 pro
3187 2363 3548 2462 opinione
3603 2362 3883 2461 priore,

2344 2482 2512 2557 dieo
2554 2484 2758 2581 quod
2822 2482 3350 2580 {equivocatur
3415 2487 3652 2573 ασίιι3,
3705 2479 3890 2577 quia

2344 2601 2730 2699 loquendo
2783 2600 2875 2674 de
2937 2609 3139 2692 actu,
3193 2610 3273 2672 ut
3313 2622 3486 2673 cum
3548 2596 3890 2695 potentia

2344 2719 2614 2792 dividit
2653 2743 2880 2793 omne
2915 2743 3081 2811 ens,
3126 2706 3233 2792 sie
3268 2718 3435 2791 dico
3470 2716 3674 2813 quod
3721 2738 3891 2787 ma-

2342 2836 2534 2909 teria
2592 2846 2705 2909 est
2765 2835 2839 2908 in
2912 2846 3111 2924 actu,
3185 2835 3336 2906 imo
3419 2832 3888 2931 privationes

2343 2962 2523 3025 sunt
2565 2951 2692 3025 illo
2736 2952 2964 3025 modo
2999 2952 3074 3023 in
3118 2960 3318 3043 actu,
3357 2949 3539 3045 quia
3583 2948 3886 3021 caicitas

2342 3077 2652 3142 cstactu
2703 3070 2779 3142 in
2831 3069 3084 3161 oculo,
3141 3090 3294 3139 non
3376 3066 3448 3136 in
3512 3064 3877 3162 potentia,

2341 3186 2538 3260 sicut
2570 3199 2682 3262 est
2723 3211 2896 3260 cum
2930 3186 3161 3260 hahet
3201 3185 3481 3271 risum,
3517 3192 3590 3256 et
3631 3182 3739 3256 310
3772 3192 3884 3256 031

2344 3305 2684 3399 materia,
2725 3313 2806 3378 ut
2837 3302 3335 3400 distinguitur
3367 3325 3523 3375 0330
3593 3301 3672 3374 in
3713 3306 3885 3374 actea

2339 3433 2603 3497 contra
2637 3447 2793 3497 0330
2838 3425 2917 3497 in
2951 3446 3179 3496 causa
3209 3445 3372 3494 sna.
3416 3420 3581 3494 Alio
3624 3419 3877 3511 modO,

2341 3541 2726 3637 loquendo
2811 3541 2902 3614 de
2972 3548 3147 3614 actu
3216 3547 3289 3611 01
3366 3536 3731 3633 potentia,
3801 3544 3884 3609 ut

2336 3666 2545 3734 actus
2609 3660 2786 3733 dicit
2865 3669 3116 3733 actum
3200 3656 3746 3753 receptibilem,
3808 3663 3882 3728 et

2322 3777 2672 3873 potentia
2740 3777 3240 3874 receptivum,
3284 3774 3481 3848 sicut
3551 3797 3703 3846 non
3765 3783 3878 3846 est

2339 3893 2652 3968 materia
2683 3903 2924 3967 aetus,

2426 4011 2539 4084 Ad
2643 4009 2877 4099 aliud,
2986 4031 3160 4082 cum
3278 4007 3459 4080 dicit
3561 4007 4269 4142 Boetiusecsigprggdg

2331 4127 2534 4224 quod
2604 4150 2761 4200 0330
2847 4133 2959 4199 031
3030 4124 3318 4215 formae,
3411 4125 3528 4196 vel
3625 4147 3669 4197 a
3739 4124 3877 4196 for·
3974 4149 4200 4205 forma.

2329 4268 2482 4337 ma,
2645 4252 2892 4341 potest
2982 4241 3128 4315 dici
3227 4241 3430 4338 quod
3520 4241 3878 4337 intelligit

2331 4362 2535 4458 qnod
2634 4384 2862 4434 omne
2959 4384 3115 4432 0330
3209 4359 3656 4456 perfectum,
3756 4360 3874 4431 vel

2332 4488 2446 4552 est
2533 4478 2774 4575 ipsius
2833 4487 3074 4568 aetus,
3146 4477 3263 4549 vel
3346 4474 3698 4548 habentis
3765 4498 3880 4548 ac-

2332 4606 2523 4690 tum,
2625 4620 2781 4669 0330
2861 4593 3200 4668 materia}
3283 4618 3434 4666 non
3508 4604 3623 4667 est
3721 4617 3881 4690 per-

2332 4713 2667 4804 fectum,
2757 4710 2880 4783 vel
2977 4718 3136 4781 esto
3243 4707 3445 4804 quod
3563 4707 3881 4781 materia

2332 4852 2486 4900 non
2576 4827 2853 4901 habeat
2919 4848 3077 4898 0330
3146 4823 3310 4897 sine
3381 4823 3648 4917 forma,
3719 4847 3872 4896 non

2330 4954 2587 5019 tamen
2658 4940 3008 5040 sequitur
3077 4938 3264 5037 quin
3353 4939 3572 5013 aliter
3630 4948 3875 5037 potest

2330 5087 2512 5138 0330.

2425 5190 2535 5264 Ad
2634 5185 2867 5277 aliud,
2959 5182 3126 5255 dico
3227 5183 3428 5278 quod
3552 5183 3866 5260 materia
4018 5212 4164 5284 10ο

2331 5307 2559 5383 hahet
2634 5304 2881 5377 ideam
2962 5299 3038 5371 in
3121 5299 3308 5391 Dee,
3391 5299 3452 5373 si
3515 5299 3685 5375 idea
3771 5302 4263 5400 sititianum,⁴

2326 5425 2707 5521 obJectum
2794 5416 3213 5512 cognitum,
3282 5424 3360 5487 ut
3441 5391 4263 5516 cognitum.¹’‘³5‘„¹‘¹1)‘³³{¹,s}‚¹

2325 5540 2496 5613 Non
2564 5535 2769 5609 enim
2831 5541 2944 5606 est
3001 5529 3382 5624 objectum
3440 5532 3859 5628 cognitum,

2323 5666 2396 5731 et
2507 5651 2714 5728 aliud
2820 5658 2992 5724 actu
3096 5648 3615 5744 productu1n3
3711 5673 3865 5723 non

3944 2383 4022 2433 Ad
4053 2384 4246 2435 ratio·

3983 2461 4080 2497 nes
4124 2450 4196 2496 D.
4271 2500 4274 2509 Ι

3964 2510 4237 2562 Thomae.
