4295 6326
622 387 752 455 216

730 563 946 657 Item,
1009 561 1490 660 Augustinus
1521 560 1590 633 3.
1637 560 1731 634 de
1774 558 1903 634 lib.
1964 558 2178 633 arbi-

630 680 777 754 trio
817 705 832 754 ε
874 681 1253 755 Voluntas
1293 689 1408 755 est
1439 702 1670 753 causa
1702 677 1948 775 prima
1992 699 2174 773 pec-

300 584 564 639 Secundo.

274 649 417 702 Nihil
431 649 598 720 impu·

274 712 434 763 tabile
474 709 578 760 nisi

316 775 565 824 volunta·

353 838 514 888 rium.

630 914 779 988 nisi
831 914 928 988 sit
968 913 1043 987 in
1088 923 1459 1012 potestate
1500 912 1869 1005 facientiS,
1916 920 1989 985 et
2066 911 2174 984 ni·

630 1029 735 1103 hil
817 1039 930 1106 est
997 1030 1071 1102 in
1137 1038 1508 1128 potestate
1577 1027 1949 1119 facientiS,
2024 1026 2171 1099 nisi

558 1145 563 1152 ’
628 1147 833 1245 quod
920 1158 1033 1222 est
1128 1147 1202 1220 in
1288 1156 1659 1246 potestate
1756 1144 2173 1219 voluntatis

627 1265 844 1363 ejus3
884 1267 1088 1342 unde
1132 1267 1395 1341 nullus
1425 1274 1642 1340 actus
1687 1272 1799 1339 est
1839 1263 2173 1359 imputa-

628 1382 805 1457 bilis
835 1383 1094 1471 alicui,
1133 1381 1281 1456 nisi
1326 1381 1458 1481 qui
1490 1391 1604 1456 est
1645 1379 1722 1453 in
1799 1388 2171 1477 potestate

629 1499 823 1596 ejus.
889 1499 1050 1574 Nec
1107 1500 1339 1575 etiam
1402 1497 1685 1595 aliquis
1726 1496 1925 1570 alius
1957 1506 2174 1571 actus

628 1627 744 1692 est
785 1617 1259 1716 imputabilis
1320 1617 1467 1691 nisi
1536 1616 2000 1712 inquantum
2060 1622 2176 1687 est

630 1734 707 1807 in
797 1743 1169 1833 potestate
1249 1732 1669 1807 voluntatis
1727 1759 1744 1825 ;
1835 1754 2017 1827 ergo
2092 1730 2170 1803 in

635 1853 797 1925 solo
869 1860 1036 1925 actu
1112 1852 1471 1924 voluntas
1555 1858 1670 1924 est
1759 1846 2176 1922 formaliter

636 1977 1061 2066 peccatum.

735 2084 1252 2160 Confirmatur
1285 2108 1423 2183 per
1486 2082 2001 2175 Augustinum
2051 2083 2168 2154 11.

636 2201 730 2275 de
762 2201 988 2276 Civit.
1035 2226 1098 2275 c.
1138 2201 1207 2275 8.
1278 2201 1481 2300 quod
1519 2200 1859 2275 defectus
1907 2201 2176 2274 volun-

635 2317 870 2391 tarios
894 2317 1244 2414 sequitur
1282 2316 1536 2390 debita
1582 2337 1834 2413 poena.
1882 2317 1992 2388 Ex
2020 2336 2173 2410 quo

633 2431 985 2529 sequitur
1025 2430 1541 2516 corollarium,
1608 2429 1812 2525 quod
1873 2427 1946 2500 in
2010 2429 2172 2503 solo

629 2545 826 2622 velle
868 2546 965 2621 sit
1013 2557 1445 2645 peccatum,
1492 2556 1562 2620 et
1626 2545 1700 2618 in
1762 2544 1933 2619 aliis
1983 2544 2174 2618 acti-

628 2664 775 2740 bus
844 2688 1027 2759 non,
1109 2663 1257 2737 nisi
1338 2663 1719 2738 mediante
1769 2659 2017 2755 velle;
2081 2685 2174 2736 ex

630 2804 782 2878 quo
813 2780 1019 2856 enim
1052 2781 1143 2855 de
1178 2780 1472 2854 ratione
1504 2779 1793 2878 peccati
1822 2789 1937 2854 est
1967 2778 2172 2877 quod

631 2898 729 2972 sit
767 2897 1249 2996 imputabile,
1312 2907 1387 2971 et
1454 2920 1607 2971 non
1688 2906 1802 2971 est
1841 2896 2175 2995 imputa-

629 3015 810 3109 bile,
848 3015 996 3089 nisi
1029 3014 1213 3112 quia
1239 3023 1355 3089 est
1388 3013 1465 3086 in
1511 3023 1877 3111 potestate
1917 3015 2176 3088 volen-

630 3131 753 3226 tis,
790 3132 1143 3232 sequitur
1173 3130 1566 3206 conclusio
1599 3131 1988 3229 praedicta.

729 3251 944 3342 Item,
989 3248 1240 3324 omnis
1280 3248 1429 3322 alia
1474 3272 1708 3322 causa
1748 3248 1825 3322 in
1861 3248 2175 3322 univer-

629 3390 714 3440 so
747 3365 1023 3457 activa,
1060 3373 1175 3439 est
1238 3363 1610 3438 naturalis
1676 3364 1752 3436 in
1819 3362 2166 3460 agendo;

628 3506 810 3578 ergo
852 3482 1068 3555 nulla
1099 3480 1251 3554 alia
1290 3502 1549 3572 causa,
1597 3488 1876 3577 praeter
1908 3480 2175 3552 volun·

625 3608 886 3691 tatem,
933 3606 1049 3671 est
1105 3596 1638 3694 vituperabilis
1696 3595 1771 3669 in
1826 3597 2167 3692 agend03

635 3715 806 3789 ideo
886 3736 1029 3788 nec
1105 3721 1370 3811 peccat
1439 3711 1517 3785 in
1574 3712 1902 3808 agendO,
1992 3713 2176 3809 quia

630 3831 998 3931 quaelibet
1037 3832 1187 3905 alia
1255 3853 1486 3904 causa
1548 3830 1705 3926 agit
1744 3830 2171 3905 secundum

631 3952 950 4024 formam
995 3958 1069 4023 et
1114 3946 1579 4046 principium
1609 3947 1812 4045 quod
1849 3948 2168 4045 accepit,

629 4077 702 4143 et
734 4068 904 4142 ideo
946 4090 1099 4140 non
1154 4074 1444 4164 peccat,
1519 4066 1701 4162 quia
1754 4064 1908 4163 agit
1977 4066 2175 4140 sicut

631 4184 949 4282 accepit.

414 4316 479 4383 5.
732 4303 841 4375 Ex
903 4302 1044 4373 hoc
1085 4298 1435 4397 sequitur
1490 4298 1696 4395 quod
1776 4306 2172 4395 peccatum

636 4443 787 4493 non
868 4416 963 4490 sit
1034 4415 1445 4489 formaliter
1530 4414 1610 4487 in
1681 4415 2169 4511 cogitatione,

635 4561 778 4611 nec
819 4537 895 4608 in
938 4558 1324 4627 sermone,
1364 4556 1504 4608 nec
1545 4533 1619 4606 in
1659 4557 1889 4631 opere
1926 4561 1945 4628 ;
1991 4557 2174 4630 ergo

636 4654 699 4728 si
740 4661 881 4745 est,
910 4662 1024 4725 est
1065 4652 1317 4724 solum
1361 4649 1462 4723 ibi
1503 4650 2020 4724 materialiter.

284 4760 577 4874 ξξξᾞξῑξ
734 4772 841 4843 Ex
869 4770 1011 4842 hoc
1052 4767 1479 4842 ostenditur
1506 4767 1710 4863 quod
1746 4775 2169 4864 peccatum,

285 4884 576 4937 ¹¹⁰¹³¹⁰fi¹¹
638 4887 813 4959 licet
881 4909 1031 4958 non
1092 4885 1189 4958 sit
1219 4885 1637 4958 formaliter
1707 4883 1848 4957 nisi
1896 4884 1970 4957 in
2034 4911 2173 4959 vo-

284 4950 955 5093 alizfrtffissoduntate,
1042 5011 1289 5099 potest
1345 5011 1596 5074 tamen
1680 5001 2177 5076 materialiter

284 5075 603 5125 teutiurum.
886 5117 899 5131 .
1156 5117 1169 5129 .
1483 5116 1496 5129 .
2067 5118 2079 5131 .

636 5143 802 5193 esse
882 5142 954 5189 m
1027 5119 1324 5190 actibus
1401 5118 1723 5190 altarum
1794 5128 2178 5213 potentia-

633 5234 1045 5332 rum,quia
1091 5233 1515 5307 secundum
1574 5235 2020 5307 Anselmum
2064 5236 2177 5308 ci-

633 5363 872 5426 tatum
909 5377 975 5424 c.
1022 5351 1091 5422 4.
1155 5349 1517 5425 Voluntas
1575 5356 1684 5424 est
1733 5350 2062 5436 ‚domina
2106 5361 2181 5426 et

632 5469 922 5542 molrt'oe
1006 5467 1085 5539 in
1147 5489 1378 5562 reqno
1448 5466 1732 5540 animae
1828 5473 2177 5564 respecta

633 5583 967 5659 aliarum
1022 5582 1577 5679 potentiarum,
1624 5605 1817 5679 quas
1877 5584 1983 5658 ita
2048 5608 2176 5659 re-

283 2082 577 2134 Confirma-

402 2151 507 2196 tur.

308 3251 574 3303 Probatur

356 3316 534 3365 tertio.

2091 387 2323 454 mam
2378 359 2461 455 1‘1.

2279 570 2700 658 praesentat
2738 562 2985 638 Deum
3030 563 3318 662 alloqui
3366 588 3382 638 ε
3429 563 3647 638 Deus
3684 585 3823 637 nos

2281 683 2355 750 et
2379 684 2858 774 potestatem,
2904 703 3075 777 qnae
3109 680 3190 754 in
3221 678 3439 754 nobis
3489 687 3620 772 est,
3653 678 3821 752 sub-

631 797 856 870 candi
911 825 929 890 ;
1024 798 1214 871 nihil
1286 797 1488 871 enim
1552 803 1666 870 est
1739 803 2167 892 peccatum,
2258 795 2460 894 jecit
2496 795 2897 890 voluntati,
2941 797 3152 871 ulad
3193 798 3604 893 imperium
3655 798 3820 896 ejus

2277 935 2432 985 non
2453 914 2840 1010 possimus
2872 938 3024 988 non
3059 938 3360 989 movere
3388 937 3552 1008 7203,
3584 923 3654 988 et
3690 913 3819 1012 sa-

2277 1052 2446 1102 cere
2487 1029 2882 1127 quodvult
2914 1059 2939 1114 ‚·
2986 1031 3136 1104 imo
3190 1032 3357 1128 ipsa
3404 1036 3655 1105 movet
3681 1053 3819 1104 nos

2277 1146 2784 1222 instrumenta
2822 1172 2986 1237 sua,
3033 1155 3104 1223 et
3125 1149 3318 1246 facit
3357 1173 3614 1246 opera,
3647 1173 3818 1247 quae

2274 1262 2622 1337 videmus
2659 1263 2966 1361 facere;
3020 1288 3159 1339 nec
3217 1289 3355 1339 nos
3409 1288 3819 1363 possumus

2237 1380 2404 1455 'illi
2418 1406 2565 1479 per
2592 1406 2730 1456 nos
2760 1385 3135 1473 resistere,
3172 1409 3312 1459 nec
3353 1407 3611 1481 opera,
3648 1406 3818 1482 quae

2276 1498 2492 1595 lacit,
2579 1508 2900 1594 possunt
2963 1524 3119 1574 non
3192 1499 3376 1597 fieri
3446 1500 3817 1592 dominae,

2277 1639 2506 1713 quam
2559 1615 2777 1691 nobis
2842 1617 3058 1692 Deus
3100 1618 3337 1711 dedit,
3401 1642 3540 1692 nec
3594 1617 3825 1691 debe-

2277 1756 2473 1825 πως,
2530 1757 2670 1807 nec
2724 1757 3134 1831 possumus
3199 1758 3354 1810 non
3445 1733 3817 1829 obed-ir63

2279 1849 2455 1923 aliae
2497 1848 2730 1945 igitur
2777 1851 3140 1948 potentiae
3182 1851 3260 1924 in
3322 1850 3620 1926 actibus
3661 1850 3824 1925 suis

2277 1966 2647 2042 obediunt
2691 1966 3094 2042 voluntati.
3142 1969 3340 2063 Ergo
3383 1966 3580 2042 sicut
3616 1978 3824 2041 tene-

2278 2091 2402 2154 tur
2447 2081 2629 2156 dare
2683 2082 3220 2156 rectitudinem
3272 2083 3350 2155 in
3412 2092 3587 2156 actu
3649 2106 3817 2168 suo,

2279 2197 2386 2271 sic
2422 2197 2495 2269 in
2541 2197 2931 2294 operando
2964 2198 3038 2270 in
3087 2198 3258 2273 aliis
3288 2197 3651 2296 potentiis
3712 2208 3824 2272 te-

2278 2323 2506 2388 netur
2544 2314 2725 2388 dare
2787 2313 3321 2389 rectitudinem
3366 2314 3663 2389 actibus
3730 2314 3822 2387 il-

2278 2429 2526 2502 larum
2557 2429 3104 2526 potentiarum,
3144 2429 3237 2503 ad
3273 2452 3466 2528 quas
3506 2451 3823 2527 compa-

2280 2552 2491 2617 ratur
2561 2554 2643 2619 ut
2712 2544 3035 2639 motrix3
3100 2544 3297 2619 sicut
3365 2569 3548 2642 ergo
3617 2554 3819 2620 recte

2279 2663 2661 2737 movendo
2713 2664 2904 2738 alias
2972 2663 3354 2762 potentias
3417 2663 3822 2738 inferiores

2280 2781 2654 2856 rectitudo
2689 2782 3140 2880 participata
3179 2783 3257 2856 in
3303 2782 3606 2857 actibus
3669 2781 3826 2856 illa-

2278 2926 2364 2975 ru
2382 2927 2480 2995 m,
2519 2901 2621 2976 ita
2659 2927 2795 2999 per
2825 2903 3288 3001 oppositum,
3326 2903 3387 2975 si
3431 2927 3583 2977 non
3623 2911 3823 2976 recte

2282 3028 2537 3091 movet
2567 3018 2756 3091 alias
2782 3018 3167 3115 potentias
3209 3018 3302 3091 ad
3336 3028 3554 3092 actus
3612 3041 3820 3108 suos),

2278 3144 2394 3211 est
2433 3135 2773 3211 carentia
2807 3135 3285 3211 rectitudinis
3347 3135 3824 3236 participatae

2279 3252 2356 3325 in
2395 3253 2691 3327 actibus
2733 3254 3068 3348 illarum,
3104 3277 3280 3351 quae
3314 3263 3494 3328 nata
3517 3263 3633 3329 est
3671 3252 3825 3327 illis

2279 3380 2736 3465 competere,
2770 3379 2844 3443 et
2874 3393 3104 3467 quam
3148 3380 3453 3445 tenetur
3506 3370 3819 3444 habere.

2282 3487 2480 3583 Ergo
2506 3486 3006 3561 materialiter
3028 3496 3144 3561 est
3179 3487 3253 3560 in
3290 3488 3589 3562 actibus
3648 3486 3826 3563 alia-

2280 3626 2451 3677 rum
2535 3604 3051 3702 potentiarum
3133 3615 3562 3703 peccatum,
3642 3605 3823 3704 quia

2281 3722 2620 3797 carentia
2658 3721 2855 3796 inest
2895 3722 3378 3798 rectitudinis
3410 3746 3640 3820 quam
3684 3722 3822 3797 de-

2278 3839 2462 3913 bent
2493 3839 2803 3913 habere.

2377 3959 2487 4030 Ex
2599 3957 2730 4031 illo
2842 3956 3194 4055 sequitur
3296 3957 3818 4050 corollarium,

2279 4073 2483 4169 quod
2531 4074 2791 4147 nullus
2833 4081 3048 4146 actus
3098 4073 3415 4148 alterius
3457 4074 3821 4171 potentiae

2279 4212 2324 4265 a
2364 4192 2756 4263 voluntate
2802 4199 2917 4262 est
2976 4188 3472 4265 materialiter
3552 4191 3820 4281 maluS‚
3933 4248 3954 4266 .

2279 4304 2425 4377 nisi
2460 4304 2645 4401 quia
2683 4305 2947 4379 subest
2988 4305 3311 4403 imperio
3350 4307 3816 4399 voluntatis3

2279 4424 2355 4497 in
2414 4424 2544 4497 illo
2600 4449 2750 4498 non
2796 4434 2911 4500 est
2950 4435 3348 4522 peccatum
3405 4430 3823 4505 materiali-

2280 4552 2420 4633 ter,
2471 4565 2609 4615 nec
2651 4540 3093 4615 formaliter.

2381 4659 2489 4730 Ex
2530 4656 2648 4730 his
2680 4657 3300 4754 respondendum
3364 4668 3479 4733 est
3536 4661 3629 4734 ad
3665 4664 3820 4736 for·
3983 4692 4048 4755 6,

2281 4798 2482 4847 mam
2519 4774 2996 4870 quaestionis.
3053 4774 3163 4847 Ad
3234 4776 3454 4872 cujus
3509 4780 3820 4854 solutio·
3851 4804 4193 4879 Respondq-

2282 4916 2457 4965 nem
2511 4901 2807 4990 oportet
2841 4892 3086 4989 primo
3115 4892 3374 4969 videre
3431 4900 3817 4993 quomodo
3851 4869 4192 5004 2231}qung

2281 5006 2639 5101 cogitatio
2682 5017 2795 5080 est
2860 5007 2929 5080 in
2971 5017 3335 5104 potestate
3372 5013 3814 5105 voluntatis,
3892 5000 4150 5045 ⁸²¹⁰¹¹⁶²¹¹·

2282 5134 2354 5199 et
2397 5123 2728 5221 qualiter
2763 5134 3006 5221 potest
3053 5125 3413 5222 imperari
3467 5152 3508 5202 a
3545 5133 3819 5205 volun-

2282 5250 2430 5315 tate
2465 5269 2482 5333 ;
2520 5242 2663 5315 hoc
2710 5241 2913 5315 enim
2952 5266 3262 5318 necesse
3315 5255 3430 5319 est
3486 5247 3581 5320 ad
3653 5250 3818 5335 hoc,

2283 5356 2488 5453 quod
2524 5356 2597 5429 in
2651 5356 2814 5454 ipsa
2856 5357 2949 5431 sit
3009 5368 3404 5455 peccatum
3477 5364 3822 5439 materia-

2285 5470 2483 5564 liter,
2519 5494 2689 5545 cum
2726 5471 2894 5568 ipsa
2938 5496 3091 5545 non
3127 5474 3367 5570 possit
3418 5498 3585 5551 esse
3655 5501 3823 5574 pec-

2284 5596 2535 5662 catum
2608 5587 3050 5662 formaliter.
3149 5588 3504 5665 Secundo
3572 5592 3824 5668 viden-
