4295 6326
64 856 162 907 Cui
184 858 393 906 naturae

97 921 356 969 convenit

64 984 186 1033 hoec
217 986 392 1047 potes·

61 1050 145 1096 tas
183 1045 249 1096 de
272 1059 392 1096 con-

61 1109 390 1223 ⁸58301⁰3223¹¹

105 2846 189 2893 An
217 2842 355 2907 Bap-

76 2905 276 2955 tismus
301 2907 366 2956 ab

51 2969 269 3033 Angelo
291 2971 385 3018 da-

96 3039 190 3082 tus
211 3038 359 3083 tene·

174 3099 279 3146 ret.

81 4719 327 4780 Angelus

67 4781 256 4831 malus
287 4794 354 4831 an

26 4845 222 4895 valide
272 4846 371 4894 mi-

108 4909 304 4957 nistret

104 4971 311 5033 Baptis-

115 5049 287 5085 nium.

1534 441 1763 513 DlST.
1814 442 1932 512 Vl.
1989 441 2408 523 QUAESTIO
2457 440 2546 512 11.

424 615 709 692 ibidem
800 638 965 713 cap.
1062 612 1622 710 firmissimum,
1728 621 1802 690 et
1892 614 1960 687 1.

425 739 691 834 quaest.
731 733 799 806 1.
837 756 1003 831 cap.
1032 731 1397 806 Detrahe.

520 851 713 926 Aliae
755 849 1050 949 species
1093 858 1391 923 naturae
1424 848 1966 923 intellectualis

423 968 938 1044 excluduntur
982 989 1025 1040 a
1075 974 1443 1065 potestate
1522 964 1966 1040 conferendi

421 1084 898 1183 Baptismum
968 1082 1060 1156 de
1138 1105 1510 1178 congruo,
1577 1081 1753 1154 licet
1808 1105 1962 1155 non

420 1203 794 1290 absolute,
892 1199 1080 1298 quin
1150 1199 1445 1298 possint
1546 1198 1958 1297 baptizare.

416 1320 676 1395 Prima
708 1316 1215 1415 congruentia
1273 1317 1365 1391 ad
1409 1319 1554 1391 hoc
1586 1324 1720 1401 est,
1782 1315 1965 1414 quia

413 1438 761 1514 Christus
797 1436 957 1523 suit,
996 1436 1130 1533 qui
1173 1436 1319 1508 hoc
1379 1435 1957 1509 Sacramentum

412 1555 764 1631 instituit.
812 1553 1195 1645 Secunda,
1244 1552 1428 1649 quia
1495 1553 1569 1625 in
1626 1553 1769 1626 hoc
1821 1552 1963 1625 Sa-

414 1682 809 1749 cramento
869 1680 983 1746 est
1065 1669 1357 1767 aliquid
1418 1669 1817 1763 sensibile,
1890 1678 1963 1743 et

411 1789 701 1886 aliquid
748 1787 1145 1885 spirituale
1191 1795 1264 1860 et
1320 1786 1835 1860 intellectuale
1888 1786 1954 1858 1.

412 1914 677 2007 quaest.
729 1907 794 1977 1.
833 1928 1000 2002 cap.
1055 1903 1421 1997 Detrahe,
1484 1913 1557 1977 et
1617 1903 1788 1977 ideo
1834 1903 1964 1976 do-

412 2035 531 2101 cet
570 2033 643 2099 et
699 2022 1057 2120 congruit
1106 2022 1434 2096 conferri
1496 2045 1538 2095 a
1592 2022 1751 2114 tali,
1831 2021 1958 2119 qui

413 2141 690 2216 habeat
723 2149 1162 2236 utrumque.
1220 2137 1498 2230 Tertia,
1550 2137 1733 2233 quia
1774 2160 1962 2211 con-

413 2262 648 2335 fertur
688 2258 863 2345 illis,
912 2257 1044 2355 qui
1079 2255 1623 2329 adscribuntur
1661 2254 1959 2328 militiae

413 2375 721 2468 Christi,
772 2383 852 2446 ut
899 2372 1032 2445 filii
1095 2370 1459 2445 Ecclesia}
1531 2371 1955 2463 militantiS,

414 2502 954 2587 etcongruum
1015 2496 1130 2562 est
1199 2486 1631 2561 ministrum
1704 2486 1956 2585 ipsum

417 2609 934 2683 conterentem
978 2627 1145 2678 esse
1186 2602 1277 2676 de
1343 2602 1631 2676 familia
1676 2602 1975 2676 Christi·

417 2728 489 2800 in
528 2724 862 2800 Ecclesia
900 2721 1300 2795 militante.

511 2843 1063 2916 Verumtamen
1106 2837 1169 2911 si
1202 2836 1639 2910 conferatur
1681 2837 1774 2910 ab
1799 2827 1964 2910 An-⁴

416 2959 607 3058 gelis
633 2957 855 3032 bonis
915 2956 1033 3028 vel
1082 2954 1299 3027 malis
1339 2952 1431 3026 de
1476 2953 1956 3050 beneplacito

417 3078 708 3170 divino,
777 3097 928 3146 non
992 3081 1191 3146 esset
1251 3070 1714 3145 iterandum.
1783 3071 1959 3144 Pos-

415 3205 596 3271 sunt
636 3194 839 3269 enim
877 3192 951 3263 in
978 3182 1314 3287 ‘corpore
1357 3198 1752 3287 assumpto
1798 3213 1958 3263 ver-

410 3316 505 3390 ba
538 3313 896 3413 proferre,
922 3318 998 3384 et
1027 3333 1306 3406 corpus
1330 3308 1669 3400 abluere,
1716 3317 1789 3381 et
1832 3308 1956 3380 in-

410 3433 833 3507 tentionem
865 3436 1147 3502 rectam
1185 3427 1535 3520 faciendi,
1584 3427 1788 3524 quod
1827 3429 1957 3500 Ec-

406 3549 642 3625 clesia
702 3546 904 3638 lacit,
966 3544 1276 3636 babere,
1355 3552 1426 3617 et
1496 3566 1631 3640 per
1679 3567 1956 3616 conse-

403 3689 651 3765 quens
693 3671 1143 3762 potestatem
1190 3660 1631 3734 conferendi
1684 3684 1948 3735 verum

403 3782 905 3880 Baptismum.
940 3780 1029 3850 Et
1071 3801 1207 3875 pro
1254 3777 1443 3849 facto
1510 3776 1948 3850 babendum

402 3910 603 3976 esset
634 3898 694 3973 si
774 3897 1139 3988 facerent,
1204 3916 1345 3968 nec
1405 3902 1606 3968 esset
1675 3893 1953 3968 iteran-

400 4020 583 4093 dum
615 4015 1015 4113 Baptisma
1064 4012 1426 4086 collatum
1493 4011 1586 4084 ab
1630 4011 1768 4105 eiS,
1806 4012 1949 4086 sub

400 4136 658 4210 debita
693 4135 959 4224 forma,
1005 4131 1206 4204 sicut
1237 4153 1378 4203 nec
1429 4130 1791 4203 collatum
1854 4130 1948 4203 ab

402 4251 717 4325 homine
770 4258 885 4323 est
926 4246 1388 4329 iterandum.
1440 4246 1659 4321 Unde
1694 4247 1951 4321 Eccle-

400 4368 513 4441 sia
545 4367 619 4438 in
660 4375 917 4438 monte
961 4364 1318 4456 Gargano
1360 4364 1454 4435 ab
1486 4364 1779 4457 Angclo
1814 4362 1949 4436 ‹lc-

402 4484 676 4574 dicata,
726 4506 877 4555 non
944 4488 1381 4575 estpostea
1449 4478 1795 4552 dedicata
1853 4480 1947 4553 ab

406 4603 666 4698 aliquo
701 4598 1105 4696 Episcopo.

501 4719 609 4792 De
668 4713 983 4811 Angelis
1073 4722 1327 4786 tamen
1442 4712 1685 4799 malie,
1773 4713 1946 4787 licet

403 4843 715 4933 possent
750 4831 1155 4929 baptizare,
1221 4852 1526 4925 semper
1572 4839 1772 4903 osset.
1805 4855 1945 4903 no-

406 4953 519 5025 bis
569 4949 1072 5023 dubitandum
1139 4946 1229 5019 (le
1299 4946 1435 5033 eis,
1518 4947 1697 5042 quia
1768 4949 1941 5021 mali

403 5076 711 5161 sunt,et
753 5063 1070 5156 inimici,
1107 5086 1201 5135 an
1251 5071 1453 5136 recta
1516 5063 1940 5139 intentione

406 5185 903 5282 baptizarent,
957 5180 1077 5253 vel
1114 5202 1317 5271 non3
1383 5188 1456 5252 et
1510 5179 1690 5275 quia
1736 5181 1942 5255 Deus

401 5325 550 5374 non
592 5297 967 5371 ministrat
991 5294 1484 5368 Sacramenta
1509 5295 1777 5368 salutis
1804 5318 1943 5393 per

403 5416 789 5490 ministros
834 5420 1223 5511 perpetua}
1257 5411 1797 5505 damnationiS,
1837 5413 1939 5486 ita

397 5557 700 5631 semper
761 5528 1181 5603 timendum
1244 5537 1442 5601 osset
1505 5551 1597 5601 nc
1668 5552 1935 5601 corum

396 5649 715 5725 intentio
750 5646 1217 5722 essetmala.
1262 5644 1444 5717 Dico
1505 5669 1685 5740 ergo
1728 5646 1934 5743 quod

3498 443 3627 514 623

2086 615 2264 689 licet
2306 639 2460 689 non
2511 624 2885 712 congruat
2937 616 3299 690 omnibus
3348 638 3632 713 suppo·

2084 734 2251 807 sitis
2302 733 2936 830 intelligentibuS,
2998 735 3142 809 hoc
3205 744 3460 808 tamen
3504 733 3628 806 ab·

2084 853 2331 927 solute
2367 861 2614 950 potest
2657 862 3090 949 competere
3145 852 3459 926 cuilibet
3499 852 3627 924 ha-

2085 968 2288 1043 benti
2359 970 2528 1043 illas
2591 977 2739 1043 tres
2794 969 3274 1043 conditiones
3327 978 3628 1042 natura-

2084 1087 2218 1160 les.

2182 1202 2259 1277 Si
2304 1213 2559 1278 autem
2615 1213 3034 1301 quaeratur,
3098 1204 3222 1278 cui
3264 1202 3627 1304 competit
3781 1209 3846 1275 4.

2080 1341 2172 1392 ex
2232 1319 2545 1394 officio?
2613 1321 2783 1395 dico
2853 1321 3057 1417 quod
3126 1322 3218 1395 de
3280 1342 3622 1416 congruo
3654 1323 3977 1439 ⁸02223⁸33⁹

2079 1437 2634 1526 sacerdotibus,
2701 1438 2923 1535 cujus
2987 1438 3178 1512 ratio
3246 1447 3384 1530 est,
3443 1435 3625 1534 quia
3728 1449 3915 1525 officio,

2080 1553 2732 1650 per-Baptismum
2792 1552 3157 1651 recipitur
3198 1554 3625 1651 baptizatus
3673 1518 3962 1640 ssiffiffiig.

2077 1669 2158 1766 in·
2198 1670 2698 1762 consortium,
2759 1678 2832 1743 et
2897 1669 3303 1766 collegium
3361 1671 3627 1744 Eccle-

2077 1784 2264 1878 siae3
2312 1785 2646 1883 receptio
2689 1793 2946 1859 autem
2994 1785 3322 1881 alicujus
3365 1783 3439 1857 in
3485 1786 3631 1860 ali-

2075 1901 2282 1998 quod
2332 1902 2745 1996 collegium
2809 1903 3136 2000 pertinet
3189 1903 3282 1976 ad
3344 1901 3630 1977 Praesi-

2075 2018 2383 2093 dentem
2438 2019 2852 2094 habentem
2931 2020 3489 2111 auctoritatem,
3558 2029 3630 2095 et

2076 2145 2367 2233 quanto
2430 2136 2802 2232 majorem
2886 2137 3418 2212 auctoritatem
3499 2139 3632 2211 ha-

2074 2253 2287 2328 beret
2331 2253 2640 2351 aliquiS,
2694 2263 2902 2326 tanto
2937 2254 3027 2329 de
3089 2278 3432 2354 congruo
3480 2278 3633 2328 ma-

2075 2369 2195 2465 gis
2277 2369 2343 2443 ei
2418 2369 2895 2444 conveniret.
2966 2370 3184 2445 Unde
3229 2369 3626 2468 Episcopis

2076 2487 2408 2562 maxime
2444 2487 2895 2562 conveniret
2925 2488 3343 2586 baptizare,
3397 2489 3458 2562 si
3502 2487 3628 2563 fie-

2074 2605 2137 2676 ri
2167 2613 2472 2702 posset3
2538 2604 2958 2679 necessitas
3000 2615 3253 2680 autern
3311 2605 3625 2680 absolu-

2074 2730 2152 2796 ta
2185 2724 2483 2797 nullum
2521 2721 2921 2796 hominem
2950 2723 3307 2817 excludit,
3357 2732 3436 2797 ut
3476 2723 3624 2798 dic-

2072 2847 2234 2911 tum
2269 2848 2407 2912 cst.

2167 2956 2279 3029 Ad
2314 2957 2843 3031 auctoritatem
2878 2955 3175 3050 Isidori,
3205 2956 3373 3030 dico
3408 2957 3612 3053 quod

2071 3072 2430 3171 intelligit
2461 3075 2552 3149 de
2584 3098 2956 3173 congruO,
3008 3084 3150 3151 etc.

2166 3191 2276 3265 Ad
2341 3192 2577 3286 aliud,
2665 3193 2833 3267 dico
2930 3193 3134 3291 quod
3231 3194 3614 3268 remittere
3647 3192 3727 3240 Ad

2069 3318 2380 3405 peccata
2413 3332 2547 3406 per
2579 3311 2887 3384 modum
2942 3310 3237 3385 Judicis
3291 3311 3618 3385 audien-

2069 3424 2164 3497 tis
2202 3434 2276 3499 et
2325 3426 2793 3513 arbitrantis,
2846 3427 3030 3500 solis
3090 3427 3615 3501 sacerdotibus

2067 3543 2454 3640 competit.
2540 3544 2681 3618 Hic
2778 3554 3034 3619 autem
3124 3545 3617 3620 remittuntur

2065 3668 2376 3757 peccata
2409 3684 2452 3733 a
2492 3663 2654 3735 solo
2684 3662 2844 3736 Deo
2887 3663 3052 3736 sine
3095 3663 3354 3758 aliqua
3432 3686 3616 3737 exa-

2069 3778 2485 3854 minatione
2576 3789 2649 3854 et
2726 3780 3042 3855 arbitrio
3104 3780 3400 3854 Judicis
3469 3804 3614 3854 au-

2065 3894 2346 3969 dientis
2376 3894 2785 3969 inferioris,

3697 2946 3778 2996 Ad
3810 2948 3919 3011 pri·

3677 3023 3822 3059 mum
3857 3025 3935 3060 ar-

3689 3078 3928 3137 gument.

3759 3205 3945 3242 secun-

3734 3254 3879 3307 dum.

2561 4243 2963 4323 QUAESTIO
3017 4246 3106 4313 ΙΙ.

2067 4413 2312 4479 {strum
2365 4415 2598 4479 emitas
2657 4414 2998 4499 Baptisme'
3055 4417 3436 4483 necess-ario
3494 4438 3608 4482 re-

2309 4519 2545 4607 quirat
2595 4541 2687 4586 me
2701 4523 2942 4588 itatem
2977 4525 3291 4589 Mz'm'slre'
3320 4521 3359 4588 ξ)

2056 4713 2252 4767 Alens.
2288 4714 2339 4767 4.
2371 4730 2423 4783 p.
2473 4722 2665 4783 quaese.
2721 4715 2803 4767 16.
2853 4729 3016 4768 mem.
3061 4716 3114 4770 3.
3166 4720 3230 4771 D.
3288 4716 3493 4772 Thom.
3546 4720 3599 4774 3.

2124 4794 2268 4856 part.
2319 4791 2511 4857 quaest.
2564 4786 2633 4838 67
2692 4802 2743 4839 α.
2798 4787 2850 4838 6.
2920 4786 3186 4841 Richard.
3249 4788 3599 4847 d.3.nrt.·'1.

2125 4868 2322 4927 qucest.
2363 4875 2394 4910 1.
2435 4856 2601 4911 Gabr.
2639 4855 2718 4909 ibi
2749 4862 2936 4926 quaest.
2986 4874 3021 4911 t.
3075 4868 3179 4913 art.
3228 4876 3267 4915 1.
3317 4860 3512 4917 Palud.
3547 4881 3598 4934 q.

2130 4938 2182 4982 2.
2218 4931 2473 4983 Durand.
2511 4938 2698 4998 qamt.
2737 4932 2786 4981 3.
2824 4929 2994 4985 Solus
3044 4930 3172 4985 dist..
3228 4933 3279 4985 4.
3331 4950 3381 5002 q.
3418 4950 3453 4988 ι.
3488 4939 3595 4991 art.

2130 5002 2179 5054 4.

2154 5175 2418 5262 Quoad
2457 5199 2635 5250 vero
2663 5176 2759 5250 de
2795 5177 3081 5251 unitate
3113 5180 3479 5277 Baptismi
3518 5184 3591 5256 in
3759 5201 3819 5265 1,

2053 5294 2624 5391 comparatione
2682 5295 2772 5368 ad
2813 5295 3242 5370 ministrum
3275 5322 3584 5396 quatro:
3622 5315 3939 5390 Arg-ament.

2062 5411 2332 5485 Ulrecm
2392 5412 2644 5484 emitas
2701 5412 3095 5508 Baptismi
3165 5420 3588 5493 necessario
3655 5391 3899 5503 pffffliiff-

2052 5528 2395 5624 requirat
2426 5528 2793 5601 unitatem
2828 5529 3189 5603 ministri.
3706 5518 3849 5555 ‘'¹¹¹¹'’

2147 5646 2515 5741 Arguitur
2583 5646 2783 5742 qum!
2869 5672 3050 5741 non,
3139 5650 3318 5747 quia
3389 5653 3584 5727 idem
