4295 6326
291 2553 485 2615 Opinio
520 2554 582 2603 D.

294 2619 496 2666 Boou.
532 2619 584 2666 et

342 2679 548 2729 Henrie.

341 3704 486 3756 Ηειῑίο
517 3703 575 3756 D.

356 3771 542 3820 Tuom.

330 4892 562 4943 lviiiatio-

293 4970 414 5006 ueni
455 4964 566 5006 uon

299 5034 413 5068 csse
444 5034 575 5084 sup-

277 5084 431 5154 positi
462 5096 591 5146 proe-

643 396 772 464 306

1134 831 1534 910 QUAESTIO
1586 832 1667 896 II.

651 1005 899 1072 [strum
953 1001 1194 1072 relatio
1254 1003 1519 1083 Christi
1591 1003 1689 1073 ad
1739 1005 2032 1087 Matrem
2096 1000 2191 1068 sit

1028 1112 1274 1178 relatio
1306 1108 1754 1178 accidentalis
1786 1112 1815 1173 ?

642 1303 788 1360 Vide
819 1305 1093 1360 Doctores
1115 1302 1324 1358 citatos
1357 1306 1562 1373 quaest.
1605 1298 1992 1356 antecedenti.

1198 1558 1567 1614 SCHOLIUM
1607 1557 1650 1613 1.

717 1711 780 1768 D.
813 1710 1089 1778 Thomas,
1119 1710 1183 1765 D.
1214 1711 1523 1766 Bonevent.
1558 1712 1614 1764 et
1643 1707 1739 1765 alii
1774 1713 1971 1765 tenent
2000 1707 2192 1766 Chris-

647 1808 776 1857 tum
810 1817 926 1857 non
958 1801 1160 1856 referri
1190 1801 1262 1854 ad
1295 1801 1357 1854 B.
1384 1799 1670 1869 Virginem
1696 1798 1834 1855 reali
1886 1798 2188 1856 relatione.

643 1892 810 1947 Ratio
841 1890 905 1946 D.
943 1894 1252 1947 Bonavent.
1302 1891 1443 1961 quia
1495 1889 1696 1945 filiatio
1752 1894 1839 1945 est
1883 1887 2187 1962 suppositi,

641 1988 698 2040 et
730 1982 788 2038 in
821 1998 932 2038 uno
965 1981 1265 2053 supposito
1298 1980 1500 2053 nequit
1520 1996 1649 2037 esse
1675 1980 1787 2037 nisi
1818 1996 1934 2036 una
1964 1980 2187 2037 relatio.

643 2072 802 2127 Hanc
860 2071 1075 2126 refutat
1138 2073 1343 2126 Dootor
1402 2070 1512 2125 late
1571 2075 1628 2139 ot
1692 2070 1867 2138 clare,
1928 2070 2188 2141 probans

641 2162 978 2217 filiationem
1018 2159 1396 2232 multiplicari
1431 2175 1599 2232 posse
1636 2176 1750 2215 non
1801 2158 2187 2231 multiplicato

642 2251 964 2324 supposito.

740 2427 854 2501 Ad
925 2427 1247 2524 primam
1338 2427 1846 2524 quaestionem
1911 2427 2190 2503 dicitur

646 2544 848 2642 quod
892 2566 1045 2617 non
1076 2551 1191 2617 est
1242 2543 1317 2616 in
1362 2542 1662 2617 Christo
1714 2541 1983 2617 filiatio
2019 2568 2189 2619 rea-

644 2660 738 2733 lis
769 2658 1125 2733 distincta
1157 2682 1201 2732 a
1238 2658 1704 2756 proprietate
1765 2661 2183 2756 personali,

643 2773 824 2873 quia
850 2773 1116 2848 filiatio
1175 2782 1291 2848 est
1328 2772 1755 2870 proprietas
1813 2796 2188 2871 persona-

639 2892 758 2967 lis.
807 2888 956 2966 Sed
1025 2890 1452 2989 proprietas
1492 2891 1924 2987 personalis
2011 2901 2187 2967 tan-

646 3018 800 3082 turn
845 3015 958 3082 est
996 3006 1230 3080 unius
1288 3006 1694 3104 suppositi,
1752 3030 1902 3080 non
1971 3017 2186 3082 natu-

640 3149 774 3219 rae,
811 3123 994 3222 quia
1026 3133 1301 3199 natura
1365 3123 1579 3197 nullo
1642 3124 1868 3198 modo
1936 3134 2187 3222 potest

639 3242 787 3317 dici
847 3240 1029 3316 filia.
1089 3241 1284 3315 Illud
1378 3239 1613 3337 igitur
1697 3241 2183 3340 suppositum

639 3381 795 3436 non
829 3369 1077 3459 potest
1152 3359 1435 3433 habere
1494 3357 1944 3435 relationem
2012 3385 2187 3437 rea-

641 3482 791 3555 lem
834 3478 928 3552 ad
996 3473 1674 3573 creaturan1,quia
1723 3475 1988 3552 filiatio
2070 3487 2187 3554 est

643 3593 961 3695 praecise
995 3593 1398 3692 suppositi,
1432 3602 1516 3670 ut
1545 3593 1944 3691 suppositi.

737 3710 1095 3787 Secunda
1130 3709 1316 3783 ratio
1350 3709 1442 3783 ad
1476 3709 1726 3783 idern:
1773 3709 1968 3784 Duae
2023 3710 2183 3784 dis-

635 3828 1059 3928 positiones
1091 3827 1436 3923 ejusdem
1479 3826 1761 3922 speciei
1804 3845 2183 3925 nonpos-

632 3957 813 4024 sunt
875 3947 1105 4022 simul
1175 3969 1344 4020 esse
1401 3945 1476 4016 in
1547 3945 1874 4032 eodem;
1948 3946 2183 4042 igitur

631 4088 808 4138 curn
868 4064 1036 4138 istae
1067 4060 1478 4135 filiationes
1519 4068 1777 4134 essent
1832 4061 2177 4157 ejusdem

630 4180 979 4274 rationis,
1016 4203 1171 4253 non
1229 4186 1542 4276 possent
1581 4177 1807 4251 simul
1873 4201 2040 4254 esse
2096 4179 2175 4253 in

629 4302 928 4377 eodem.
977 4297 1195 4371 Unde
1239 4296 1517 4370 dicitur
1547 4296 1751 4393 quod
1804 4296 2002 4372 sicut
2041 4322 2178 4395 pa-

627 4430 741 4495 ter
781 4418 1077 4492 habens
1113 4414 1392 4488 inultos
1450 4412 1651 4488 filios
1708 4414 1974 4488 eadem
2051 4438 2178 4511 pa-

626 4548 740 4612 tei
749 4535 980 4610 nitate
1013 4533 1291 4608 dicitur
1321 4532 1414 4606 ad
1448 4531 1656 4605 huno
1686 4530 1931 4605 filium
1964 4541 2037 4608 et
2079 4533 2174 4607 ad

628 4653 893 4738 alium,
932 4647 1039 4724 sio
1080 4649 1157 4721 in
1194 4641 1582 4746 proposito
1636 4646 1728 4721 de
1771 4645 2166 4722 filiatione.

725 4767 911 4843 Dico
958 4777 1209 4842 tamen
1238 4757 1441 4864 quod
1476 4764 1724 4862 prima
1783 4765 1970 4839 ratio
2013 4790 2171 4839 non

625 4888 856 4981 valet,
903 4881 1085 4983 quia
1124 4907 1298 4958 eum
1334 4881 1613 4957 dicitur
1658 4882 1857 4979 quod
1905 4880 2173 4957 filiatio

625 5015 739 5081 est
814 5000 1218 5100 suppositi,
1300 5008 1432 5074 aut
1502 4999 1955 5096 intelligitur
2029 4999 2164 5089 sio,

624 5119 829 5219 quod
893 5118 991 5191 sit
1056 5115 1458 5213 suppositi,
1532 5139 1685 5188 non
1786 5115 2169 5191 mediante

622 5248 923 5328 natura,
969 5243 1041 5309 et
1076 5232 1600 5325 fundamentO,
1627 5233 1748 5306 vel
1784 5232 2166 5307 mediante

624 5355 1150 5428 fundamento.
1216 5349 1296 5423 Si
1352 5350 1601 5447 primo
1681 5351 1935 5444 modO,
1982 5351 2171 5425 falsa

623 5480 736 5547 est
805 5467 1250 5568 propositis),
1295 5467 1476 5563 quia
1546 5466 1654 5541 sic
1731 5464 1938 5542 filius
2026 5466 2166 5542 Dei

622 5611 772 5661 non
820 5594 1022 5660 esset
1061 5582 1267 5660 filius
1300 5581 1464 5674 Dei,
1498 5581 1680 5678 quia
1709 5581 1975 5656 filiatio
2012 5606 2161 5656 non

2019 384 2272 464 LIBRI,
2308 383 2430 453 111.

2299 564 2414 630 est
2454 553 2827 651 suppositi
2906 552 3176 648 divini,
3225 553 3373 627 nisi
3463 550 3847 627 mediante

2303 680 2578 746 natura
2605 670 2889 746 divina.
2922 670 3003 744 Si
3026 669 3479 766 intelligitur
3506 668 3846 743 secundo

2305 790 2561 881 modO,
2658 789 2988 863 habetur
3072 788 3580 887 propositum,
3670 785 3853 884 quia

2309 904 2893 981 fundamentum
2982 905 3434 1007 naturaliter
3490 902 3854 1001 praeoedit

2304 1020 2755 1094 relationem
2804 1019 3195 1094 fundatam
3228 1020 3304 1093 in
3341 1020 3535 1117 ipso.

2403 1134 2595 1207 Cum
2673 1133 2906 1229 igitur
3000 1134 3094 1208 ad
3206 1131 3851 1231 plurificationetn

2305 1245 2583 1343 prioris
2626 1255 2902 1320 natura
2946 1246 3424 1344 plurificatur
3471 1246 3854 1344 posterius

2304 1362 2448 1435 sibi
2494 1362 2915 1455 inhaerenS,
2960 1371 3034 1437 et
3068 1364 3289 1461 plura
3348 1373 3528 1437 sunt
3580 1362 3857 1437 sunda-

2308 1488 2568 1553 menta
2596 1479 2673 1552 in
2708 1480 3040 1573 Chris‘tO,
3067 1488 3148 1555 ut
3182 1489 3459 1554 natura
3488 1480 3752 1553 divina
3781 1488 3856 1553 et

2304 1596 2674 1688 humana,
2711 1594 2946 1691 igitur
2998 1594 3564 1692 plurificabitur
3611 1604 3854 1693 poste-

2303 1712 2466 1785 rius
2508 1710 2929 1805 inhaerenS,
2963 1720 3045 1785 ut
3079 1711 3343 1786 relatio
3388 1739 3407 1805 ;
3445 1734 3653 1784 nuno
3713 1732 3856 1785 au-

2305 1839 2457 1904 tem
2515 1830 2943 1903 seeundum
3013 1839 3364 1905 naturam
3430 1831 3848 1903 humanam

2303 1955 2418 2021 est
2456 1943 2665 2020 filius
2723 1945 3023 2040 Mariae,
3057 1955 3127 2021 et
3197 1969 3352 2020 non
3422 1946 3851 2021 secundum

2303 2072 2657 2139 naturam
2753 2063 3116 2139 divinam.
3202 2064 3581 2143 Probatur
3671 2066 3843 2158 hoo,

2300 2191 2464 2256 esto
2533 2182 2740 2278 quod
2810 2170 3160 2257 Christus
3264 2182 3530 2258 fuisset
3591 2183 3843 2277 albuS,

2298 2325 2455 2376 non
2515 2302 2781 2377 fuisset
2855 2301 3131 2376 similis
3198 2302 3491 2377 Socrati
3543 2303 3744 2390 albo,
3782 2301 3846 2376 si

2299 2442 2451 2493 non
2487 2428 2689 2494 esset
2720 2421 2880 2495 ulla
2919 2419 3187 2495 relatio
3254 2419 3333 2493 in
3376 2444 3494 2514 e0,
3531 2419 3677 2493 nisi
3739 2420 3849 2493 si-

2300 2536 2651 2613 militudo
2713 2546 3005 2612 aeterna
3061 2536 3269 2611 Patri
3316 2562 3332 2626 ;
3406 2536 3640 2634 igitur
3697 2538 3848 2613 alia

2298 2664 2413 2728 est
2441 2653 2862 2730 similitudo
2917 2654 2995 2729 in
3066 2655 3419 2730 albedine
3478 2655 3840 2729 Socratis

2397 2775 2486 2847 Et
2561 2798 2734 2847 cum
2812 2773 3114 2866 dieitur,
3186 2772 3453 2848 filiatio
3541 2782 3654 2848 est
3742 2773 3845 2848 ita
3876 2774 4086 2827 F¹¹¹³t¹0
4133 2790 4192 2825 ¹⁰

2295 2889 2616 2987 praeoise
2659 2888 3064 2988 suppositi,
3111 2889 3317 2986 quod
3378 2913 3529 2963 non
3595 2898 3845 2986 potest
3873 2852 4010 3015 mnpd
4030 2841 4189 2953 32⁸3ss

2297 3015 2572 3083 natura
2613 3006 2761 3081 diei
2816 3004 3001 3100 filia,
3038 3005 3206 3079 dico
3265 3005 3471 3103 quod
3529 3030 3622 3081 ex
3698 2964 3897 3081 hoo
3899 2965 4215 3079 ‹mximu-

2296 3147 2452 3198 non
2487 3124 2837 3222 sequitur
2870 3121 3072 3222 quod
3106 3121 3374 3199 filiatio
3424 3121 3625 3198 inest
3655 3148 3844 3223 sup-

2295 3243 2542 3341 posito
2575 3241 2742 3317 sine
2821 3241 3350 3317 fundamento.
3418 3240 3617 3328 Quia
3673 3228 3843 3316 'etsi

2297 3362 2512 3435 nulla
2615 3357 2883 3434 relatio
2969 3367 3228 3456 posset
3341 3357 3843 3434 denominare

2296 3475 2883 3551 fundamentum
2966 3498 3224 3568 suum,
3306 3473 3441 3548 sed
3544 3483 3842 3548 tantum

2294 3592 2809 3692 suppositum,
2908 3590 3162 3666 adhuc
3275 3614 3430 3665 non
3557 3590 3847 3666 inesset

2293 3705 2721 3806 supposito,
2757 3704 2907 3781 nisi
2939 3705 3324 3782 mediante
3379 3705 3844 3781 fundamen-

2292 3834 2395 3918 to,
2433 3825 2574 3900 etsi
2645 3824 2921 3900 albedo
2994 3824 3207 3897 nullo
3295 3823 3519 3898 modo
3585 3833 3843 3921 posset

2290 3942 2439 4017 dici
2495 3943 2767 4017 similis
2813 3970 2832 4036 3
2889 3965 3032 4017 neo
3089 3941 3315 4017 etiam
3387 3943 3594 4017 calor
3634 3944 3841 4018 cale—

2290 4059 2641 4152 factivus,
2696 4059 2949 4134 adhuc
3004 4057 3372 4134 habitudo
3431 4058 3837 4135 immedia-

2286 4174 2442 4251 tius
2472 4186 2673 4252 esset
2712 4176 2787 4248 in
2825 4185 3123 4266 natura,
3160 4175 3350 4252 utin
3387 4176 3838 4254 fundamen-

2284 4303 2362 4369 to
2404 4317 2636 4394 quam
2673 4295 2750 4369 in
2785 4293 3213 4393 supposito,

2385 4413 2600 4507 Item,
2706 4411 2768 4487 si
2886 4421 3353 4512 repugnaret
3476 4411 3832 4490 filiationi
3979 4438 4048 4507 5,

2284 4531 2686 4628 temporali
2721 4530 3082 4606 fundari
3063 4555 3140 4605 m
3176 4540 3451 4607 natura
3486 4534 3831 4608 humana
3876 4554 3936 4605 ιη
3966 4556 4177 4608 eodem

2283 4644 2361 4718 in
2398 4646 2726 4737 Christe,
2759 4655 2904 4721 aut
2946 4647 3091 4722 hoc
3124 4656 3325 4724 esset
3387 4648 3592 4723 unde
3626 4650 3829 4725 rela-
3862 4618 4212 4733 ‘2¹0⁰‘332‘Hffi‘

2281 4763 2414 4856 tio,
2451 4774 2583 4838 aut
2653 4764 2854 4839 unde
2920 4764 3187 4840 relatio
3246 4765 3593 4863 originis.
3653 4747 4212 4859 Νοηῗᾷἶζζριοῖἶ-

2282 4880 2488 4955 unde
2523 4879 2817 4973 relati0,
2856 4879 3040 4978 quia
3069 4880 3131 4955 si
3175 4880 3312 4975 sio,
3370 4883 3585 4956 nulla
3627 4885 3867 4959 rela-·
3947 4885 4120 4934 ΨΜ·

2278 4997 2383 5071 tio
2428 5008 2684 5097 posset
2715 5022 2883 5075 esse
2916 4998 2994 5073 in
3048 5009 3323 5075 natura
3364 5002 3706 5078 humana
3746 5003 3827 5077 in

2279 5116 2607 5210 ChristO,
2643 5126 2718 5191 et
2749 5139 2884 5214 per
2914 5139 3401 5214 consequens
3447 5143 3588 5194 nec
3647 5143 3828 5218 pas-

2279 5233 2421 5327 sio,
2458 5257 2599 5310 neo
2641 5233 3062 5309 crucifixio.
3109 5235 3280 5310 Non
3324 5238 3523 5312 unde
3560 5239 3826 5315 relatio

2279 5349 2628 5446 originis,
2677 5350 2861 5449 quia
2926 5351 3353 5427 secundum
3410 5354 3830 5432 Damasce-

2279 5491 2495 5561 num,
2542 5469 2671 5542 lib.
2701 5468 2770 5540 3.
2809 5492 2874 5542 c.
2923 5468 3225 5545 7.Duae
3264 5477 3445 5547 sunt
3500 5497 3830 5571 qenera-

2277 5585 2526 5659 tiones
2580 5593 2653 5660 et
2680 5586 2855 5660 dnae
2882 5586 3319 5666 nativitates
3358 5589 3440 5665 in
3491 5590 3823 5689 Christe,
