4295 6326
1424 469 1653 538 DIST.
1704 466 1961 536 xxlv.
2014 464 2434 546 QUAESTIO
2485 463 2724 533 UNlC.

136 651 370 763 ξ’ἑιέοἰῑὲιθῖ
437 639 841 734 speciebus
912 670 930 733 ;
1040 642 1355 739 quidam
1453 652 1710 717 autem
1797 649 1976 714 sunt

84 775 406 846 rant-avir—
435 755 982 833 delectationes
1074 770 1639 856 consequentes
1728 768 1967 833 actus.

131 839 353 889 ‘mmm’
437 871 655 948 Unde
688 875 1019 950 charitas
1051 876 1156 949 ibi
1184 876 1636 974 exprimitur
1671 876 1974 974 proprio

434 989 772 1077 nomine,
838 991 1191 1066 similiter
1257 1003 1329 1066 et
1389 992 1606 1083 fides,
1679 1017 1853 1089 spes
1895 992 1972 1065 in

432 1105 1038 1201 longanimitate,
1075 1108 1257 1204 quia
1300 1107 1763 1201 longlunz'mz‘s
1794 1132 1977 1206 qua—

429 1220 491 1292 si
559 1220 636 1293 in
716 1223 1031 1318 longum
1112 1224 1457 1297 animose
1528 1234 1965 1320 expectans.

426 1335 765 1412 Virtutes
838 1340 1193 1433 morales,
1260 1340 1618 1414 tortitudo
1702 1340 1776 1412 in
1850 1363 1973 1437 pa-

426 1452 689 1527 tientia
723 1455 1183 1552 exprimitur
1216 1484 1234 1549 ;
1263 1456 1563 1554 justitia
1603 1456 1970 1553 exprimi-

424 1569 655 1641 turin
686 1594 827 1645 sua
867 1572 1152 1670 specie,
1191 1596 1368 1669 quae
1401 1582 1514 1646 est
1550 1571 1970 1645 miscricor-

424 1683 574 1778 dia,
622 1685 696 1759 in
742 1689 887 1762 hoc
944 1689 1148 1787 quod
1196 1688 1475 1762 dicitur
1520 1687 1841 1781 bonito-3,
1897 1695 1970 1762 et

424 1799 501 1873 in
544 1802 695 1875 alia
735 1803 1017 1900 specie,
1079 1827 1254 1902 quae
1308 1814 1422 1879 est
1464 1803 1824 1895 amicitia,
1889 1802 1966 1874 in

429 1917 569 1991 hoc
656 1916 860 2015 quod
970 1918 1248 1992 dicitur
1331 1917 1783 2015 benz‘ynz‘las.
1883 1918 1966 1991 In

423 2034 646 2109 tertia
685 2035 967 2132 specie,
1005 2059 1181 2133 quae
1225 2037 1553 2135 pertinet
1609 2037 1702 2110 ad
1766 2036 1968 2131 regi-

422 2173 596 2225 men
659 2161 734 2225 et
784 2152 1343 2249 subjectionem
1406 2153 1540 2241 ibi,
1604 2176 1966 2227 mansue-

419 2262 633 2354 tudo,
700 2265 822 2338 vel
874 2266 1308 2362 specialiter
1361 2249 1968 2363 ibi‘exprimitur

421 2380 860 2456 obedientia
912 2409 929 2469 3
986 2394 1436 2459 mansuetus
1502 2383 1708 2457 enim
1786 2407 1965 2457 exe-

422 2498 684 2595 quitur
803 2500 1149 2596 injuncta
1257 2500 1422 2575 sine
1536 2524 1957 2574 murmure.

419 2619 952 2716 Temperantia
1030 2620 1108 2693 in
1182 2619 1482 2695 duabus
1560 2620 1964 2718 speciebus

423 2734 901 2832 exprimitur,
974 2734 1266 2809 scilicet
1333 2734 1807 2809 continentia
1893 2741 1968 2808 et

422 2850 790 2925 castitate.
844 2852 1263 2927 Prudentia
1313 2851 1763 2949 exprimitur
1830 2875 1967 2949 per

426 2968 903 3043 modestiam.
943 2968 1342 3044 Modestus
1382 2970 1590 3043 enim
1638 2978 1777 3062 est,
1833 2967 1963 3065 qui

423 3086 737 3161 modum
780 3087 1122 3162 debitum
1156 3096 1365 3186 tenet
1406 3087 1481 3160 in
1527 3087 1853 3185 agendo,
1893 3095 1968 3160 et

424 3204 853 3302 prudentia}
886 3215 1000 3280 est
1030 3206 1378 3282 invenire
1423 3206 1731 3280 modum
1767 3204 1969 3279 debi-

428 3331 587 3395 tum
630 3321 707 3395 in
741 3323 1066 3410 actione,
1122 3334 1194 3398 et
1253 3323 1681 3421 praefigere,
1736 3333 1809 3397 et
1861 3322 1969 3397 sic

432 3438 808 3513 habemus
839 3463 1107 3514 omnes
1156 3439 1479 3514 virtutes
1533 3450 1678 3513 tam
1742 3440 1973 3514 intel-

434 3556 798 3631 lectuales
839 3579 1067 3654 quam
1113 3558 1466 3632 morales.

191 3674 298 3743 13.
529 3672 697 3746 Alia
748 3674 1102 3769 quaedam
1160 3684 1739 3768 enumerantur,
1798 3699 1972 3773 quae

434 3798 614 3862 sunt
675 3791 1028 3886 quaedam
1109 3791 1651 3866 delectationes
1700 3815 1977 3866 conse-

435 3916 759 4003 quentes
819 3917 1101 4003 actum,
1177 3918 1255 3982 ut
1304 3909 1701 4005 gaudium,
1769 3908 1974 4006 quod

436 4035 548 4099 est
588 4026 891 4123 proprie
926 4026 1326 4101 delectatio
1360 4027 1437 4099 in
1475 4029 1975 4120 voluntate,et

434 4166 609 4240 an,
646 4167 822 4240 quae
863 4154 977 4218 est
1043 4144 1415 4219 securitas
1466 4145 1798 4220 habendi
1840 4146 1977 4219 ob-

426 4258 716 4353 jectum
781 4261 947 4336 sine
1004 4261 1542 4358 repugnantia,
1598 4286 1750 4336 non
1795 4270 1977 4336 sunt

435 4379 730 4476 species
759 4380 1364 4477 specialissimae3
1402 4380 1510 4454 sic
1538 4380 1630 4455 de
1656 4380 1975 4455 scientia

432 4494 987 4594 Metaphysica,
1020 4520 1195 4594 quae
1231 4497 1460 4570 habet
1491 4495 1634 4570 sub
1667 4520 1747 4571 se
1783 4497 1975 4569 mul-

435 4620 547 4685 tas
587 4611 910 4709 specieS,
947 4621 1022 4687 et
1058 4612 1432 4686 naturalis
1473 4613 1817 4688 scientia.

529 4727 897 4801 Similiter
977 4728 1362 4825 appetitus
1460 4729 1553 4802 ad
1648 4729 1971 4802 alterum

433 4852 680 4940 potest
738 4844 1075 4917 ordinari
1129 4854 1503 4940 quantum
1557 4844 1647 4917 ad
1711 4844 1975 4917 intrin-

428 4981 691 5031 secum
763 4958 937 5046 sibi,
998 4968 1072 5033 et
1150 4968 1521 5056 quantum
1602 4958 1694 5032 ad
1764 4969 1976 5033 exte-

415 5075 635 5148 ·riora
671 5103 688 5168 3
726 5074 835 5149 sic
867 5075 1168 5172 justitia
1213 5075 1580 5149 dividitur
1630 5087 1710 5150 ut
1767 5077 1976 5150 ordi-

430 5202 657 5265 natur
724 5193 818 5265 ad
904 5192 1334 5290 proximum
1419 5203 1790 5289 quantum
1880 5193 1972 5267 ad

430 5309 836 5402 exteriora,
873 5309 1151 5383 dicitur
1184 5311 1701 5386 communiter
1730 5312 1977 5409 justi-

426 5426 536 5499 tia
612 5426 1183 5518 commutatico,
1249 5425 1551 5522 justitia
1609 5428 1975 5501 ordinans

431 5543 525 5616 ad
561 5543 991 5641 proximum
1039 5554 1412 5640 quantuni
1466 5545 1556 5618 ad
1617 5545 1976 5619 interiora

426 5681 509 5753 jn
555 5684 670 5747 eo,
710 5671 783 5735 et
824 5670 1193 5758 quantum
1231 5660 1322 5732 ad
1367 5659 1733 5759 seipsum,
1800 5686 1974 5759 qufe

613 5805 749 5859 Tou.
792 5804 987 5859 xxm.

3505 457 3634 525 529

2086 650 2200 714 est
2243 639 2644 738 perfectior
2704 636 3106 712 ordinatio.
3176 635 3358 708 Haec
3417 632 3625 707 enim

2085 758 2465 832 ordinatio
2495 767 2634 850 est,
2674 766 2754 830 ut
2796 758 3024 828 homo
3067 753 3162 827 sit
3203 750 3624 849 proximius

2084 875 2159 946 in
2197 874 2559 966 amicitia,
2598 884 2671 948 et
2703 882 2816 947 est
2866 868 3418 969 perfectissima
3466 866 3623 938 vir-

2083 1001 2204 1066 tus
2244 994 2599 1085 moralis3
2646 991 2947 1066 ordinat
2978 988 3183 1064 enim
3218 988 3309 1061 ad
3363 984 3621 1083 proxi·
3669 1023 3943 1083 0295001-

2080 1134 2291 1183 mum
2328 1121 2699 1208 quantum
2746 1108 2838 1183 ad
2873 1131 3100 1181 omne
3134 1105 3338 1203 quod
3375 1111 3619 1201 potest
3652 1088 3973 1197 Ρῗξξξξῗ·

2077 1227 2445 1301 ordinari.
2504 1225 2669 1300 Alia
2718 1226 2962 1299 virtus
3022 1234 3135 1298 est
3187 1221 3618 1297 ordinativa
3648 1208 3943 1322 dffffiiifflffl

2077 1345 2170 1418 ad
2205 1344 2638 1442 proximum
2675 1352 3049 1440 quantum
3083 1341 3176 1415 ad
3220 1339 3620 1436 subjectio·
3737 1348 3878 1384 '⁸¹1¹-

2076 1483 2252 1535 nem
2287 1462 2405 1534 vel
2451 1458 3121 1557 principalitatem,
3169 1480 3345 1554 quae
3388 1454 3620 1551 respi-

2075 1579 2289 1652 ciunt
2319 1577 2715 1675 politicum
2773 1580 3150 1672 quantum
3193 1574 3282 1649 ad
3351 1596 3622 1670 perso-

2074 1720 2215 1770 nas
2250 1695 2665 1787 ordinataS,
2706 1702 2784 1768 ut
2818 1692 3189 1789 subjectio
3224 1701 3296 1765 et
3339 1688 3622 1787 princi-

2074 1824 2325 1909 patuS,
2399 1821 2472 1886 et
2540 1813 2706 1884 haec
2765 1819 2946 1884 sunt
3002 1806 3301 1904 justitia
3361 1804 3620 1879 distri-

2074 1929 2364 2002 butiva.
2455 1928 2644 2001 Istas
2746 1924 3004 1999 docuit
3109 1924 3461 1998 Salvator
3537 1922 3619 1995 in

2072 2044 2472 2137 Matlhaeo,
2540 2053 2909 2141 quantum
2980 2042 3072 2116 ad
3147 2039 3614 2138 oppositum,

2073 2172 2154 2237 ut
2188 2163 2644 2236 ordinantur
2683 2161 2774 2235 ad
2841 2159 3181 2258 seipsum
3238 2165 3615 2256 quantum

2071 2281 2163 2354 ad
2200 2278 2880 2377 concupiscibilem
2913 2287 2986 2352 et
3016 2274 3509 2351 irascibilem.

2171 2398 2349 2472 Ideo
2402 2397 2495 2471 ad
2553 2395 3091 2493 quaestionem,
3143 2402 3349 2491 patet
3405 2393 3610 2490 quod

2069 2516 2420 2607 virtutes,
2467 2513 2978 2588 beatitudines
3020 2523 3093 2587 et
3124 2513 3326 2587 dona
3357 2511 3614 2586 omni-

2072 2655 2171 2704 no
2206 2655 2355 2705 non
2386 2630 2893 2705 sunthabitus
2915 2629 3249 2703 distincti
3272 2629 3604 2703 realiter.

2168 2747 2282 2820 Ad
2317 2756 2795 2843 argumenta.
2860 2746 2970 2820 Ad
3039 2745 3401 2843 primum,
3446 2768 3612 2844 sep·
3643 2710 3956 2837 issnss'iffi:

2069 2874 2222 2939 tem
2259 2862 2395 2938 filii
2430 2872 2610 2938 sunt
2636 2871 2925 2961 septem
2955 2861 3303 2946 virtuteS,
3351 2869 3609 2936 tamen

2072 2982 2224 3056 duo
2265 2980 2466 3055 dona
2522 2990 2702 3055 sunt
2759 2979 2948 3055 fides
2997 2980 3076 3053 in
3121 2979 3273 3072 via,
3332 2986 3406 3053 et
3464 2977 3616 3053 alia

2073 3098 2384 3174 habitus
2425 3097 2497 3172 in
2545 3097 2790 3197 patria
2829 3096 3187 3173 existens.

2171 3216 2283 3290 Ad
2339 3214 2575 3301 aliud,
2641 3215 2978 3290 concedo
3039 3221 3611 3310 argumentum,

2077 3332 2261 3432 quia
2290 3332 2352 3405 si
2396 3330 3016 3407 essentdistincti
3075 3330 3412 3424 habituS,
3458 3351 3615 3402 non

2077 3460 2333 3528 essent
2366 3449 2713 3524 virtuteS.

2176 3568 2285 3641 Ad
2319 3566 2551 3652 aliud,
2584 3566 2663 3639 in
2705 3565 3172 3663 oppositum,
3208 3563 3377 3637 dico
3411 3561 3618 3659 quod

2077 3706 2451 3758 numerus
2482 3690 2596 3756 est
2635 3679 3145 3779 septenarius,
3183 3703 3334 3753 non
3387 3675 3619 3751 insis-

2077 3799 2310 3873 tendo
2353 3798 2426 3870 in
2474 3797 2907 3894 speciebus.

2176 3915 2284 3988 Ad
2330 3914 2517 3987 illud
2557 3938 2571 3987 :
2626 3912 3143 4011 Philosophus
3199 3909 3424 4007 ponit
3467 3909 3618 3982 vir-

2078 4037 2313 4105 tutem
2345 4030 2760 4122 heroicam,
2799 4026 2968 4102 dico
3010 4028 3211 4125 quod
3244 4028 3406 4126 ipse
3438 4024 3624 4098 dicit

2080 4146 2285 4244 quod
2352 4146 2425 4219 in
2490 4167 2980 4242 quacumque
3028 4143 3364 4218 bonitate
3443 4147 3624 4215 sunt

2078 4272 2409 4360 quatuor
2448 4261 2757 4358 gradus,
2837 4258 2967 4356 qui
3038 4267 3218 4332 sunt
3274 4256 3617 4352 ejusdem

2080 4380 2389 4456 habitus
2450 4380 2526 4452 in
2575 4379 2858 4477 specie,
2924 4376 3215 4451 scilicet
3273 4399 3624 4472 perseve-

2079 4496 2353 4588 rantia,
2391 4494 2889 4586 continentia,
2953 4493 3486 4590 temperantia,
3547 4504 3621 4568 et
3741 4574 3790 4590 ..
3851 4577 3861 4590 ο

2080 4616 2388 4692 heroica
2472 4614 2742 4705 virtuS,
2843 4636 3017 4709 qua}
3113 4621 3226 4685 est
3310 4612 3618 4687 habitus
3648 4578 3970 4692 3333&

2077 4730 2423 4827 ejusdem
2457 4727 2768 4826 speciei,
2805 4728 3188 4803 excellens
3225 4737 3512 4822 tamen,
3547 4738 3620 4803 et
3704 4705 3916 4756 cenans.

2079 4847 2425 4945 ejusdem
2477 4844 2791 4919 rationis
2863 4867 3038 4918 cum
3099 4843 3245 4917 alia
3305 4845 3616 4931 virtute,

2080 4989 2256 5063 quae
2289 4974 2403 5039 est
2433 4964 2690 5037 minus
2717 4964 3072 5067 perlecta.
3114 4960 3238 5035 Sic
3271 4962 3364 5036 ad
3394 4987 3625 5060 oppo-

2080 5082 2340 5174 situm,
2375 5078 2793 5154 bestialitas
2839 5088 2952 5152 est
3018 5077 3302 5151 malitia
3372 5080 3626 5153 excel-

2081 5199 2250 5272 lens
2283 5197 2358 5270 in
2402 5196 2668 5271 eadem
2730 5194 2982 5292 specie
3060 5194 3252 5287 vitii,
3324 5195 3444 5270 vel
3485 5197 3628 5269 for-

2083 5313 2308 5388 tassis
2349 5313 2422 5385 in
2469 5311 2644 5405 alia,
2682 5310 2864 5408 quia
2905 5311 3107 5385 circa
3139 5310 3344 5384 aliud
3380 5310 3630 5408 objec-

2082 5439 2270 5503 tum.
2312 5429 2459 5504 Sed
2500 5438 2578 5503 ut
2619 5428 2793 5525 quis
2852 5427 3159 5501 heroice
3216 5437 3413 5525 agat,
3471 5451 3621 5500 non

2084 5544 2501 5641 requiritur
2536 5544 2742 5617 aliud
2777 5543 3189 5639 objectum,
3245 5543 3375 5617 sed
3421 5543 3623 5640 quod

2085 5649 2249 5760 ipsa
2281 5663 2376 5737 sit
2417 5663 2801 5737 excellens
2847 5660 3114 5734 virtus.

3681 956 3953 1022 subjectio

3377 5807 3444 5859 34
