4295 6326
636 428 645 432 ’
737 444 868 515 598

745 620 964 692 culos
1022 615 1198 689 fidei
1245 614 1489 710 magis
1520 635 1748 710 quam
1794 612 1854 684 si
1892 634 2288 707 nunquam

749 738 1021 811 fuisset
1059 733 1486 832 baptizatus
1524 758 1540 817 ;
1579 755 1787 826 ergo.
1826 731 1983 804 Nec
2062 729 2292 821 sacili-

742 864 858 928 ter
911 852 1139 927 etiam
1204 850 1442 923 credit
1519 872 1654 946 per
1712 847 2057 921 habitum
2113 844 2287 917 fidei

741 971 1079 1043 infusum
1149 966 1293 1040 sibi
1396 966 1470 1038 in
1564 964 1956 1062 Baptismo
2048 962 2291 1058 magis

741 1110 969 1183 quam
1059 1085 1258 1158 alius
1334 1106 1486 1156 non
1566 1081 1995 1177 baptizatus
2068 1103 2083 1165 ;
2167 1103 2291 1152 er-

744 1227 840 1298 go
920 1200 1221 1299 purvuli
1313 1222 1469 1271 non
1554 1195 1933 1293 recipiunt
2027 1192 2285 1286 fidem,

741 1341 884 1392 nec
934 1340 1066 1413 per
1124 1336 1610 1411 consequens
1662 1309 2011 1385 effectum
2083 1311 2290 1406 Bap-

742 1435 972 1508 tismi.

840 1551 1358 1625 Confirmatur
1406 1546 1902 1644 minor,'quia
1933 1548 2023 1621 ad
2061 1547 2281 1620 Rom.

745 1671 859 1743 10.
932 1667 1123 1764 fi'des
1201 1674 1311 1742 est
1349 1690 1445 1740 eoe
1502 1665 1767 1739 audica
1802 1692 1819 1756 ;
1859 1664 2050 1736 nulli
2104 1685 2286 1756 ergo

741 1787 965 1860 datur
1005 1784 1222 1871 fides,
1269 1784 1418 1856 nisi
1465 1783 1576 1855 illi
1618 1782 1745 1878 qui
1783 1790 1895 1854 est
1935 1779 2286 1854 docibilis

736 1901 1166 1976 secundum
1196 1899 1582 1991 auditum,
1634 1896 2066 1993 cujusmodi
2127 1919 2282 1970 nou

735 2030 920 2093 sunt
953 2017 1280 2116 parvuli.

836 2135 1052 2226 Item,
1146 2133 1519 2208 secundo.
1558 2129 2060 2205 confirmatur
2144 2130 2288 2203 ista

744 2248 992 2324 minor
1019 2252 1127 2325 sic
1174 2275 1189 2324 :
1237 2251 1313 2324 Si
1367 2250 1576 2324 Deus
1633 2247 1855 2321 modo
1923 2246 2287 2320 infunde-

745 2379 857 2443 ret
916 2368 1143 2442 alicui
1216 2367 1558 2441 habitum
1632 2363 2084 2438 Geometriae
2154 2386 2287 2437 oc-

740 2484 1232 2558 currentibus
1290 2481 1954 2581 phantasmatibus
2023 2479 2288 2555 termi-

732 2626 1013 2678 norum
1070 2601 1701 2687 Geometralium‚
1766 2610 2025 2695 posset
2074 2599 2280 2672 exire

735 2723 806 2794 in
867 2731 1119 2795 actum
1164 2717 1670 2810 Geometriae3
1709 2740 1892 2813 ergo
1936 2740 1980 2790 a
2012 2716 2275 2809 simili,

723 2839 788 2913 si
848 2839 1080 2914 ¹Deus
1180 2837 1535 2911 infundat
1598 2835 1822 2910 fidem
1922 2836 2275 2933 parvuIO,

725 2954 891 3052 ipso
938 2964 1202 3051 postea
1267 2954 1597 3027 habente
1638 2974 1866 3027 usum
1928 2950 2273 3039 rationis,

725 3070 1315 3145 occurrentibus
1409 3067 2080 3168 phantasmatibus
2185 3068 2275 3141 de

728 3189 991 3286 aliquo
1034 3187 1357 3261 articulo
1394 3184 1598 3279 fidei,
1661 3195 1909 3283 potest
1949 3185 2153 3259 exire
2196 3185 2269 3258 in

730 3314 982 3378 actum
1021 3301 1413 3391 credendi,
1444 3310 1518 3376 et
1548 3299 1653 3374 ita
1692 3299 2275 3373 occurrentibus

728 3418 1395 3516 phantasmatibus
1444 3416 1667 3489 istius
1701 3415 2029 3509 articuli,
2065 3439 2275 3489 mor-

724 3526 843 3611 taz·
880 3540 1311 3630 reszmyemt,
1369 3533 1533 3608 sine
1577 3531 1726 3605 alia
1759 3532 2101 3607 ulteriori
2156 3533 2274 3604 in-

724 3648 1180 3724 formatione
1258 3648 1629 3741 crederet,
1705 3647 1907 3744 quod
1996 3649 2271 3720 falsum

721 3777 867 3861 est,
915 3767 1098 3864 quia
1134 3768 1395 3840 nullus
1439 3765 1833 3839 invenitur
1879 3764 2079 3858 talis,
2119 3765 2270 3838 imo

722 3895 1440 3983 quantumcumque
1549 3883 1826 3957 habeat
1923 3882 2268 3956 habitum

723 4002 930 4087 fidei,
979 4002 1124 4076 nisi
1177 4000 1486 4074 aliunde
1540 3999 2018 4092 informetur,
2078 4022 2270 4073 sem-

721 4126 859 4216 per
888 4118 1266 4216 judicabit
1305 4117 1740 4215 oppositum
1775 4141 1939 4191 esse
1965 4141 2260 4191 verum.

819 4235 1337 4309 Consu-matur
1387 4235 1606 4308 tertio
1676 4234 1938 4307 eadem
2015 4234 2268 4309 minor

719 4354 825 4429 sic
895 4377 910 4427 :
978 4352 1119 4438 Qui
1193 4375 1347 4423 non
1418 4352 1638 4425 aliter
1710 4375 1790 4424 se
1875 4351 2103 4425 habet
2168 4353 2262 4425 ad

718 4468 1133 4565 agendum,
1171 4490 1401 4564 quam
1446 4466 1672 4558 alius,
1710 4467 2008 4539 nullum
2056 4468 2265 4540 habi·

717 4596 875 4660 tum
925 4585 1178 4683 hab-et,
1230 4606 1459 4679 quem
1528 4606 1680 4656 non
1740 4583 1970 4656 habet
2004 4583 2256 4676 alius3

719 4704 848 4778 sed
891 4725 1080 4800 puer
1111 4700 1537 4798 baptizatus
1567 4704 1647 4773 se
1676 4700 1896 4773 aliter
1936 4723 2087 4772 non
2135 4702 2264 4773 ba-

717 4822 845 4895 bet
905 4820 997 4893 ad
1031 4817 1527 4910 credendum,
1578 4839 1806 4915 quam
1872 4840 2062 4913 puer
2103 4841 2257 4890 non

718 4918 1171 5034 baptizatus,
1209 4935 1389 5032 quia
1434 4959 1584 5007 non
1617 4933 1914 5008 facilius
1946 4934 2261 5008 inclina-

711 5067 837 5129 tur
876 5056 965 5128 ad
1002 5053 1253 5128 actum
1309 5051 1670 5149 credendi
1714 5076 1848 5149 per
1890 5051 2259 5125 informa-

706 5162 1021 5263 tionem,
1057 5193 1287 5267 quam
1325 5169 1555 5262 aliuS,
1589 5168 1886 5244 caeteris
1910 5169 2251 5265 paribus,

705 5313 847 5363 nec
874 5286 1103 5361 etiam
1134 5285 1529 5359 difficilius
1567 5285 1919 5359 dissentit
1953 5286 2260 5360 haeresi-

708 5408 880 5495 buS,
931 5408 1161 5500 quam
1208 5425 1400 5498 puer
1437 5426 1590 5474 non
1644 5401 2097 5499 baptizatus,
2138 5403 2254 5475 vel

714 5522 777 5596 si
821 5522 983 5619 ipse
1043 5544 1192 5592 non
1248 5530 1448 5594 esset
1524 5520 1975 5618 baptizatus.
2044 5521 2258 5595 Patet

713 5638 1436 5738 experimentaliter.

2034 476 2041 482 ·
2114 436 2356 504 LIBRI
2403 436 2522 504 IV.

2500 612 2607 683 Ad
2653 605 3072 710 principale
3106 638 3347 711 arguo
3391 617 3730 690 secundo
3769 618 3877 690 sic
3922 642 3936 690 :
3981 640 4259 699 Argumen-

2402 725 2883 824 Quicumque
2930 730 3198 827 recipit
3239 730 3591 805 effectum
3659 734 3945 829 gratio-

2401 867 2602 937 sum,
2660 845 2820 920 Deo
2900 849 3111 945 prius
3165 850 3686 946 conjungitur,
3761 854 3945 948 quia

2402 984 2555 1034 non
2590 962 2716 1036 (lat
2765 965 3088 1060 gratiam
3134 990 3281 1041 non
3322 968 3635 1054 volenti,
3683 981 3756 1044 et
3821 970 3948 1043 in-

2401 1077 2796 1174 dispositO,
2862 1092 2935 1154 et
2998 1081 3380 1178 disjuncto
3440 1085 3533 1158 ab
3584 1108 3738 1179 eo;
3809 1087 3945 1160 sed

2401 1196 2841 1291 conjunctio
2901 1222 3055 1272 non
3132 1198 3216 1272 fit
3291 1224 3464 1273 cum
3540 1201 3728 1295 Deo,
3794 1203 3944 1277 nisi

2398 1334 2536 1410 per
2603 1310 2861 1399 fidem,
2908 1314 3012 1388 ad
3045 1316 3268 1389 Rom.
3317 1318 3384 1389 5.
3451 1342 3632 1414 ergo
3675 1319 3737 1393 si
3784 1343 3940 1394 non

2399 1427 2775 1502 habeatur
2814 1428 3031 1525 fides,
3069 1457 3222 1506 non
3258 1434 3755 1531 conjungitur
3796 1436 3941 1511 sibi

2376 1567 2534 1639 per
2566 1546 2917 1640 gratiam,
2958 1561 3030 1621 et
3070 1573 3206 1646 per
3263 1574 3749 1649 consequens
3781 1577 3936 1626 non

2402 1662 2783 1758 recipiunt
2813 1664 3164 1740 effectum
3200 1669 3600 1766 Baptismi.

2496 1781 2801 1874 Contra,
2865 1785 3346 1879 Augustinus
3388 1787 3464 1859 in
3537 1789 3930 1865 Enchirid.

2399 1920 2565 1995 cap.
2598 1899 2714 1970 34.
2756 1902 2940 1975 etde
2974 1926 3317 1978 consecr.
3357 1906 3532 1979 dist.
3564 1908 3633 1980 4.
3670 1909 3937 2007 Apar-

2394 2011 2570 2085 vulo
2596 2024 2937 2089 recenter
2975 2025 3151 2093 nato
3189 2045 3422 2119 usque
3454 2024 3558 2097 ad
3592 2025 3932 2121 decrepi-

2396 2135 2556 2203 tum
2579 2155 2862 2223 senem,
2907 2135 3106 2209 sicut
3131 2136 3393 2212 nullus
3416 2140 3869 2237 prohibetur
3889 2169 3939 2218 a

2393 2245 2821 2342 Baptismo,
2903 2252 3010 2324 ila
3074 2252 3335 2327 nullus
3394 2262 3527 2348 est,
3589 2258 3727 2354 qui
3778 2281 3934 2333 non

2393 2364 2771 2438 moriatur
2809 2374 3116 2462 peccato
3176 2370 3257 2442 in
3295 2371 3698 2469 Baptismo
3742 2402 3760 2467 3
3799 2378 3934 2449 sed

2393 2480 2658 2554 nullus
2692 2483 3017 2555 moritur
3048 2496 3387 2581 peccato,
3425 2488 3573 2562 nisi
3618 2489 3939 2587 recipiat

2393 2595 2714 2692 gratiam
2743 2626 2762 2691 3
2801 2622 3010 2694 ergO,
3048 2611 3189 2674 etc.

2877 3010 3277 3086 QUAES‘MO
3330 3011 3450 3079 111.

2392 3179 2638 3243 Utrum
2671 3178 3018 3262 parvulus
3061 3181 3136 3246 in
3188 3189 3382 3249 utero
3423 3187 3671 3254 matris
3704 3191 3933 3273 possit

2947 3282 3290 3370 baptizari
3332 3284 3370 3351 ?

2383 3470 2578 3528 AlenS.
2614 3474 2666 3529 4.
2699 3478 2845 3542 part.
2879 3484 3075 3546 quam.
3110 3476 3198 3531 47.
3233 3478 3469 3533 membro
3520 3481 3572 3536 ἱ).
3621 3480 3687 3536 Ι).
3738 3482 3930 3539 Bona-

2453 3548 2608 3600 vent..
2641 3545 2767 3601 dist.
2791 3546 2844 3600 6.
2877 3556 3027 3618 part.
3059 3549 3112 3601 2.
3148 3557 3254 3605 art.
3289 3566 3327 3604 1.
3363 3559 3547 3621 quaest.
3583 3570 3620 3608 1.
3650 3552 3925 3611 Richard.

2382 3668 2390 3673 .
2452 3626 2561 3672 art.
2595 3617 2651 3673 2.
2685 3628 2873 3687 quaest.
2911 3634 2949 3674 1.
2981 3618 3047 3674 D.
3080 3619 3334 3676 Thomas
3387 3629 3580 3693 quoest.
3629 3642 3668 3678 1.
3718 3636 3830 3682 arc.
3885 3644 3924 3682 1.

2452 3691 2504 3741 et
2532 3688 2585 3743 3.
2610 3698 2758 3759 part.
2793 3695 2987 3760 quaest.
3020 3692 3110 3745 68.
3144 3701 3248 3747 arc.
3289 3693 3371 3748 1t.
3407 3695 3618 3750 Suarez
3648 3695 3746 3751 ibi.
3781 3697 3925 3768 disp.

2391 3802 2397 3807 .
2449 3760 2698 3886 ‘ggii-sect.
2764 3762 2819 3816 3.
2870 3767 2926 3817 et
2974 3779 3179 3819 omnes
3223 3771 3438 3835 negant
3481 3776 3684 3823 contra
3740 3768 3923 3840 Cajet.

2452 3848 2467 3883 ι
2510 3848 2525 3886 ι
2573 3875 2585 3888 .

2473 4007 2840 4101 Arguitur
2871 4010 3074 4105 quod
3113 4011 3247 4085 sic.
3283 4011 3589 4088 Donum
3623 4015 3759 4090 Dei
3791 4029 3918 4091 ⁴est

3978 706 4101 752 tum
4126 720 4274 754 secun-

4080 769 4224 820 dum.

4009 1798 4172 1846 Ratio
4196 1799 4253 1870 ad

4018 1869 4237 1924 oppOfflL

4073 4045 4143 4111 3.

2378 4120 2812 4219 perfectius,
2883 4147 3113 4222 quam
3197 4138 3592 4224 peccatum
3671 4134 4245 4230 Adae;argumeq-

2375 4247 2771 4333 peccatum
2806 4241 2991 4314 illud
3029 4244 3916 4325 transfunditura'matre

2374 4352 2447 4425 in
2482 4352 2762 4447 filium,
2795 4356 2973 4428 dum
3020 4366 3134 4430 est
3182 4359 3260 4431 in
3318 4369 3579 4435 ventre
3641 4367 3916 4439 «matris

2373 4494 2563 4562 suae,
2602 4472 2892 4567 quiain
2949 4474 3188 4548 Adam
3224 4492 3494 4552 omnes
3557 4480 3730 4553 facti
3782 4508 3915 4556 su-

2371 4612 2544 4661 mus
2587 4588 2744 4683 rei>3
2793 4590 2854 4662 si
2890 4614 3070 4687 ergo
3120 4592 3408 4667 donum
3471 4596 3607 4670 Dei
3652 4601 3916 4674 conle-

2373 4715 2582 4779 ratur
2677 4707 2925 4801 matri,
3035 4733 3208 4782 cum
3296 4712 3392 4785 sit
3503 4716 3915 4811 perfectius

2369 4832 2441 4895 et
2469 4821 2883 4917 efficaciuS,
2913 4835 3159 4923 potest
3200 4852 3528 4925 purgare
3560 4843 3911 4930 matrem,

2370 4947 2443 5010 et
2483 4939 2832 5015 similiter
2871 4941 3112 5016 filium
3150 4944 3317 5038 ejus
3366 4946 3442 5019 iu
3480 4957 3720 5022 utero,

2468 5057 2683 5151 Item,
2730 5058 2792 5131 si
2862 5061 3119 5165 puella
3191 5065 3778 5161 manumittitur,
3834 5079 3907 5143 et

2368 5174 2575 5251 filius
2621 5177 2786 5272 ejus
2840 5179 2918 5250 in
3001 5190 3215 5254 utero
3279 5186 3839 5262 manumittitur
3883 5218 3900 5283 3

2371 5316 2551 5389 ergo
2586 5293 2647 5366 si
2692 5295 2969 5369 mulier
3026 5296 3395 5372 liberatur
3425 5323 3467 5372 a
3507 5303 3902 5399 servitute,

2372 5416 2445 5480 et
2484 5405 2690 5481 filius
2724 5407 2889 5504 ejus
2923 5409 3273 5485 similiter
3314 5413 3390 5485 in
3437 5427 3652 5491 utero
3703 5419 3910 5493 exis-

2371 5534 2540 5597 tens
2577 5552 2593 5616 ;
2641 5548 2822 5621 ergo
2865 5525 2926 5599 si
2964 5537 3205 5601 mater
3237 5529 3603 5605 liberatur
3643 5557 3688 5607 a
3725 5559 3910 5632 pec-

2375 5651 2566 5727 cat0,
2613 5650 2687 5715 et
2740 5641 2947 5715 filius
3007 5643 3172 5740 ejus
3232 5645 3306 5719 in
3386 5656 3627 5744 utem,
3691 5660 3763 5725 et
3802 5651 3907 5727 ita

3983 4228 4104 4273 tum
4151 4240 4243 4288 pn·

4031 4302 4201 4338 mum.

3994 5077 4196 5125 Secun-

4033 5138 4180 5187 dumi
