4295 6326
396 2255 502 2323 11.

276 2371 483 2421 Deeisio
528 2386 580 2436 q.

335 2436 395 2504 4.·
417 2449 568 2508 supe-

354 2512 529 2547 riorus.

329 3634 409 3683 Ad
445 3647 555 3696 arg.

303 3699 555 3761 primum.

359 3776 409 3824 q.
445 3764 494 3810 4.

297 3824 559 3885 Rejieitur

322 3888 546 3936 aliorum

266 3949 569 4015 responsio.

282 5043 554 5118 Resolutio

312 5121 549 5170 propria.

624 405 755 473 248

629 578 966 652 solutum
1002 580 1186 654 illud
1213 581 1309 655 sit
1340 581 1666 677 alicujus
1691 579 2164 677 posterioriS,

629 697 824 771 bene
864 706 1137 794 potest,
1183 700 1366 795 quia
1439 699 1824 772 distinctio
1894 697 2172 796 prioris

631 813 914 887 sufficit
945 815 1038 886 ad
1081 816 1555 890 causandum
1597 815 2170 889 distinctionem

631 931 1102 1028 posterioris.

1162 1227 1525 1284 SCHOLIUM
1567 1228 1635 1286 ΙΙ.

698 1381 781 1437 Ad
837 1382 1213 1454 quaestionem
1274 1389 1566 1456 quartam,
1620 1400 1795 1440 unam
1856 1402 2170 1458 personam

623 1488 794 1541 posse
826 1488 1122 1529 assumere
1155 1474 1349 1544 plures
1378 1480 1638 1540 naturas,
1691 1475 1822 1546 quia
1869 1474 1964 1530 hie
2011 1474 2174 1531 nulla

623 1567 713 1619 est
752 1563 1176 1634 repugnantia3
1238 1580 1303 1619 eo
1362 1581 1501 1621 casu
1566 1565 1666 1620 illa
1724 1582 1970 1637 persona
2018 1569 2174 1622 esset

624 1651 820 1722 plures
853 1652 1145 1709 homines,
1180 1653 1256 1710 De
1307 1654 1413 1710 hoe
1473 1655 1634 1711 Dect.
1693 1654 1752 1710 in
1815 1655 1997 1712 Oxon.
2051 1656 2169 1724 hle,

623 1746 825 1797 contra
848 1742 1199 1799 Richardum
1231 1748 1583 1800 asserentem
1636 1745 1790 1816 quod
1845 1762 1959 1801 non
2016 1751 2172 1801 esset

624 1845 775 1886 unus
807 1830 1006 1896 homo,
1040 1848 1144 1887 neo
1177 1832 1393 1904 plures,
1426 1838 1483 1889 et
1531 1832 1706 1888 latius
1738 1833 1971 1905 „ibidem
2016 1852 2054 1890 1.
2110 1835 2169 1889 d.

624 1921 709 1975 12.
746 1920 843 1976 ubi
877 1921 1137 1977 redditur
1168 1923 1311 1978 ratio
1333 1939 1512 1993 quare
1548 1923 1710 1979 Pater
1738 1928 1795 1979 et
1821 1923 2004 1979 Filius
2036 1929 2174 1980 sunt

623 2027 778 2068 unus
810 2011 1087 2084 spirator,
1128 2017 1188 2069 et
1218 2013 1335 2070 duo
1360 2014 1675 2085 spirantes,

724 2208 835 2281 Ad
905 2208 1323 2282 secundam
1394 2209 1930 2305 qufestionem,
1993 2233 2166 2283 eum

628 2326 1001 2422 quaeritur
1032 2350 1128 2399 an
1185 2329 1447 2423 plures
1505 2336 1803 2401 naturae
1871 2328 2171 2425 possint

627 2442 1041 2518 subsistere
1076 2443 1151 2516 in
1188 2443 1454 2518 eadem
1503 2468 1832 2541 persona
1905 2445 2166 2537 simul,

628 2563 796 2637 dico
832 2563 1035 2661 qued
1092 2563 1228 2655 sic,
1311 2563 1495 2659 quia
1553 2587 1707 2637 non
1786 2572 1902 2638 est
1943 2587 2173 2661 repu-

626 2680 942 2775 gnantia
1015 2679 1245 2754 unius
1309 2689 1607 2754 naturae
1718 2690 1994 2754 creatae
2074 2682 2170 2755 ad

627 2798 856 2871 aliam
940 2797 1016 2869 in
1097 2797 1392 2870 ratione
1469 2797 2005 2895 dependentia}
2075 2797 2168 2872 ad

629 2914 978 2988 eamdem
1020 2937 1459 3010 personam,
1507 2937 1759 3011 neque
1801 2923 1914 2988 est
1955 2937 2174 3011 repu-

627 3030 944 3126 gnantia
984 3053 1076 3104 ex
1120 3040 1332 3127 parte
1391 3029 1725 3116 termini,
1791 3031 1975 3127 quia
2015 3053 2172 3104 una

626 3156 881 3222 creata
930 3155 1206 3221 natura
1263 3171 1416 3220 non
1485 3146 1841 3244 adaequat
1894 3156 2172 3245 poten—

620 3265 810 3339 tiam
845 3288 1201 3362 persona}
1238 3265 1520 3339 divina}
1555 3293 1573 3357 ;
1642 3288 1970 3362 persona
2023 3266 2173 3362 igi-

633 3394 759 3456 tur
790 3382 1238 3480 simpliciter
1267 3392 1514 3479 potest
1552 3382 1813 3480 plures
1856 3393 2171 3458 naturas

634 3499 1102 3574 extrinsecas
1137 3522 1576 3597 personare.

724 3618 836 3692 Ad
879 3617 1213 3714 primum
1247 3616 1715 3714 principale:
1747 3615 2172 3715 Illadsap-

614 3736 952 3834 positum
988 3742 1119 3809 (ιιιί
1160 3742 1268 3808 est
1309 3759 1503 3808 unus
1534 3734 1785 3825 homo,
1823 3742 1953 3808 aut
1980 3734 2169 3831 plu-

621 3880 740 3929 res
766 3854 1113 3929 homines
1134 3854 1173 3924 ἱ)
1203 3853 1500 3927 Dicitur
1530 3854 1735 3950 quod
1768 3863 2021 3950 neque
2060 3854 2168 3927 sic

618 3998 870 4073 neque
904 3973 1039 4047 sic.
1078 3971 1227 4045 Sed
1271 3971 1457 4045 illud
1502 3996 1657 4044 non
1710 3973 1937 4060 valet,
1985 3972 2169 4069 quia

612 4094 817 4168 circa
835 4117 973 4168 ens
1002 4090 1393 4166 suntidcm
1413 4099 1485 4163 et
1506 4089 2167 4164 diecrszcmimme-

610 4210 837 4285 diatae
867 4208 1346 4302 differentias,
1393 4219 1465 4282 et
1495 4233 1732 4282 unum
1769 4216 1841 4282 et
1890 4208 2161 4302 mulla,

610 4338 751 4404 etc.
802 4328 882 4401 in
928 4327 1043 4398 10.
1091 4325 1672 4424 illetczpleysz'caa.
1728 4325 1807 4397 Si
1867 4325 2166 4399 dicatur

610 4444 815 4543 quod
870 4455 984 4518 est
1051 4466 1295 4516 unum
1351 4442 1863 4540 suppositum,
1930 4442 2165 4538 igitur

609 4563 870 4659 plures
898 4570 1194 4633 naturae
1221 4567 1333 4633 est
1361 4582 1598 4631 unum
1642 4557 2155 4655 suppositum.

612 4678 690 4752 Si
725 4677 1024 4751 dicatur
1077 4676 1279 4773 qued
1361 4685 1541 4751 sunt
1570 4686 1723 4750 tres
1774 4677 2155 4771 homineS,

613 4794 966 4892 sequitur
997 4795 1202 4891 quod
1240 4802 1388 4869 tres
1419 4816 1771 4893 personoe
1800 4804 1980 4868 sunt
2006 4803 2160 4869 tres

617 4912 749 4986 dii.

711 5030 899 5104 Dico
942 5053 1124 5124 crgo
1186 5029 1389 5125 quod
1460 5029 1521 5103 si
1575 5029 1747 5103 duae
1815 5029 2157 5104 scientife

613 5157 872 5223 essent
922 5148 997 5220 in
1057 5151 1199 5222 hoc
1255 5147 1571 5241 sciente,
1608 5158 1680 5222 et
1721 5146 2159 5221 dicerentur

611 5268 703 5339 de
779 5290 867 5339 eo
956 5264 1029 5336 in
1105 5264 1511 5356 abstracte,
1575 5273 1756 5337 tunc
1809 5264 2158 5361 sequitur

612 5383 819 5481 quod
862 5391 1117 5457 essent
1159 5381 1310 5454 duo
1379 5382 1737 5469 scienteS,
1793 5380 1974 5478 quia
2016 5391 2157 5455 ter-

611 5502 868 5574 minus
912 5498 1332 5573 numeralis
1400 5521 1702 5595 semper
1760 5508 1873 5572 est
1913 5498 2158 5593 adJec-

600 5618 879 5706 tivum,
940 5625 1013 5690 et
1067 5613 1280 5713 penit
1350 5638 1574 5687 suum
1637 5612 2153 5710 significatum

1988 406 2231 475 LIBRI
2277 407 2400 478 111.

2285 578 2485 653 circa
2545 604 2769 654 suum
2835 582 3446 669 substantivum3
3521 578 3692 652 ideo
3761 575 3824 648 si

2284 695 2608 789 dicatur,
2673 695 2806 769 ille
2847 703 2957 770 est
3018 697 3167 770 cluo
3242 696 3648 794 sapienteS,
3706 692 3827 764 hic

2283 822 2463 886 sunt
2510 813 2661 886 duo
2719 813 3121 909 adjectiva,
3195 814 3365 887 ideo
3408 818 3640 910 ponet
3673 819 3828 883 ter-

2281 928 2540 1003 minus
2581 930 3003 1004 numeralis
3044 955 3270 1004 suum
3306 926 3822 1025 significatum

2281 1045 2484 1119 cirea
2532 1070 2761 1120 suum
2812 1046 3379 1132 substantivum
3449 1042 3827 1118 subintel-

2283 1162 2564 1235 lectum
2611 1163 2687 1234 in
2724 1163 2890 1247 hec,
2943 1168 3055 1237 est
3095 1162 3272 1235 cluo,
3325 1160 3475 1234 Sed
3517 1157 3826 1256 quando

2282 1290 2396 1355 est
2436 1279 2809 1355 terminus
2842 1279 3400 1370 substantivus,
3448 1276 3572 1350 cui
3614 1273 3828 1348 addi-

2279 1406 2402 1470 tur
2503 1396 2873 1470 terminus
2983 1394 3436 1487 numeraliS,
3521 1392 3831 1466 denotat

2281 1535 2458 1586 eum
2493 1511 2932 1586 immediate
2966 1509 3400 1603 numerari,
3449 1508 3620 1582 ideo
3650 1531 3827 1580 con·

2280 1630 2628 1704 cederem
2681 1630 2884 1727 quod
2955 1629 3018 1703 si
3081 1629 3318 1703 Filius
3400 1635 3828 1701 assumeret

2280 1746 2541 1843 plures
2600 1756 2917 1819 naturas
3018 1746 3276 1831 simul,
3351 1743 3558 1841 quod
3628 1753 3828 1816 esset

2283 1887 2485 1938 unus
2529 1866 3024 1957 humanatuS,
3071 1863 3202 1938 sed
3254 1871 3509 1936 tamen
3564 1863 3826 1959 plures

2279 1980 2658 2055 homines.
2696 1981 2855 2054 Nec
2908 1990 3217 2079 propter
3268 1981 3411 2052 hoc
3474 1977 3827 2074 sequitur

2281 2098 2486 2195 quod
2558 2096 2848 2171 liabens
2943 2098 3204 2194 plures
3294 2094 3656 2168 scientias
3733 2093 3828 2166 sit

2280 2216 2541 2311 plures
2574 2214 2933 2306 scienteS,
2979 2212 3110 2287 sed
3149 2236 3352 2285 unus
3406 2211 3688 2304 seienS,
3721 2210 3828 2284 si-

2281 2341 2408 2404 cut
2476 2330 2712 2405 Filius
2804 2355 3007 2404 unus
3075 2331 3571 2432 huflmanatuS,
3630 2328 3827 2402 sicut

2280 2447 2567 2521 dictum
2621 2456 2734 2522 est
2792 2448 2873 2520 in
2930 2447 3190 2544 primo
3263 2444 3456 2519 libro
3527 2445 3619 2518 de
3684 2444 3825 2518 liae

2283 2567 2607 2637 materia
2657 2561 3303 2636 distinctionem.
3352 2561 3555 2659 quod
3599 2561 3827 2635 Pater

2281 2691 2354 2754 et
2381 2680 2619 2754 Filius
2653 2690 2833 2754 sunt
2875 2704 3077 2754 unus
3133 2679 3489 2777 spirator,
3551 2688 3626 2753 et
3671 2678 3822 2753 due

2283 2800 2688 2897 spirantes.

2379 2915 2489 2988 Ad
2524 2914 2758 3001 aliud,
2794 2914 2964 2987 dico
3026 2914 3230 3011 quod
3274 2938 3317 2987 a
3372 2923 3649 2990 natura
3688 2938 3822 2989 ex-
3852 2921 4171 3037 Addsffiun·

2284 3032 2644 3125 trinseca,
2707 3053 2848 3105 nec
2925 3031 3126 3129 capit
3188 3054 3625 3129 personam,
3697 3055 3822 3107 ne·
4090 3023 4106 3036 ⁶

2283 3172 2432 3247 que
2475 3148 3016 3248 pluralitatem.

2800 3408 3158 3465 SCHOLlUM
3199 3407 3296 3463 111.

2349 3564 2435 3620 Ad
2468 3564 2727 3636 quintam
2763 3564 3170 3636 quaestionem,
3208 3566 3432 3619 eertum
3465 3566 3554 3618 est
3599 3560 3821 3618 nullam

2276 3661 2541 3713 naturam
2575 3664 2826 3713 creatam
2862 3671 3032 3728 posse
3062 3659 3388 3711 sustentare
3429 3653 3600 3711 aliam
3653 3662 3819 3710 natu-

2275 3764 2395 3805 ram
2429 3748 2630 3815 active,
2689 3750 2826 3819 quia
2890 3749 2959 3802 ad
3012 3746 3120 3802 hoe
3174 3750 3394 3818 tantum
3443 3750 3530 3803 est
3564 3745 3823 3817 potentia

2274 3837 2677 3907 obedientalis,
2711 3854 2841 3909 quae
2864 3853 2978 3893 non
3004 3836 3204 3891 subest.
3237 3840 3536 3892 creaturae.
3569 3841 3658 3891 An
3689 3852 3820 3893 vero

2276 3928 2458 4000 possit
2514 3932 2776 3983 creatura
2826 3925 3190 3982 terminative
3247 3930 3577 3981 sustentare
3644 3924 3817 3982 aliam

2273 4018 2675 4090 personaliter,
2709 4017 2824 4073 Deo
2869 4016 3054 4074 active
3102 4020 3472 4089 personante,
3528 4016 3816 4072 incertum

2275 4107 2548 4180 relinquit
2588 4109 2816 4165 Doctor.
2852 4110 2959 4164 Pro
2993 4110 3154 4180 parte
3200 4107 3459 4178 negativa
3489 4106 3728 4163 adducit
3758 4108 3813 4162 5.

2272 4200 2545 4268 rationes,
2578 4203 2635 4254 et
2664 4197 2836 4254 solvit
2867 4202 2985 4253 tres
3018 4197 3262 4269 primae,
3294 4195 3438 4251 alias
3476 4197 3625 4252 duas
3675 4213 3813 4264 non,

2271 4289 2429 4344 etita
2462 4286 2607 4343 nihil
2642 4286 3011 4343 determinat.
3065 4286 3268 4340 Plures
3318 4289 3513 4341 tamen
3553 4285 3814 4342 Scotistoe

2273 4378 2362 4433 hic
2395 4377 2801 4433 artirmativam
2837 4379 3054 4446 tenent,
3089 4391 3220 4447 quae
3252 4373 3482 4430 facilius
3536 4374 3813 4431 sustineri

2271 4474 2482 4539 potest,
2512 4468 2561 4523 si
2592 4472 2858 4523 teneatur
2906 4464 3375 4538 personalitatem
3419 4479 3548 4520 esse
3593 4464 3813 4536 aliquid

2270 4558 2611 4629 positivum,
2644 4557 2702 4613 in
2737 4574 2853 4629 quo
2885 4557 3095 4613 Doctor
3127 4561 3215 4613 est
3247 4555 3701 4627 problematicus
3746 4572 3814 4611 ex

2269 4652 2475 4721 quaest.
2513 4666 2550 4702 1.
2584 4647 2727 4702 Vide
2760 4647 2909 4703 eirca
2942 4646 3050 4703 hoc
3070 4645 3366 4703 scholium
3395 4645 3489 4701 hie
3520 4646 3580 4701 in
3627 4644 3809 4700 Oxon.

2267 4753 2319 4808 q.
2348 4738 2399 4791 4.
2438 4753 2595 4792 num.
2632 4738 2685 4793 3.

2364 4912 2474 4986 Ad
2508 4911 2801 4986 tertiam
2837 4911 3342 5008 quaestionem
3373 4910 3570 5006 dico,
3604 4910 3807 5010 quod
3961 4934 4070 5003 12,

2267 5034 2700 5100 sustentare
2734 5025 2978 5100 active
3021 5022 3246 5100 aliam
3276 5034 3627 5100 naturam
3651 5050 3804 5100 non
3840 5048 4054 5099 occisio
4086 5065 4143 5115 q.

2265 5151 2515 5239 potest
2554 5141 2816 5238 aliqua
2847 5150 3224 5235 creatura,
3289 5141 3471 5239 quia
3521 5144 3664 5216 hoc
3698 5152 3811 5217 est
3877 5118 4174 5238 ffissssilsst

2265 5260 2632 5335 reducere
2701 5260 3119 5357 potentiam
3216 5260 3804 5335 obedientialem
3868 5242 4135 5351 ..οᾶξὲξῇΓέ

2264 5378 2357 5451 ad
2425 5388 2730 5470 actum3
2803 5378 2935 5453 sed
3011 5388 3160 5452 tota
3228 5385 3502 5452 natura
3555 5389 3808 5453 creata
3841 5376 4149 5478 ,ἣῗξζωξζῖ

2269 5499 2515 5572 solum
2605 5506 2855 5596 potest
2947 5499 3312 5574 reducere
3381 5496 3801 5595 potentiam
3899 5494 4100 5543 turam.

2265 5617 2690 5691 naturalem
2745 5617 2837 5692 ad
2880 5626 3135 5692 actum
3178 5616 3655 5711 secundum3
3702 5625 3808 5691 ta-
