4295 6326
1586 449 1811 519 DIST.
1862 450 2016 519 xn.
2069 449 2488 530 QUAESTlo
2538 451 2588 518 1.
3611 448 3651 514 9

439 622 759 719 speciali
805 648 1044 699 unum
1090 624 1257 698 talis
1299 624 1496 699 entis
1550 633 1664 699 est
1721 624 1998 699 imme-
2107 632 2362 699 autern
2424 634 2538 700 est
2612 648 2790 723 pars
2866 623 3065 700 entis
3149 645 3283 721 per
3377 645 3487 715 se,
3574 629 3651 695 et

442 738 649 816 diate
691 765 1178 841 consequens
1212 752 1564 817 naturam
1614 743 1677 839 ej
1694 767 1803 828 υς,
1856 765 1995 817 nec
2105 740 2546 830 intrinseca,
2584 752 2658 817 et
2688 765 2778 817 ex
2820 750 3095 816 natura
3124 762 3267 814 sua
3307 737 3642 836 propria,

441 865 698 955 potest
729 859 1236 936 demonstrari
1279 883 1415 959 per
1450 859 1739 958 aliquid
1775 859 1995 935 nobis
2104 858 2287 957 quia
2320 858 2706 957 receptiva
2747 868 2963 933 actus
2994 866 3068 931 et
3125 854 3640 956 perfectionis,

443 974 707 1050 notius
743 977 859 1052 vel
901 976 1141 1076 prius.
2102 978 2273 1054 ideo
2342 978 2659 1055 materia
2703 990 2778 1054 et
2835 980 3076 1052 forma
3135 977 3421 1053 faciunt
3466 998 3644 1050 vere

161 1123 276 1191 ῃ,
548 1094 628 1168 Si
656 1118 837 1193 ergo
871 1104 1267 1194 quaeratur
1307 1097 1398 1171 de
1440 1097 1700 1194 aliquo
1753 1119 1990 1194 quare
2103 1118 2372 1169 unum.

446 1220 563 1285 est
603 1235 846 1286 unum
904 1236 1045 1313 per
1093 1236 1173 1290 89
1213 1214 1254 1286 ⁴?
1313 1213 1484 1287 dico
1529 1211 1714 1311 quia
1763 1212 1992 1288 habet
2196 1213 2385 1287 Cum
2430 1237 2611 1311 ergo
2653 1212 3002 1311 arguitur
3051 1210 3256 1309 quod
3309 1235 3401 1287 ex
3450 1209 3646 1283 duo-

442 1329 674 1417 talem
720 1330 1069 1422 formam,
1113 1353 1510 1428 perquam
1557 1340 1672 1405 est
1733 1354 1868 1429 per
1908 1353 1986 1404 se
2096 1329 2243 1405 bus
2311 1329 2616 1406 entibus
2670 1328 2745 1404 in
2809 1340 2979 1404 actu
3050 1353 3203 1403 non
3274 1324 3359 1401 fit
3400 1349 3639 1401 unum

443 1467 611 1537 ειι8,
666 1444 837 1519 ideo
889 1470 1025 1543 per
1073 1469 1154 1521 se
1208 1455 1323 1521 est
1377 1469 1672 1540 uuun13
1719 1448 1983 1522 eadem
2096 1470 2304 1542 vere,
2350 1448 2520 1522 dico
2576 1448 2778 1546 quod
2825 1447 3162 1546 potentia
3209 1456 3435 1546 prout
3482 1445 3642 1519 dis-

440 1561 737 1637 ratione
772 1562 960 1637 illud
1002 1587 1156 1638 non
1210 1571 1325 1647 est
1383 1586 1518 1661 per
1567 1586 1647 1639 se
1713 1588 1981 1657 unum,
2093 1564 2474 1662 tinguitur
2522 1575 2788 1640 contra
2846 1576 3129 1658 actum,
3192 1575 3266 1640 et
3319 1573 3402 1639 ut
3459 1572 3638 1637 sunt

439 1679 649 1779 quod
689 1703 843 1754 non
889 1681 1118 1756 habet
1159 1682 1509 1776 formam,
1546 1706 1684 1781 per
1750 1704 1982 1779 quam
2093 1681 2544 1759 differentiae
2595 1685 2815 1769 entiS,
2883 1692 2997 1760 est
3073 1682 3362 1781 aliquid
3431 1681 3636 1779 quod

436 1805 556 1870 est
594 1819 729 1892 per
767 1820 849 1870 89
890 1820 1053 1872 ειι8.
1523 1892 1529 1898 .
2093 1799 2341 1872 solum
2409 1799 2640 1875 habet
2715 1823 2874 1873 9339
2960 1799 3032 1872 in
3117 1798 3397 1872 virtute
3471 1820 3635 1871 suoe

76 1910 379 2024 ¹⁰12¹ggfffi
537 1914 844 2007 Contra,
889 1925 968 1989 tu
1023 1916 1373 2013 assignas
1434 1915 1558 1990 hic
1609 1916 1977 1991 unitatem
2093 1938 2378 2009 causae‚
2441 1915 2647 2013 quod
2703 1925 2952 2014 potest
3007 1915 3212 1990 exire
3277 1915 3352 1987 in
3407 1912 3653 2021 91199-Ι

2089 2041 2330 2129 turn3
2411 2044 2486 2109 et
2547 2037 2688 2110 hoc
2768 2034 2990 2109 modo
3073 2033 3147 2107 in
3245 2032 3457 2107 omni
3552 2055 3632 2106 re

2089 2160 2345 2226 creata
2411 2159 2526 2226 est
2605 2161 2821 2226 actus
2890 2160 2962 2225 et
3042 2149 3408 2249 potentia.
3482 2148 3631 2221 Isto

2090 2268 2317 2342 modo
2352 2292 2505 2342 non
2539 2278 2654 2342 est
2688 2266 3000 2342 materia
3041 2290 3180 2341 ens
3235 2266 3312 2337 in
3355 2274 3630 2363 poten-

429 2051 479 2101 a
522 2039 735 2128 parte
769 2031 1028 2125 totius,
1068 2041 1150 2105 ut
1189 2032 1372 2129 quia
1404 2042 1645 2107 totum
1682 2042 1795 2108 est
1849 2057 1985 2130 per

429 2169 519 2220 se
558 2169 699 2220 ens
743 2171 877 2245 per
934 2148 1281 2243 formam,
1339 2148 1509 2224 ideo
1573 2159 1812 2223 totum
1870 2157 1984 2224 est

425 2285 573 2362 per
630 2287 710 2338 se
773 2288 1012 2338 unum
1052 2293 1068 2357 ;
1104 2266 1233 2340 sed
1298 2288 1536 2363 quare
1596 2289 1687 2340 ex
1768 2276 1979 2365 parte

423 2381 1062 2478 componentium
1131 2389 1371 2457 totum
1471 2392 1582 2457 est
1666 2406 1805 2481 per
1898 2408 1979 2459 se

422 2517 708 2588 unum,
754 2504 828 2569 et
857 2519 1097 2594 quare
1140 2498 1308 2571 haec
1340 2496 1493 2571 duo
1545 2497 1865 2572 materia
1905 2507 1978 2572 et

418 2610 676 2683 forma
732 2612 1212 2686 constituunt
1251 2635 1385 2711 per
1443 2637 1525 2688 se
1577 2637 1843 2702 unum,
1905 2625 1979 2689 et

421 2730 662 2801 homo
696 2737 767 2804 et
807 2729 1029 2804 albus
1070 2754 1255 2803 non.

82 2869 378 2932 Responsio.
527 2846 1015 2944 RespondeO,
1115 2847 1299 2945 quia
1374 2846 1822 2924 Aristoteles
1898 2850 1968 2923 8.

84 2932 383 3044 ἓἛῗῖξζ,
412 2962 768 3064 Aletaplz.
806 2970 989 3039 teoet.
1045 2965 1159 3037 15.
1225 2971 1298 3040 et
1355 2966 1470 3038 16.
1535 2965 1716 3039 dicit
1768 2969 1971 3063 quod

84 3057 359 3185 ζῗξῗξῗρξξ
416 3079 502 3152 in
536 3078 1019 3179 simplicibus
1050 3104 1206 3155 non
1239 3090 1354 3156 est
1379 3082 1698 3156 dubium
1733 3105 1970 3181 quare

179 3198 252 3235 Se-

2090 2383 2217 2478 tia,
2282 2384 2462 2481 quia
2520 2384 2751 2458 habet
2821 2405 3089 2457 verum
3169 2404 3327 2456 9339
3420 2390 3630 2454 extra

2085 2525 2306 2576 suam
2338 2525 2680 2595 causam,
2725 2500 2856 2575 sed
2918 2499 3235 2575 materia
3292 2521 3469 2574 vere
3516 2506 3630 2572 est

2085 2625 2327 2705 actus,
2378 2625 2457 2691 ut
2486 2616 2986 2712 distinguitur
3033 2623 3299 2690 contra
3354 2622 3630 2712 poten-

2081 2731 2292 2806 tiam.
2329 2731 2497 2807 Alio
2552 2732 2775 2806 modo
2844 2732 3216 2829 accipitur
3264 2739 3479 2803 actus
3555 2740 3628 2803 et

2082 2848 2426 2945 potentia
2493 2858 2719 2946 prout
2768 2854 2977 2923 actus
3048 2847 3326 2921 dicitur
3402 2846 3619 2939 illud,

2081 2963 2285 3059 quod
2391 2973 2644 3039 actuat
2758 2964 2995 3057 aliud,
3101 2973 3175 3038 et
3266 2963 3628 3036 informat

2079 3080 2289 3154 aliud
2361 3109 2378 3176 3
2458 3081 2807 3180 potentia
2879 3104 3088 3174 vero,
3162 3080 3350 3154 illud
3418 3079 3624 3179 quod

415 3198 1036 3296 unumquodque
1118 3207 1232 3272 est
1331 3222 1573 3273 unum
1661 3223 1796 3297 per
1855 3224 1965 3294 se,
2078 3207 2432 3273 actuatur
2462 3208 2535 3273 et
2561 3197 2977 3297 perficitur.
3038 3201 3128 3273 Et
3179 3198 3288 3273 sic
3338 3197 3625 3295 accipi-

410 3311 603 3409 quia
668 3312 851 3386 talia
918 3322 1099 3387 sunt
1152 3313 1406 3388 statim
1493 3313 1681 3387 illud
1762 3315 1965 3412 quod
2075 3323 2201 3388 tur
2263 3322 2473 3392 actus
2575 3327 2649 3392 et
2713 3317 3066 3414 potentia
3105 3316 3211 3388 7.
3274 3317 3614 3413 Metaph.

406 3439 622 3521 sunt,
709 3429 840 3504 sed
905 3430 1101 3504 ultra
1162 3430 1530 3505 unitatem
1596 3432 1965 3530 simplicis
2075 3441 2251 3508 text.
2292 3433 2360 3506 4.
2407 3443 2478 3509 et
2510 3433 2640 3509 lib.
2706 3434 2775 3507 8.
2830 3440 3011 3508 text.
3089 3433 3203 3506 15.
3270 3433 3403 3507 ubi
3444 3433 3621 3507 dici-

407 3555 716 3645 oportet
755 3569 1040 3644 ponere
1104 3547 1470 3622 unitatem
1526 3550 1958 3648 compositi,
2070 3558 2196 3622 tur
2234 3551 2436 3648 quod
2468 3557 2679 3625 actus
2706 3557 3014 3649 separat
3070 3556 3146 3625 et
3180 3549 3614 3647 distinquit‚

404 3676 485 3742 et
543 3667 620 3740 in
683 3667 834 3742 illis
892 3668 1206 3742 reddere
1268 3669 1641 3744 rationem
1721 3694 1960 3770 quare
2068 3667 2653 3765 etpotentiaest
2691 3667 2881 3742 illud
2916 3667 3122 3765 quod
3172 3676 3286 3742 est
3352 3666 3617 3741 distin-

402 3783 542 3858 illa
609 3782 761 3857 duo
830 3784 1308 3858 constituunt
1365 3807 1603 3858 unum
1668 3810 1803 3884 per
1844 3812 1955 3881 se,
2065 3782 2354 3878 guibile
2390 3793 2462 3857 et
2503 3783 2880 3859 actuabile
2918 3812 2936 3877 ;
2973 3794 3048 3858 et
3093 3783 3415 3858 materia
3470 3784 3611 3858 isto

402 3907 484 3970 et
532 3896 858 3970 nescivit
911 3895 1137 3971 aliam
1224 3897 1540 3973 reddere
1607 3922 1952 3994 causam,
2066 3896 2291 3970 modo
2321 3915 2473 3971 non
2518 3908 2632 3972 est
2699 3907 2942 3991 actu8‚
3015 3898 3151 3973 sed
3217 3898 3604 3996 potentia3

406 4013 559 4086 nisi
595 4014 776 4112 quia
809 4016 952 4088 hoc
983 4023 1096 4088 est
1147 4023 1391 4109 actus,
1438 4026 1511 4089 et
1565 4016 1765 4091 istud
1817 4042 1959 4115 po-
2062 4022 2136 4088 et
2167 4013 2293 4089 ille
2325 4023 2541 4089 actus
2581 4025 2654 4090 et
2684 4016 3026 4113 potentia
3073 4040 3226 4089 non
3285 4025 3608 4114 possunt

402 4130 674 4223 tentia,
756 4130 939 4227 quia
988 4130 1189 4205 enim
1248 4132 1314 4205 A
1401 4142 1514 4206 est
1564 4133 1949 4229 quoddam
2059 4154 2228 4205 esse
2319 4130 2769 4207 differentiae
2864 4132 3089 4226 entis,
3190 4132 3371 4230 quia
3474 4132 3606 4207 illa

405 4272 547 4323 ens
626 4250 803 4343 tale,
902 4272 1053 4321 non
1131 4248 1705 4348 principiatum,
1813 4275 1951 4328 nec
2058 4250 2308 4323 solum
2341 4250 2815 4324 conveniunt
2871 4249 3413 4349 simplicibus;
3470 4250 3603 4326 sed

2056 4374 2273 4439 actus
2313 4374 2385 4440 et
2417 4366 2756 4464 potentia
2794 4366 3040 4463 primo
3103 4366 3327 4441 modo
3370 4366 3595 4460 dicta,

2057 4492 2139 4557 ut
2188 4482 2541 4558 dividunt
2587 4484 2837 4584 ipsum
2897 4507 3061 4578 ειι8,
3127 4485 3602 4560 conveniunt

2053 4600 2535 4699 simplicibus
2563 4614 2635 4677 et
2667 4602 3136 4700 compositis.

2153 4717 2301 4792 Per
2341 4720 2484 4793 hoc
2526 4719 2616 4793 ad
2684 4729 3225 4815 argumentum
3280 4744 3598 4819 respon·
3722 4735 3827 4805 18.

2053 4832 2226 4926 de0‚
2299 4836 2502 4932 quod
2559 4858 2649 4909 ex
2716 4836 3019 4911 duobus
3096 4836 3170 4910 in
3232 4847 3405 4912 actu
3454 4837 3596 4912 isto

2053 4950 2394 5025 secundo
2466 4951 2689 5027 modo
2741 4953 3229 5051 accipiendo
3314 4961 3594 5049 actam,

405 4373 808 4439 causatum
850 4388 942 4439 ex
981 4374 1260 4440 natura
1290 4389 1456 4457 sua,
1523 4376 1788 4441 natum
1839 4378 1954 4443 est

405 4507 574 4558 esse
605 4508 782 4582 pars
813 4484 1130 4559 alterius
1161 4484 1385 4572 entiS‚
1423 4496 1496 4560 et
1555 4486 1629 4559 B
1670 4511 1762 4561 ex
1801 4489 1950 4563 alia

403 4611 651 4698 parte,
721 4601 927 4697 quod
987 4610 1101 4675 est
1177 4602 1325 4674 tale
1394 4625 1560 4694 9η8,
1660 4603 1949 4677 scilicet

401 4715 871 4814 principium
905 4715 1130 4809 entis,
1177 4726 1251 4792 et
1289 4739 1382 4791 ex
1445 4726 1722 4792 natura
1775 4718 1947 4793 talis

404 4833 603 4909 entis
635 4843 775 4926 est,
813 4843 898 4908 ut
935 4833 1034 4907 sit
1078 4856 1254 4931 pars
1321 4832 1545 4923 entis,
1617 4833 1788 4909 ideo
1856 4860 1948 4910 ex

399 4952 466 5026 A
528 4959 602 5026 et
640 4950 713 5023 B
781 4948 867 5022 fit
907 4973 1148 5025 unum
1213 4973 1351 5025 ens
1400 4973 1538 5048 per
1598 4973 1708 5045 se,
1766 4950 1949 5048 quia

402 5070 567 5168 ejus
608 5079 869 5169 partes
934 5069 1002 5143 A
1062 5078 1138 5144 et
1180 5069 1254 5142 B
1300 5078 1481 5144 sunt
1525 5068 1670 5145 sibi
1721 5080 1950 5145 natu-

402 5188 661 5263 raliter
756 5186 1200 5261 intrinsece.
1295 5186 1585 5262 Albedo
1691 5197 1947 5263 autem

405 5329 550 5378 non
596 5312 712 5378 est
752 5302 932 5377 talis
960 5311 1280 5395 naturae,
1318 5304 1520 5400 quod
1566 5302 1732 5402 ipsa
1771 5311 1950 5380 nota

402 5421 493 5495 sit
523 5444 612 5496 ex
654 5419 777 5494 sui
825 5426 1104 5492 natura
1134 5443 1302 5494 esse
1344 5427 1633 5517 partem
1671 5418 1952 5493 intrin-

399 5561 643 5614 secam
689 5533 1031 5632 alicujus
1072 5535 1293 5624 entis,
1350 5536 1521 5612 ideo
1577 5561 1731 5611 non
1774 5536 1951 5612 facit

396 5676 630 5728 unum
666 5673 812 5749 per
854 5671 941 5723 se
984 5671 1155 5724 cum
1183 5649 1554 5747 subjecto.
1622 5650 1945 5726 Materia

2053 5065 2187 5164 qui
2256 5077 2369 5141 est
2445 5068 2909 5166 principium
2999 5070 3303 5166 agendi,
3376 5083 3604 5168 prout

2052 5190 2264 5257 actus
2311 5183 2591 5258 dicitur
2648 5185 2743 5259 ab
2813 5210 3064 5284 aqere,
3138 5213 3292 5262 non
3355 5197 3601 5286 potest
3730 5263 3736 5268 .

2056 5324 2235 5375 vere
2304 5299 2471 5375 fieri
2543 5326 2813 5398 unum,
2878 5304 3061 5401 quia
3121 5305 3292 5381 talis
3386 5316 3601 5381 actus

2053 5429 2283 5493 natus
2314 5428 2428 5493 est
2457 5419 2794 5497 tribuere
2827 5424 3371 5519 perfectionem
3411 5424 3601 5499 acci-

2056 5531 2437 5609 dentalem
2473 5537 2607 5611 toti
2636 5539 3084 5636 composit0‚
3124 5539 3294 5614 ideo
3329 5563 3482 5614 non
3518 5565 3599 5614 se

2055 5653 2632 5751 compatiuntur
2673 5655 2748 5730 in
2796 5681 2948 5730 uno
2985 5681 3119 5754 per
3159 5681 3238 5732 se
3282 5680 3598 5755 compo-
