4295 6326
649 363 773 430 132

2073 357 2310 439 LIBRI
2361 358 2446 427 Il.

646 560 802 635 qua
860 561 1110 622 >causa
1173 535 1696 630 beatitudinis,
1769 534 1919 609 nisi
1989 534 2191 609 sicut
2300 532 2614 627 laniate,
2673 541 2747 607 et
2790 533 2858 606 7.
2898 531 3139 607 Omne
3169 536 3570 630 peceatum
3616 527 3847 605 estin

644 655 812 729 sine
915 679 1060 754 quo
1147 679 1330 749 non,
1412 662 1662 753 potest
1755 652 1901 728 dici
1979 652 2186 749 quod

645 772 900 847 adhuc
941 772 1094 847 illae
1145 770 1547 846 fruitiones
1593 768 1959 844 differunt
2006 792 2188 866 spe-

646 888 789 981 cie,
856 889 1039 985 quia
1107 911 1338 962 causa
1408 885 1812 961 illimitalae
1883 884 2187 960 virtutis

646 1005 917 1079 activae
946 1005 1036 1078 ad
1067 1006 1344 1078 multos
1376 1001 1692 1078 effectus
1720 1002 2181 1094 causandOS,

609 1110 751 1194 'ita
805 1132 1054 1194 tamen
1114 1119 1319 1216 quod
1392 1142 1540 1192 non
1587 1126 1700 1192 est
1769 1128 1947 1192 nala
1997 1141 2186 1191 cau-

420 2530 482 2597 5.

296 2645 475 2697 Gratia
506 2657 616 2696 non

346 2708 560 2782 perficit.

299 2785 536 2822 nmmum
566 2784 620 2819 a·

323 2836 586 2899 damnate,

295 2898 391 2948 sed
426 2909 619 2946 secun-

297 2961 425 3010 dum
455 2971 618 3009 unam

297 3021 617 3088 potentiam.

645 1260 841 1330 sare,
873 1235 1022 1309 nisi
1065 1236 1235 1310 aliis
1268 1234 1937 1327 concurrentibuS,
1976 1235 2186 1331 ipsa-

650 1363 797 1427 met
847 1362 1096 1450 potest.
1148 1353 1570 1450 producere
1614 1351 1960 1425 diversos
2002 1349 2187 1425 effe-

645 1481 812 1545 ctus
845 1470 1126 1567 specie,
1164 1472 1283 1544 vel
1318 1470 1490 1545 aliis
1515 1469 2185 1567 qualitercumque

647 1587 1313 1681 concurrentibus,
1386 1610 1560 1684 quae
1639 1595 1820 1660 sunt
1885 1595 2184 1658 tantum

644 1705 811 1779 sine
857 1727 1002 1803 quo
1038 1728 1191 1778 non
1229 1733 1247 1797 ;
1294 1703 1529 1800 igitur
1570 1703 1743 1777 licet
1799 1703 2184 1799 objectum

647 1821 836 1894 nihil
873 1830 1071 1916 agat,
1112 1819 1363 1894 adhuc
1392 1821 1748 1894 voluntas
1780 1818 2187 1892 informata

646 1939 1013 2015 charitate
1108 1947 1358 2037 potest
1432 1961 1751 2013 causare
1840 1937 2188 2011 diversos

645 2055 961 2131 effectus
1001 2054 1287 2153 specie,
1337 2054 1537 2129 sicut
1576 2054 1705 2129 Sol
1762 2064 2188 2152 quantum-

647 2195 980 2269 cumque
1013 2182 1216 2246 terra
1256 2180 1457 2248 esset
1502 2171 1983 2246 uniformiter
2020 2171 2181 2245 dis-

645 2289 922 2388 posita,
987 2287 1442 2385 produceret
1481 2286 1794 2364 effectus
1855 2287 2184 2362 diversae

645 2405 956 2505 speciei.

748 2524 967 2614 Item,
991 2520 1300 2619 quando
1342 2520 1603 2618 aliqua
1638 2522 1876 2595 forma
1916 2530 2029 2596 est
2062 2522 2188 2594 in-

649 2622 1012 2713 differens
1116 2637 1210 2709 ad
1305 2645 1554 2711 tantas
1667 2637 2183 2734 operationeS,

649 2758 855 2855 quod
936 2754 1235 2853 perlicit
1306 2777 1503 2847 eam,
1570 2765 1651 2828 ut
1720 2756 2183 2854 principium

651 2875 887 2971 hujus
928 2873 1397 2972 operationis
1446 2880 1771 2966 tantum,
1812 2896 1959 2946 non
2009 2897 2189 2970 per-

652 2987 808 3063 ficit
841 3012 1039 3081 eam,
1090 2997 1167 3062 ut
1208 2986 1698 3081 indifferens3
1736 2988 1870 3062 sed
1939 2987 2187 3085 gratia

650 3132 805 3183 non
866 3104 1162 3205 perficit
1237 3104 1570 3179 animam
1638 3104 2190 3203 qualitercum-

649 3246 827 3322 que,
874 3222 1006 3297 sed
1061 3222 1309 3295 solum
1365 3229 1447 3294 ut
1486 3220 1954 3318 principium
1997 3245 2187 3318 ope-

649 3338 968 3413 rationis
1000 3336 1436 3412 meritoriae.
1475 3336 1625 3411 Sed
1659 3337 1920 3413 anima
1953 3361 2192 3435 quan-

653 3466 812 3530 tum
855 3455 950 3529 ad
991 3453 1403 3530 essentiam
1455 3461 1569 3527 est
1609 3453 2061 3530 indifferens
2093 3456 2187 3529 ad

650 3572 1118 3647 meritoriam
1166 3571 1694 3668 operationem
1748 3581 1820 3647 et
1869 3572 2191 3646 demeri-

649 3691 917 3765 toriam
958 3718 975 3783 ;
1010 3688 1243 3785 igitur
1274 3712 1456 3777 non,
1499 3697 1580 3763 ut
1606 3688 1742 3782 sio,
1789 3688 2188 3786 perficitur

647 3833 692 3883 a
758 3807 1003 3905 gratia
1068 3806 1535 3899 immediate,
1594 3806 1793 3881 sicut
1866 3807 2191 3882 scientia

646 3950 801 4000 non
893 3922 1191 4021 perficit
1258 3922 1626 4016 animam,
1698 3923 1846 3997 nisi
1920 3934 2000 3998 ut
2076 3934 2193 3999 est

649 4039 1113 4142 principium
1184 4039 1695 4135 intelligendi,
1751 4049 1826 4114 et
1895 4063 1985 4114 ex
2050 4044 2191 4114 hoc

649 4159 999 4256 sequitur
1064 4156 1268 4254 quod
1332 4179 1480 4228 non
1555 4165 1669 4230 est
1710 4156 1783 4228 in
1857 4158 2193 4232 essentia

651 4274 934 4350 animae
977 4271 1442 4364 immediate,
1489 4271 1726 4344 sedin
1760 4272 2185 4347 intellectu.

750 4394 966 4484 Item,
1041 4390 1102 4465 si
1181 4389 1422 4485 gratia
1462 4389 1559 4463 sit
1600 4390 2039 4467 immediate
2112 4393 2190 4465 in

654 4509 1012 4602 essentia,
1067 4507 1299 4603 igitur
1345 4516 1605 4603 posset
1645 4531 1812 4582 esse
1848 4509 2191 4607 operatio

651 4627 983 4725 gratuita
1052 4625 1126 4696 in
1198 4623 1592 4697 intellectu
1662 4626 1953 4722 proevia
2012 4627 2194 4699 voli·

657 4746 1002 4836 tione;et
1042 4749 1203 4815 esto
1245 4740 1450 4836 quod
1496 4765 1648 4814 non
1693 4753 1895 4818 essct
1929 4744 2191 4818 volitio

652 4852 1014 4956 sequens,
1068 4855 1483 4928 intellectio
1527 4866 1726 4930 esset
1769 4857 2181 4946 meritoria,

652 4975 836 5073 quia
892 4971 1351 5071 principium
1416 4971 1750 5046 activum
1820 4974 2194 5049 informa-

650 5102 813 5165 tum
871 5088 1240 5166 charitate
1284 5097 1532 5185 potest
1599 5091 1901 5188 operari
1976 5091 2192 5165 meri-

651 5209 870 5283 torie.

751 5327 968 5418 Item,
999 5324 1410 5398 Anselmus
1452 5322 1544 5397 de
1593 5335 1965 5423 conceptu
2021 5325 2196 5398 Vir-

653 5442 919 5541 ginali,
981 5441 1051 5513 3.
1134 5449 1208 5513 et
1272 5438 1342 5510 4.
1424 5462 1590 5536 cap.
1700 5440 1880 5515 dicit
1982 5443 2190 5540 quod

655 5560 906 5635 omnis
918 5555 1234 5658 justitia
1272 5563 1343 5629 ec
1382 5556 1766 5655 injustitia
1809 5566 1917 5633 est
1945 5559 2029 5633 in
2067 5583 2189 5633 vo-

2292 650 2679 725 volnnlate
2710 678 2728 744 3
2774 650 3008 747 igitur
3069 650 3170 724 ibi
3242 647 3687 723 immediate
3729 655 3845 721 est

2294 765 2566 862 gratia,
2625 789 2800 840 cum
2870 766 3071 840 idem
3148 765 3246 839 sit
3311 762 3842 861 susceptivum

2296 882 2888 957 contrariorum.

2392 1009 2501 1083 Ad
2545 1008 2875 1106 primum
2934 1008 3353 1105 principale
3400 1007 3598 1098 dioc,
3662 1030 3840 1079 sus-
3991 1017 4054 1081 6.

2293 1127 2608 1201 tinendo
2680 1129 2876 1199 hanc
2945 1124 3558 1216 conclusionem,
3630 1123 3836 1220 quod
3931 1134 4009 1184 Ad
4045 1134 4150 1194 rri-

2294 1245 2539 1341 gratia
2592 1253 2704 1318 est
2737 1243 3172 1318 immediate
3214 1242 3288 1315 in
3350 1241 3715 1339 potentia,
3765 1250 3839 1315 et
3871 1210 4189 1323 ρήιῗέῗέἐιε.

2295 1360 2462 1433 dico
2517 1359 2722 1456 quod
2792 1358 2976 1431 illud
3048 1357 3250 1454 quod
3336 1357 3581 1455 primo
3651 1355 3834 1451 agit,

2295 1476 2540 1574 primo
2572 1473 2994 1573 perficitur,
3032 1472 3419 1571 loquendo
3453 1473 3547 1547 de
3580 1472 3837 1547 diver-

2294 1593 2399 1667 sis
2432 1592 2756 1686 naturiS,
2796 1615 2948 1665 non
2983 1591 3075 1666 de
3120 1590 3269 1684 his,
3308 1614 3483 1688 quae
3550 1590 3835 1663 suntin

2294 1710 2563 1785 eodem
2633 1707 3058 1808 suppositO,
3125 1717 3199 1783 et
3240 1731 3395 1780 non
3428 1731 3548 1782 res
3582 1717 3654 1782 et
3719 1730 3841 1781 res

2294 1828 2469 1920 alia3
2570 1836 2645 1901 et
2738 1826 2848 1900 sic
2933 1824 3293 1920 intelligit
3387 1824 3835 1923 DionysiUS,

2294 1942 2498 2042 quod
2535 1943 2760 2040 prius
2816 1938 3226 2039 perficitur
3272 1939 3834 2035 immediatum,

2292 2083 2520 2160 quam
2568 2058 3014 2151 mediatum,
3061 2066 3203 2131 etc.
3277 2057 3586 2153 quando
3656 2057 3841 2131 talia

2295 2176 2875 2273 distinguuntur
2906 2174 2983 2247 in
3014 2174 3438 2271 supposito.

2390 2293 2501 2366 Ad
2549 2292 2784 2385 aliud,
2821 2314 2996 2364 cum
3028 2290 3260 2364 dicitu
3277 2314 3334 2380 r,
3373 2290 3697 2365 essentia
3729 2297 3841 2363 est
3870 2287 4191 2402 Addffigun·

2293 2410 2538 2508 maqis
2568 2407 3162 2483 indeterminata
3180 2435 3205 2492 ,·
3235 2408 3472 2503 iqicur
3502 2414 3667 2504 eqeb
3681 2431 3836 2482 ma·
3901 2391 4164 2528 Pottent‘iq

2275 2528 2449 2630 jori
2485 2525 3147 2601 determinatione.
3195 2524 3384 2597 Dico
3420 2523 3625 2620 quod
3651 2523 3834 2621 quia
3868 2491 4202 2614 ἧῖῗετῑῖἷῗὲἑῗ

2295 2644 2629 2720 essentia
2711 2651 2827 2716 est
2913 2640 3155 2737 magis
3248 2639 3838 2715 indeterminata
3870 2606 4201 2719 uoffiglqffm

2297 2748 2527 2858 quam
2586 2757 2951 2857 potentia,
3015 2781 3188 2831 cum
3241 2756 3409 2854 ipsa
3449 2757 3545 2831 sit
3585 2758 3839 2833 deter-

2299 2876 2586 2948 minata
2669 2874 2761 2948 ad
2857 2872 3193 2946 rationes
3289 2872 3835 2969 potentiarum,

2300 2992 2469 3067 ideo
2546 2989 3103 3064 determinatur
3188 3012 3322 3085 per
3406 2989 3836 3085 potentias3

2303 3131 2455 3182 nou
2510 3105 2618 3181 sic
2651 3103 3016 3203 potentia,
3077 3102 3208 3177 sed
3255 3102 3575 3178 ulterius
3636 3113 3843 3202 post-

2301 3247 2531 3322 quam
2576 3222 2831 3297 anima
2864 3230 2977 3295 est
3013 3219 3515 3294 determinata
3548 3221 3641 3294 ad
3702 3246 3844 3319 po-

2301 3339 2604 3433 tentiaS,
2658 3339 2911 3413 adhuc
2954 3337 3292 3435 potentia
3342 3347 3455 3412 est
3502 3337 3843 3413 indeter-

2300 3459 2592 3531 minata
2621 3455 2712 3531 ad
2756 3455 2864 3530 sic
2893 3478 3147 3551 agere,
3193 3456 3313 3529 vel
3346 3478 3531 3549 non,
3570 3464 3643 3531 et
3670 3457 3841 3532 ideo

2299 3576 2467 3673 ipsa
2581 3581 2752 3669 eget
2846 3571 3091 3667 magis
3168 3571 3836 3666 determinatione,

2299 3705 2473 3765 cum
2555 3689 2719 3786 ipsa
2783 3687 2873 3761 sit
2953 3686 3476 3761 immediatum
3549 3689 3839 3787 princi-

2300 3808 2512 3907 pium
2557 3804 2951 3903 operandi.

2397 3922 2508 3996 Ad
2563 3921 2797 4009 aliud,
2871 3919 3207 3994 concedo
3263 3920 3470 4016 quod
3531 3922 3840 3998 habitus
3927 3938 4009 3988 Ad
4049 3942 4158 3989 ter-

2304 4064 2453 4114 non
2524 4037 2764 4136 possit
2803 4058 2970 4110 esse
3039 4036 3115 4108 in
3169 4045 3370 4130 acm,
3435 4038 3581 4111 nisi
3651 4040 3839 4115 illud
3872 4005 4212 4124 στέἷῗᾶῗὲτε,

2302 4157 2524 4253 cujus
2554 4165 2694 4248 est,
2731 4154 2827 4228 sit
2857 4153 2934 4225 in
2970 4165 3141 4226 actu
3202 4155 3543 4228 secundo
3575 4184 3593 4248 ;
3630 4181 3840 4232 nunc
3903 4131 4188 4253 egi-iffi?

2303 4283 2554 4348 autem
2592 4271 2900 4346 habitus
2931 4270 3311 4366 gratuitus
3342 4295 3496 4346 non
3527 4298 3838 4374 semper

2303 4401 2417 4466 est
2455 4390 2530 4462 in
2602 4398 2772 4463 actu
2837 4387 3201 4476 secundO,
3250 4387 3446 4462 sicut
3487 4414 3626 4465 nec
3669 4391 3839 4490 ipsa

2304 4506 2685 4605 potentia3
2727 4504 2929 4578 unde
2971 4503 3174 4598 quod
3245 4528 3550 4603 semper
3605 4510 3845 4604 grati..

2303 4623 2506 4712 ficat,
2578 4646 2733 4695 non
2803 4620 3057 4716 arguit
3114 4620 3317 4717 quod
3359 4622 3455 4694 sit
3523 4623 3598 4696 in
3665 4636 3835 4700 actu
3893 4693 3899 4700 .

2304 4739 2666 4823 secundO,
2722 4737 2904 4834 quia
2952 4733 3383 4832 gratificare
3454 4749 3569 4813 est
3626 4751 3841 4819 actus

2309 4857 2628 4955 primuS,
2664 4876 3134 4952 quamquam
3177 4853 3528 4929 videatur
3568 4881 3844 4935 sonare

2310 4983 2389 5047 ut
2463 4981 2677 5047 actus
2735 4969 3162 5062 secundus;
3221 4994 3373 5044 non
3454 4974 3661 5047 enim
3732 4986 3847 5051 est

2292 5085 2762 5186 gratificare,
2812 5097 2893 5161 ut
2946 5097 3160 5161 actus
3201 5087 3505 5164 elicitus
3572 5103 3648 5166 et
3706 5119 3843 5192 po-

2306 5210 2544 5285 tentia
2583 5210 2657 5282 in
2693 5232 2847 5306 qua
2877 5215 3017 5298 est,
3059 5229 3365 5306 semper
3412 5211 3633 5285 estin
3667 5223 3842 5288 actu

2308 5327 2581 5425 primo.

2403 5443 2513 5517 Ad
2547 5441 2880 5540 primum
2908 5462 3042 5538 pro
3073 5441 3424 5536 opposita
3446 5444 3839 5542 opinione,
4012 5461 4080 5528 7.

2312 5584 2486 5635 cum
2530 5559 2807 5634 dicitur
2849 5555 3054 5654 quod
3097 5557 3430 5635 charitas
3471 5572 3587 5636 est
3633 5563 3848 5639 radix
3932 5559 3957 5566 ²
