4295 6326
1551 494 1779 564 DlST.
1831 493 1984 562 XV.
2039 492 2459 575 QUAESTIO
2515 493 2747 564 UNIC.

3536 495 3661 565 361

1108 1010 2455 1215 DISTINCTIO
2609 1012 2996 1211 XV.

848 1746 1259 1826 QUAESTIO
1311 1747 1608 1815 UNlCA.

463 1919 708 1987 Utrum
753 1917 827 1983 in
864 1917 1141 1985 Christo
1186 1915 1335 2002 suit
1357 1915 1597 2001 passio
1626 1912 2001 1982 secundum

765 2024 1154 2111 portionem
1184 2021 1611 2110 superiorem
1656 2023 1692 2087 7

456 2214 659 2272 Alone.
692 2214 746 2271 3.
775 2229 831 2284 p.
865 2229 918 2284 q.
948 2213 1005 2269 5.
1038 2229 1112 2267 m.
1141 2212 1195 2268 2.
1228 2220 1337 2266 are.
1372 2211 1427 2265 2.
1461 2210 1693 2266 Heni-ic.
1717 2207 1910 2281 quodi.
1941 2209 1996 2264 8.

525 2303 581 2358 q.
611 2289 665 2342 7.
696 2286 769 2341 D.
802 2284 1007 2340 Thom.
1030 2283 1083 2338 3.
1110 2300 1164 2344 v.
1199 2301 1250 2355 q.
1287 2284 1371 2338 15.
1404 2288 1514 2337 art.
1545 2283 1600 2336 5.
1649 2286 1702 2337 et
1746 2285 1834 2335 hic
1862 2298 1914 2351 q.
1941 2281 1996 2335 2.

525 2367 636 2413 urt.
665 2358 719 2413 2.
753 2362 819 2414 D.
853 2356 1065 2412 Bonam
1097 2361 1211 2411 art.
1243 2356 1296 2410 2.
1330 2372 1382 2427 q.
1413 2355 1468 2411 2.
1508 2364 1559 2409 et
1606 2353 1733 2408 dist.
1773 2354 1854 2407 16.
1889 2357 1996 2410 art.

526 2446 563 2485 1.
599 2446 650 2500 q.
685 2446 724 2484 1.
755 2432 804 2483 et
832 2428 888 2482 2.
924 2427 1183 2483 Durand.
1219 2426 1299 2483 ibi
1327 2444 1380 2499 q.
1410 2443 1448 2480 1.
1482 2430 1535 2481 et
1564 2426 1618 2480 3.
1653 2423 1827 2481 Gabr.
1861 2441 1912 2495 q.
1942 2424 1995 2481 3.

526 2502 694 2556 Suar.
741 2500 797 2554 3.
845 2516 900 2570 p.
953 2514 1006 2570 q.
1059 2499 1145 2553 15.
1181 2498 1236 2553 d.
1273 2499 1328 2555 5.
1376 2505 1428 2554 et
1477 2506 1605 2553 tom.
1654 2497 1710 2553 2.
1740 2498 1871 2551 dist.
1905 2496 1995 2550 33.

525 2572 700 2645 Vasq.
734 2570 878 2643 disp.
903 2570 995 2626 62.
1030 2568 1189 2627 Scot.
1225 2572 1283 2626 in
1311 2574 1494 2628 Oxou.
1537 2568 1646 2625 hic.

241 2818 271 2883 1
553 2765 773 2839 Circa
918 2760 1491 2836 distinctionem
1620 2758 1996 2834 decimam

124 2866 397 2997 Δῃὼ,
456 2881 805 2983 quintam
880 2878 1128 2977 primo
1197 2876 1622 2974 quaeritur:
1725 2876 1997 2952 Utrum

187 3008 360 3048 mum.
452 2999 536 3072 in
597 2996 895 3072 Christo
947 2993 1108 3092 fuit
1160 3017 1343 3069 vera
1393 2993 1657 3091 passio
1723 3015 1998 3067 secun-

451 3115 634 3191 dum
681 3112 1122 3214 portionem
1178 3108 1729 3209 superiorem?
1776 3108 1998 3198 Quod

450 3259 637 3330 non,
696 3234 881 3333 quia
939 3231 1367 3308 secundum
1430 3229 1813 3305 Hilarium
1874 3230 1990 3303 10.

450 3353 544 3428 de
593 3352 806 3427 Trin.
871 3350 1221 3425 Christus
1252 3372 1408 3422 non
1449 3348 1721 3422 hahuit
1768 3347 1999 3422 timo-

449 3493 642 3563 rem,
702 3489 843 3542 nec
903 3488 1215 3541 sensum
1287 3464 1598 3538 doloris.

550 3587 765 3673 Item,
811 3581 1196 3657 contraria
1234 3603 1390 3655 non
1423 3589 1749 3678 possunt
1805 3581 2000 3656 ines-

456 3725 540 3778 se
600 3701 905 3794 eidem3
971 3698 1102 3774 sed
1162 3697 1529 3795 gaudium
1571 3697 1649 3771 in
1692 3721 1995 3772 summo

451 3818 593 3896 fuit
651 3818 729 3892 in
791 3811 1175 3915 superiori
1234 3814 1584 3911 portione
1644 3812 1991 3910 rationi8‚

450 3936 634 4036 quia
673 3934 1071 4011 fruebatur
1127 3930 1653 4007 intensissime
1690 3959 1709 4025 3
1763 3930 1997 4028 igitur

446 4077 603 4130 non
638 4052 887 4153 potuit
918 4046 1023 4126 ibi
1058 4071 1226 4125 esse
1259 4048 1477 4123 dolor
1506 4050 1627 4125 vel
1659 4049 1989 4124 tristitia.

548 4170 731 4246 Item
793 4169 864 4241 7.
908 4166 1170 4242 Echio.
1235 4189 1403 4263 cap.
1470 4165 1536 4238 1.
1592 4165 1994 4242 delectatio

446 4291 873 4364 vehemens
968 4282 1278 4382 expellit
1369 4305 1678 4358 omnem
1762 4282 1997 4357 tristi-

447 4406 660 4499 tiam,
732 4425 890 4477 non
956 4400 1208 4475 solum
1295 4398 1789 4493 contrariam,
1860 4399 1994 4474 sed

447 4520 1023 4616 contingentem
1061 4544 1080 4608 3
1116 4525 1191 4591 et
1266 4515 1458 4589 ratio
1520 4515 1755 4612 hujus
1818 4539 1995 4613 pro-

446 4633 855 4736 positionis
938 4630 1241 4705 videtur
1315 4630 1741 4704 secundum
1807 4630 1995 4704 Avi-

449 4774 778 4829 cennam
860 4752 931 4823 6.
1010 4743 1542 4824 Naturalium.
1623 4753 1848 4842 parte
1924 4746 1993 4820 5.

452 4892 618 4966 cap.
666 4867 736 4939 2.
795 4862 1172 4938 Potentiae
1231 4860 1665 4959 impediunt
1717 4884 1826 4955 se,
1899 4861 2001 4936 ita

451 4985 655 5085 quod
691 4983 754 5058 si
797 4991 917 5058 est
953 4981 1378 5055 vehemens
1419 4978 1495 5051 in
1538 4987 1751 5077 parte
1820 5002 2001 5053 sen-

452 5102 704 5194 sitiva,
736 5121 889 5172 non
926 5104 1176 5194 potest
1215 5117 1382 5170 esse
1440 5098 1865 5170 vehemens
1905 5095 1998 5169 ad

453 5214 922 5293 contrarium
1024 5211 1099 5284 in
1191 5218 1404 5308 parte
1501 5209 1997 5306 intellectiva,

454 5337 637 5436 quia
700 5334 824 5409 vel
891 5326 1257 5430 potentiae
1323 5336 1551 5403 erunt
1607 5339 1999 5427 occupatae

454 5454 656 5529 circa
745 5449 976 5539 idem,
1050 5444 1193 5521 etsi
1266 5467 1418 5519 una
1507 5452 1621 5519 est
1697 5469 1997 5521 summe

454 5576 853 5667 occupata,
917 5563 1066 5639 alia
1125 5585 1281 5637 non
1315 5559 1863 5662 eritjoccupata
1918 5564 1998 5638 in

458 5684 841 5767 contrario
873 5705 1175 5758 summe
1211 5709 1231 5776 3
1294 5678 1530 5779 igitur
1565 5682 1802 5757 multo
1850 5705 2000 5758 ma-

158 3623 360 3674 Secun-

187 3686 336 3739 dum.

124 4236 385 4290 Tantum.

2116 1475 2237 1573 gis
2305 1475 2569 1550 eadem
2666 1477 3005 1574 potentia
3037 1502 3192 1552 non
3253 1477 3483 1551 simul
3529 1478 3662 1550 ha-

2113 1590 2325 1667 bebit
2414 1614 2800 1666 summam
2896 1594 3484 1670 delectationem
3590 1601 3664 1666 et

2112 1730 2496 1784 summam
2537 1709 2950 1783 tristitiam.

2211 1824 2428 1914 ltem,
2502 1824 2596 1899 ad
2645 1825 3014 1921 gaudium
3075 1824 3425 1923 sequitur
3464 1824 3661 1900 dila-

2109 1939 2294 2014 tatio
2350 1939 2631 2034 cordis,
2686 1941 2780 2015 ad
2848 1941 3230 2016 tristitiam
3301 1940 3660 2016 constric-

2109 2058 2215 2131 tio
2256 2085 2275 2150 3
2336 2056 2536 2132 idem
2578 2082 2733 2131 non
2778 2068 3025 2157 potest
3074 2059 3304 2135 simul
3365 2058 3655 2134 moveri

2112 2172 2448 2248 motibus
2508 2175 2940 2251 contrariis.

2210 2290 2691 2388 Oppositum,
2739 2290 2911 2366 lsai.
2973 2290 3044 2368 5.
3106 2292 3290 2368 Vere
3337 2292 3656 2392 lanquo-
3719 2325 3972 2376 Rationes

2110 2429 2230 2479 res
2261 2412 2557 2480 nostros
2596 2407 2759 2505 ipse
2793 2407 2991 2483 tulit.
3034 2408 3124 2483 Et
3159 2409 3437 2484 Thren.
3489 2410 3546 2483 I.
3598 2408 3660 2483 Ο
3715 2388 3781 2438 “¹
3811 2401 3981 2500 3¹2³?OE

2109 2544 2241 2595 vos
2282 2545 2566 2609 omneS,
2617 2523 2983 2599 attendite
3032 2531 3104 2598 ει
3148 2523 3397 2599 videte
3424 2525 3497 2599 si
3552 2532 3662 2602 est

2108 2637 2353 2726 dolor,
2409 2638 2608 2713 sicut
2666 2639 2888 2715 dolor
2948 2665 3187 2716 meu-s.
3236 2641 3385 2717 Sed
3442 2642 3660 2717 dolor

2114 2756 2360 2853 major
2397 2766 2647 2855 potest
2685 2780 2882 2853 esse,
2919 2781 3151 2857 quam
3185 2758 3656 2858 quicumque

2109 2872 2354 2963 dolor,
2393 2873 2525 2971 qui
2559 2898 2715 2948 non
2745 2885 2859 2950 est
2901 2875 2980 2949 in
3032 2875 3382 2974 portione
3423 2901 3659 2976 supe-

2107 2993 2337 3088 riori3
2375 2995 2610 3093 igitur
2640 2995 2750 3070 sic
2782 2996 3027 3072 doluit
3075 2995 3154 3071 in
3208 2997 3614 3095 superiori.

2209 3112 2397 3188 ltem
2508 3112 2990 3211 Augustinus
3112 3136 3345 3212 super
3465 3114 3654 3190 illud

2108 3228 2395 3305 Psalm.
2442 3229 2561 3302 87.
2606 3229 2929 3328 Repleta
2968 3235 3079 3305 est
3114 3229 3344 3306 malis
3393 3232 3655 3306 anima

2106 3370 2301 3431 mea,
2361 3347 2699 3444 exponit,
2746 3347 3032 3446 poeni3‚
3084 3371 3239 3422 non
3281 3347 3552 3445 culpi&

2207 3463 2425 3556 Item,
2488 3463 2839 3537 Christus
2898 3464 3178 3538 meruit
3236 3464 3317 3538 in
3371 3464 3660 3561 passio-

2107 3603 2262 3674 ne3
2333 3579 2687 3655 meritum
2749 3604 2902 3655 non
2949 3589 3064 3656 est
3120 3580 3269 3656 nisi
3310 3582 3388 3656 in
3432 3605 3655 3681 supe-

2109 3697 2296 3772 riori
2338 3698 2716 3796 portione.

2207 3816 2425 3909 Item,
2468 3814 2707 3888 Adam
2751 3815 3098 3913 peccavit
3143 3816 3218 3888 in
3273 3817 3655 3915 superiori

2105 3931 2458 4031 portione
2501 3959 2520 4025 3
2595 3930 2854 4028 igitur,
2902 3931 3031 4029 qui
3075 3954 3249 4007 eum
3300 3933 3650 4029 redemit,

2107 4047 2248 4123 fuit
2314 4070 2588 4147 passus
2647 4046 2722 4121 in
2804 4048 3186 4146 superiori
3268 4050 3648 4147 portione,

2107 4166 2328 4241 aliter
2389 4189 2545 4240 non
2599 4164 2866 4241 fuisset
2930 4167 3484 4243 convenienter
3543 4190 3652 4244 re-

2106 4284 2490 4382 demptus.

2202 4399 2500 4474 Dicitur
2564 4399 2657 4475 ad
2698 4400 3234 4498 quaestionem,
3271 4403 3478 4499 quod
3528 4428 3651 4478 su·
3810 4448 3880 4515 2·

2105 4517 2364 4615 perior
2405 4517 2649 4615 portio
2705 4527 2955 4615 potest
3002 4518 3501 4615 considerari,
3564 4515 3693 4596 ‚ut'

2111 4635 2359 4733 portio
2418 4635 2797 4732 superior,
2840 4636 2963 4710 vel
3010 4645 3091 4710 ut
3132 4646 3429 4712 natura.
3479 4639 3651 4713 Pri-

2111 4774 2236 4823 mo
2298 4750 2524 4824 modo
2566 4773 2716 4823 non
2780 4760 3030 4847 potest
3069 4750 3145 4824 in
3190 4775 3281 4827 ea
3319 4777 3487 4829 esse
3529 4755 3654 4828 do·

2110 4866 2228 4942 lor
2292 4875 2603 4965 propter
2657 4865 3025 4964 gaudium
3099 4892 3487 4944 summum
3561 4872 3655 4947 de

2111 4983 2474 5057 fruitione
2528 5013 2545 5074 3
2621 4983 2960 5057 secundo
3056 4987 3282 5060 modo
3377 4998 3652 5086 potest,

2113 5101 2297 5197 quia
2364 5100 2439 5173 in
2521 5099 2781 5175 anima
2863 5110 3113 5199 potest
3179 5127 3346 5180 esse
3409 5107 3651 5182 dolor.

3702 1882 3979 1944 Quartum.

3731 4564 3966 4679 8333&

2112 5213 2263 5288 Sed
2320 5213 2464 5288 ista
2503 5214 2889 5288 distinctio
2944 5227 3192 5314 potest
3250 5219 3657 5318 dupliciter

2111 5329 2490 5426 intelligi:
2559 5329 2730 5404 Uno
2786 5331 3041 5416 modO,
3097 5336 3654 5412 considerando

2108 5447 2587 5521 voluntatem
2648 5455 3025 5544 quantum
3084 5448 3177 5522 ad
3252 5449 3448 5526 velle
3512 5477 3656 5527 na-

2108 5564 2554 5658 turale,‘vel
2589 5573 2671 5637 ut
2728 5562 2998 5639 affecta
3036 5567 3429 5643 volitione.
3482 5571 3652 5647 Alio
3744 5601 3968 5664 Quando

2110 5683 2368 5777 mode,
2430 5683 2635 5781 quod
2696 5681 2862 5781 ipsa
2917 5693 2997 5759 ut
3055 5691 3361 5762 natura'
3395 5702 3655 5786 posset
3689 5667 4006 5798 gssffi'ujruffi.
