4295 6326
1487 467 1717 539 Dls'r.
1763 465 1955 538 XIII.
2006 465 2424 548 QUAESTlo
2474 467 2593 536 111.

412 646 553 730 est,
603 638 809 734 quod
853 640 1169 713 excedat
1263 637 1525 713 omnia
1625 637 1802 731 alia,
1885 645 1958 710 et

413 762 669 828 tamen
746 755 947 851 quod
1009 756 1287 829 habeat
1349 753 1734 852 superius,
1833 752 1954 826 vel

57 872 384 986 Chgffilffou
416 872 742 968 aequale.
793 872 942 945 lsto
1012 872 1233 945 modo
1311 870 1479 945 dico
1537 870 1739 967 quod
1802 891 1956 941 non

58 1001 387 1050 rnitsumma
418 995 667 1085 potest
724 1010 892 1061 esse
935 987 1010 1059 in
1056 987 1314 1062 anima
1355 986 1629 1059 Christi
1706 1008 1957 1082 neque

100 1064 351 1125 positive.

92 1127 363 1238 ³⁰32?
421 1126 727 1178 summa
754 1103 1117 1197 charitas,
1155 1127 1407 1200 neque
1450 1126 1751 1177 summa
1787 1102 1961 1175 [rui-

115 1205 177 1238 Bu

61 1252 388 1324 Quaqua
421 1219 554 1312 110,
610 1218 789 1316 quia
848 1220 1323 1317 impossibile
1394 1228 1508 1293 est
1571 1241 1738 1293 esse
1807 1217 1958 1291 duo

63 1315 377 1427 θξὲᾈῖιζῖη
421 1359 750 1429 summa,
789 1345 862 1411 et
897 1348 1182 1411 nonest
1218 1337 1372 1410 ulla
1402 1335 1647 1432 gratia
1675 1343 1955 1426 creata,

123 1444 320 1503 ¹³⁰“³⁸‘·
423 1453 610 1551 quin
643 1453 852 1527 Deus
898 1464 1155 1551 posset
1220 1476 1480 1529 creare
1548 1453 1953 1549 aequalem.

426 1571 783 1645 Secundo
836 1572 1066 1645 modo·
1133 1570 1544 1669 exponitur
1610 1568 1963 1666 superla-

424 1686 666 1759 tivum
766 1686 1152 1783 negative,
1251 1686 1457 1785 quod
1570 1685 1721 1759 alia
1803 1706 1960 1757 non

423 1804 799 1877 excedant
839 1802 1120 1901 ipsum.

523 1922 614 1994 Et
654 1932 836 1995 tunc
877 1929 991 1994 est
1021 1921 1161 1995 iste
1222 1920 1519 2018 primus
1560 1919 1956 2003 articulus,

422 2061 519 2111 an
587 2036 681 2110 sit
749 2035 1114 2134 possibile
1184 2059 1561 2111 summam
1636 2035 1961 2132 gratiam

422 2175 589 2227 esse
631 2151 711 2224 in
772 2149 1073 2244 effectu,
1120 2174 1297 2249 quae
1356 2175 1507 2225 non
1553 2150 1794 2247 possit
1834 2173 1962 2224 ex-

409 2269 583 2345 -cedi
620 2268 714 2343 ah
765 2269 974 2343 alia?
1004 2271 1095 2342 Et
1139 2269 1508 2366 probatur
1538 2267 1742 2365 quod
1775 2289 1958 2360 non,

424 2388 607 2484 quia
651 2386 710 2460 si
756 2386 995 2484 possit
1060 2386 1227 2460 dari
1268 2384 1645 2460 terminus
1677 2392 1958 2470 certuS,

423 2504 554 2604 qui
611 2528 764 2578 non
824 2504 1064 2602 possit
1129 2503 1391 2580 excedi
1433 2527 1478 2577 a
1517 2500 1788 2600 gratia,
1835 2510 1965 2575 aut

425 2623 571 2694 hoc
613 2628 814 2695 esset
853 2644 943 2695 ex
1007 2619 1297 2695 ratione
1371 2621 1662 2713 formae,
1709 2619 1828 2693 vel
1873 2640 1965 2692 ex

424 2748 637 2836 parte
682 2738 1008 2834 agentis,
1070 2739 1188 2811 vel
1255 2721 1351 2811 ἔκ
1392 2746 1604 2835 parte
1647 2759 1967 2833 suscep-

427 2857 587 2930 tivi.
657 2856 831 2929 Non
893 2863 1139 2953 potest
1205 2853 1369 2929 dari
1437 2863 1680 2928 status
1720 2875 1968 2950 respe-

426 2984 547 3048 ctu
588 2974 879 3065 lormae,
915 2971 1098 3068 quia
1152 2969 1297 3044 ista
1335 2969 1578 3044 forma
1609 2969 1970 3069 spiritua-

430 3090 526 3162 lis
594 3098 707 3165 est
747 3087 1100 3186 quoedam
1162 3085 1641 3185 participatio
1684 3084 1969 3160 divinae

427 3206 722 3303 gratiae‚
785 3207 901 3280 vel
976 3204 1413 3288 charitatis:
1484 3204 1719 3300 igitur
1793 3226 1968 3277 cum

430 3346 736 3421 semper
799 3322 1044 3419 gratia
1111 3331 1390 3415 creata,
1452 3323 1574 3396 vel
1637 3320 1971 3396 charitas

429 3442 655 3517 distet
682 3465 723 3516 a
756 3441 1124 3515 charitate
1150 3439 1413 3514 divina
1436 3439 1512 3512 in
1549 3437 1966 3532 infinitum,

429 3584 585 3634 non
656 3568 901 3657 potest
959 3558 1124 3632 dari
1221 3568 1477 3632 certus
1562 3557 1966 3647 terminuS,

434 3675 633 3747 ultra
677 3696 903 3771 quem
952 3697 1106 3747 non
1147 3672 1508 3747 convenit
1556 3671 1970 3770 procedere

429 3813 522 3864 ex
583 3799 796 3888 parte
865 3789 1097 3886 hujus
1143 3790 1430 3863 formae.
1496 3788 1708 3862 Licet
1765 3787 1969 3862 enim

431 3931 584 3980 non
649 3905 1059 3980 conveniat
1117 3906 1531 4003 procedere
1591 3904 1668 3978 in
1734 3906 1973 3979 forma

431 4026 737 4100 ruboris
780 4026 857 4099 in
904 4024 1322 4120 inlinitum,
1360 4025 1546 4123 quin
1607 4025 1974 4099 devenia-

436 4154 556 4217 tur
598 4145 691 4217 ad
735 4144 961 4218 aliam
1031 4144 1394 4241 speciem,
1444 4152 1522 4216 ut
1579 4142 1671 4216 ad
1716 4142 1974 4238 nigre-

432 4262 869 4355 factionem,
958 4270 1209 4336 tamen
1276 4261 1453 4335 licet
1520 4260 1977 4358 procedatur

437 4377 509 4449 in
592 4375 976 4449 infinitum
1069 4375 1147 4447 in
1235 4373 1603 4448 charitate
1690 4382 1971 4465 creata,

439 4516 832 4591 nunquam
899 4492 1346 4566 devenietur
1379 4491 1468 4565 ad
1514 4491 1741 4565 aliam
1799 4514 1976 4587 spe-

437 4608 659 4700 ciem,
718 4617 796 4680 ut
854 4606 944 4679 ad
1007 4605 1454 4680 charitatem
1528 4605 1970 4678 increatam.

435 4723 595 4796 Nec
652 4731 900 4819 potest
966 4721 1127 4795 dari
1201 4721 1572 4794 terminus
1632 4743 1722 4794 ex
1766 4728 1977 4817 parte

439 4839 763 4935 agentis,
800 4861 972 4911 cum
1019 4837 1266 4935 ipsum
1312 4836 1409 4910 sit
1456 4834 1780 4910 infinitae
1821 4836 1979 4908 vir-

441 4955 623 5029 tutis
664 4953 1073 5028 intensive.
1117 4952 1388 5049 Neque
1458 4977 1551 5027 ex
1593 4963 1805 5050 parte
1848 4976 1978 5025 su-

83 1934 239 1982 Ratio
272 1910 375 1994 priss

65 2010 154 2045 ma
189 2008 362 2058 nega-

166 2060 292 2108 tiva.

442 5068 805 5169 sceptivi,'
836 5069 1017 5168 quia
1058 5069 1390 5143 charitas
1449 5068 1765 5166 ampliat
1807 5093 1982 5166 sup-

443 5189 771 5287 positum
845 5197 917 5260 et
992 5185 1489 5284 capacitatem
1573 5184 1974 5282 suppositi,

445 5309 868 5384 secundum
924 5307 1111 5381 illud
1155 5306 1438 5380 Psalm.
1491 5305 1653 5377 118.
1709 5306 1979 5378 Lacu-m

447 5427 892 5501 mandatum
969 5431 1185 5499 taum
1247 5422 1506 5514 nimz'S,
1554 5429 1691 5496 etc.
1762 5421 1980 5496 Unde

446 5544 775 5619 charitas
848 5542 1084 5640 major
1124 5540 1461 5639 disponit
1498 5537 1981 5638 suppositum

447 5664 539 5738 ad
572 5661 1134 5761 susceptionem
1188 5658 1497 5757 majoris
1536 5657 1829 5755 gratiae.

3482 464 3610 534 333

2164 637 2523 711 Secunda
2554 637 2744 711 ratio
2787 638 2880 712 ad
2912 637 3145 729 idem,
3191 636 3395 733 quod
3447 658 3603 707 non
3760 643 3823 708 6.

2066 753 2163 826 sit
2202 753 2580 828 terminus
2622 753 2890 849 gratiae
2958 760 3235 827 creatae
3303 750 3379 824 in
3426 748 3608 824 effe·
3664 758 3925 808 Secunda·

2065 879 2222 962 ctu,
2268 870 2449 966 quia
2504 892 3017 967 quaecumque
3044 868 3296 965 gratia
3336 867 3612 968 produ·

2066 995 2189 1059 cta
2228 984 2479 1060 differt
2525 986 2619 1060 ab
2660 986 2828 1060 idea
2879 1009 3020 1060 sua
3069 985 3144 1058 in
3190 984 3608 1079 inlinitum,

2066 1102 2250 1199 quia
2331 1103 2499 1177 idea
2575 1102 2842 1198 gratiae
2918 1102 3227 1176 realiter
3285 1125 3435 1175 non
3499 1111 3615 1175 est

2067 1216 2277 1292 aliud
2310 1218 2402 1292 ab
2446 1218 2779 1292 essentia
2819 1217 3105 1291 divina.
3145 1218 3253 1290 Ex
3291 1219 3431 1290 hoc
3488 1239 3614 1291 se-

2069 1335 2560 1433 quiturquod
2593 1334 2899 1409 infinita
2920 1345 3099 1409 sunt
3132 1334 3384 1410 media
3416 1335 3616 1421 inter

2073 1476 2645 1551 quamcumque
2742 1454 3065 1550 gratiam
3138 1464 3471 1528 creatam
3541 1461 3614 1526 et

2069 1594 2291 1644 suam
2390 1569 2703 1663 ideam,.
2756 1571 2876 1645 vel
2946 1572 3217 1644 saltem
3287 1577 3615 1666 possunt

2069 1708 2265 1771 esse,
2296 1695 2368 1758 et
2399 1685 2508 1758 sic
2541 1709 2692 1758 non
2737 1696 2851 1760 est
2890 1686 3070 1760 dare
3102 1693 3401 1759 tantum
3435 1708 3614 1780 gra-

2069 1801 2198 1875 tiae
2239 1811 2515 1876 creatae
2547 1802 2735 1899 quin
2803 1802 3046 1899 possit
3101 1802 3263 1875 dari
3337 1800 3608 1898 majus,

2069 1914 2311 1989 Aliter
2374 1914 2724 2012 sequitur
2762 1914 3027 1988 eadem
3090 1913 3480 1988 conclusio
3523 1937 3614 1988 ex

2072 2032 2341 2106 eodem
2376 2032 2902 2125 antecedente,
2940 2032 3123 2129 quia
3154 2040 3447 2105 tantum
3474 2055 3616 2129 po-

2070 2156 2217 2222 test
2251 2147 2600 2245 produci,
2637 2157 3012 2245 quantum
3047 2155 3294 2246 potest
3335 2147 3616 2221 imitari

2071 2262 2322 2337 ideam
2392 2286 2642 2353 suam,
2705 2263 2768 2337 si
2834 2272 3036 2338 esset
3104 2263 3560 2359 productum
3595 2291 3613 2356 3

2072 2380 2205 2455 sed
2240 2380 2416 2455 data
2448 2403 2812 2479 suprema
2844 2380 3116 2478 gratia,
3152 2403 3329 2477 quae
3362 2389 3621 2479 posset

2071 2497 2343 2591 creari,
2408 2498 2688 2591 adhuc,
2733 2497 2797 2572 si
2859 2497 3270 2595 perfectius
3336 2498 3622 2596 produ-

2073 2622 2402 2707 ceretur,
2446 2614 2858 2712 perfectius
2898 2614 3327 2689 imitaretur
3367 2613 3617 2689 ideam

2073 2752 2324 2823 suam,
2395 2728 2579 2826 quia
2645 2728 2897 2803 adhuc
2960 2754 3115 2804 non
3210 2729 3619 2826 attingeret

2074 2845 2355 2920 ideam.
2414 2920 2417 2923 ,

2173 2970 2422 3046 Tertia
2480 2971 2671 3045 ratio
2713 2971 2807 3044 ad
2883 2970 3115 3064 idem,
3176 2979 3453 3045 natura
3492 2970 3614 3044 in-

2076 3085 2531 3161 tellectualis
2588 3110 2746 3159 non
2815 3093 3065 3184 potest
3129 3085 3233 3159 ita
3284 3086 3613 3184 perfecte

2078 3204 2427 3302 produci,
2474 3204 2663 3301 quin
2706 3205 2959 3279 adhuc
3000 3214 3259 3303 posset
3298 3204 3618 3303 produci

2080 3319 2433 3415 superior
2492 3319 2648 3404 illa,
2693 3319 2974 3395 virtute
3036 3319 3344 3414 divina3
3390 3321 3624 3416 igitur

2080 3458 2223 3510 nec
2256 3443 2504 3534 potest
2533 3435 2813 3533 aliquis
2862 3437 3148 3534 gradus
3187 3437 3454 3533 gratiae
3524 3437 3627 3512 ita

2078 3553 2491 3653 perfectius
2533 3554 2807 3649 creari,
2846 3555 3030 3653 quin
3078 3566 3335 3653 posset
3390 3556 3628 3654 perfe-

2080 3671 2274 3746 ctior
2330 3695 2420 3749 eo
2460 3672 2759 3767 creari,
2785 3673 2967 3771 quia
3007 3696 3312 3772 semper
3351 3683 3628 3749 natura

2079 3788 2487 3887 perfectior
2552 3800 2667 3864 est
2719 3813 2959 3888 capax
3019 3790 3286 3887 gratiae
3347 3813 3630 3866 secun-

2081 3906 2263 3980 dum
2341 3907 2668 4002 gradum
2744 3906 3211 3981 ulteriorem.
3292 3910 3626 3982 Antece-

2081 4021 2274 4096 dens
2335 4033 2562 4119 patet,
2605 4022 2789 4120 quia
2855 4024 3226 4120 producta
3296 4025 3630 4121 perfecta

2080 4151 2360 4215 natura
2463 4141 2995 4234 intellectuali,
3099 4164 3273 4238 quae
3369 4150 3631 4238 posset

2082 4257 2354 4347 creari,
2419 4258 2671 4331 adhuc
2740 4256 2907 4357 ipsa
2981 4267 3182 4333 esset
3248 4256 3465 4333 finita
3505 4282 3630 4333 se-

2082 4373 2427 4448 cundum
2488 4375 2775 4470 gradus
2842 4374 3330 4472 perfectionis
3389 4375 3633 4450 inten-

2082 4491 2288 4582 sive3
2353 4491 2588 4586 igitur
2641 4490 2702 4562 si
2746 4490 2889 4565 sibi
2959 4492 3368 4567 adderetur
3427 4517 3630 4567 unus

2083 4606 2371 4703 gradus
2400 4607 3107 4704 perlectioniffinon
3150 4618 3459 4706 propter
3487 4610 3631 4683 hoc

2086 4731 2289 4797 esset
2320 4720 2625 4796 infinita
2655 4721 3061 4813 intensive,
3098 4723 3281 4820 quia
3326 4723 3628 4798 finitum

2092 4838 2439 4913 additum
2520 4836 2737 4912 finito
2805 4863 2959 4912 non
3049 4850 3313 4914 causat
3385 4840 3636 4913 infini-

2088 4968 2301 5050 tum;
2365 4956 2499 5029 sed
2566 4980 2718 5029 non
2802 4966 3182 5054 repugnat
3258 4959 3632 5056 producto

2089 5074 2438 5173 produci,
2491 5072 2860 5171 quamdiu
2911 5083 3026 5147 est
3066 5072 3396 5170 finitum,
3452 5076 3636 5173 quia

2089 5189 2395 5264 finitum
2468 5189 2846 5263 intensive
2919 5199 3632 5288 quantumcumque

3702 3011 3895 3064 Tertia.

2020 5405 2025 5410 ι
2091 5311 2187 5384 sit
2247 5308 2694 5407 perfectum,
2761 5318 3010 5406 potest
3068 5309 3349 5385 habere
3415 5309 3637 5383 ratio-

2094 5446 2267 5498 nem
2313 5421 2812 5519 producibilis
2853 5447 2897 5497 a
2935 5422 3124 5497 Deo.
