4295 6326
108 3977 331 4050 Argum.

92 4051 344 4101 primum.
426 4049 431 4057 ·

115 4800 322 4853 Secun-

148 4865 298 4917 dum.

85 5547 345 5601 Tertium.

1528 406 1754 480 DIST.
1807 414 1895 482 V.
1947 407 2366 494 QUAESTIO
2418 413 2470 484 Ι.

3497 412 3626 484 615

1104 1039 2548 1320 DISTINCTIO
2682 1047 2922 1235 V.

1285 1466 1377 1515 DE
1431 1466 1930 1517 IMPEDIMENTO
1984 1466 2077 1514 Ex
2129 1467 2364 1516 PARTE
2414 1468 2763 1518 MINISTRI.

937 2114 1337 2195 QUAESTIO
1389 2115 1439 2180 Ι.

419 2289 666 2357 Utrum
704 2287 980 2355 malitia
1008 2283 1324 2355 Mz'nistrz’
1360 2280 1698 2369 impediat
1745 2279 1953 2368 effec-

501 2404 649 2464 tum
689 2394 1057 2482 Baptz'sme',
1092 2401 1170 2470 ⁸et
1218 2411 1311 2458 an
1360 2387 1576 2480 possit
1642 2388 1953 2478 conferre

497 2524 737 2573 verum
777 2503 1213 2590 Baptz'smum
1242 2504 1273 2566 ’ἒ

407 2695 605 2755 Aleos.
636 2697 689 2752 4.
723 2701 865 2766 part.
900 2701 1097 2768 quaese.
1150 2692 1236 2747 16.
1287 2690 1485 2746 memb.
1532 2689 1585 2744 2.
1638 2689 1699 2744 D.
1762 2688 1951 2743 Bona-

478 2772 630 2825 vent.
665 2775 770 2823 art.
801 2768 854 2822 2.
892 2769 1083 2837 quaest.
1117 2781 1158 2820 1.
1193 2762 1462 2820 Richard.
1498 2768 1585 2818 ort
1651 2763 1699 2815 3.
1758 2767 1947 2831 quaese.

479 2841 533 2895 3.
566 2839 632 2897 D.
665 2839 871 2895 Thom.
907 2841 959 2893 3.
990 2841 1138 2910 part.
1172 2840 1359 2907 quaest.
1389 2835 1479 2889 64.
1534 2838 1643 2889 art.
1691 2834 1746 2887 5.
1789 2839 1845 2887 et
1891 2830 1946 2887 9.

479 2911 743 2982 vasquez
774 2912 854 2966 ibi
881 2911 1025 2981 disp.
1059 2909 1182 2965 ⁴37.
1214 2912 1423 2963 Suarez
1451 2906 1595 2977 disp.
1641 2904 1727 2959 13.
1763 2904 1858 2959 lib.
1894 2906 1946 2960 4.

480 2983 681 3039 Castro
710 2982 777 3039 V.
813 2982 1146 3054 Baptismus
1176 2984 1315 3036 haer.
1349 2980 1403 3035 5.
1452 2988 1501 3034 et
1553 2977 1612 3031 V.
1666 2975 1945 3031 Potestas.

480 3054 812 3110 Waldensis
844 3071 883 3110 1.
915 3060 1047 3109 tom.
1086 3051 1187 3109 lib.
1220 3052 1274 3106 3.
1305 3067 1424 3113 cap.
1470 3050 1560 3104 81.
1593 3051 1644 3104 et
1684 3048 1773 3102 82.
1806 3053 1945 3104 Coc-

482 3126 608 3184 cius
635 3127 689 3184 2.
724 3130 851 3183 tom.
888 3125 982 3182 lib.
1014 3125 1068 3181 5.
1100 3126 1208 3181 art.
1238 3124 1291 3179 6.
1330 3126 1533 3180 Scotus
1564 3121 1625 3178 in
1649 3121 1827 3178 Oxon.
1862 3120 1950 3177 hic

481 3203 665 3272 quaest.
701 3216 742 3253 1.

509 3381 726 3456 Circa
757 3377 1320 3454 distinctionem
1349 3376 1725 3475 quintam,
1746 3398 1950 3473 quae-

408 3523 543 3575 ro:
604 3499 875 3573 Utrum
924 3496 1225 3572 malitia
1288 3495 1644 3569 Minis-tri
1706 3493 1949 3591 impe-

408 3616 572 3692 diat
599 3613 947 3713 effectum
979 3613 1392 3712 Baptismi,
1429 3622 1504 3688 et
1541 3636 1640 3687 cm
1666 3610 1948 3685 Minis-

408 3739 524 3810 ter
586 3733 837 3809 malus
901 3733 1144 3832 possit
1238 3730 1591 3828 conferre
1682 3753 1947 3804 verum

408 3852 899 3950 Baptismum
930 3849 975 3925 ?

506 3968 875 4065 Arguitur
949 3966 1155 4065 quod
1232 3989 1416 4039 non.
1497 3963 1949 4038 Ambrosius

410 4084 503 4177 de
545 4085 1105 4161 catechizandis
1146 4082 1491 4167 rudibus,
1532 4081 1712 4155 dicit
1744 4080 1949 4178 quod

408 4186 658 4280 malus
695 4202 1075 4278 Sacerdos
1116 4200 1197 4275 in
1238 4198 1703 4296 conferendo
1736 4198 1951 4295 Bap-

407 4324 716 4399 tismum
745 4344 899 4396 non
937 4324 1183 4394 sanat.
1245 4320 1334 4392 Et
1387 4318 1532 4390 hoc
1584 4315 1951 4414 probatur

408 4438 833 4538 tripliciter,
891 4436 1138 4535 primo
1189 4458 1327 4533 per
1392 4434 1580 4508 illud
1659 4433 1943 4508 Psalm.

410 4558 529 4630 31.
602 4556 699 4629 In
754 4553 1046 4629 diluvio
1106 4576 1478 4651 aquarum
1530 4549 1948 4625 multarum

410 4674 514 4750 ad
549 4697 721 4749 eum
752 4696 907 4746 non
961 4668 1633 4769 approaez'mabunc.

510 4793 726 4881 Item,
772 4788 1112 4865 secundo
1177 4812 1311 4887 per
1361 4787 1551 4861 illud
1610 4787 1951 4886 Apostoli

413 4907 506 4983 ad
540 4907 760 4980 Rom.
797 4905 912 4977 14.
951 4902 1189 4976 Omne
1222 4902 1421 5000 quod
1445 4926 1599 4977 non
1634 4909 1741 4975 est
1766 4900 1946 4998 fide,

403 5033 801 5125 peccatum
834 5030 966 5097 est.

506 5142 755 5218 Tertio
788 5141 1216 5217 secundum
1259 5163 1434 5216 eum
1472 5140 1782 5234 ibidem,
1829 5164 1952 5216 re-

412 5258 707 5356 cipiens
747 5257 1325 5333 Sacramentum
1385 5279 1429 5330 a
1468 5255 1626 5350 tali,
1686 5255 1955 5354 recipit

412 5378 506 5454 ad
539 5376 948 5474 judicium,
995 5398 1148 5448 non
1183 5375 1275 5449 ad
1318 5375 1670 5449 salutern.

510 5495 728 5586 Item,
813 5516 950 5589 per
1027 5490 1429 5584 rationem,
1521 5491 1948 5565 membrum

414 5611 712 5686 aridum
743 5633 897 5683 non
940 5616 1187 5706 potest
1226 5631 1392 5683 esse
1440 5608 1771 5683 medium
1829 5611 1951 5683 in·-

2076 1857 2366 1934 ssuendi
2409 1860 2642 1934 vitain
2677 1857 2753 1933 in
2797 1857 2945 1936 alia
2992 1860 3333 1937 membra
3377 1890 3394 1956 3
3431 1884 3620 1959 ergo

2070 1999 2227 2049 non
2297 1985 2546 2074 potest
2612 1999 2779 2051 esse
2852 1978 3187 2052 medium
3239 1977 3615 2053 influendi

2070 2093 2292 2167 alteri
2324 2092 2558 2167 vitam
2609 2117 2745 2191 per
2803 2093 3288 2170 collationem
3334 2095 3612 2170 Sacra-

2064 2209 2329 2284 menti.

2163 2328 2377 2418 Item,
2451 2326 2527 2400 in
2585 2351 2787 2426 aqua
2848 2329 3267 2427 requiritur
3346 2330 3604 2428 aliqua
3650 2381 3921 2442 Quartum.

2063 2444 2596 2540 sanctificatiO,
2718 2455 2798 2521 ut
2926 2447 3023 2522 sit
3130 2448 3603 2525 conveniens

2063 2565 2380 2640 materia
2419 2565 2818 2663 Baptismi,
2857 2565 3010 2639 imo
3051 2567 3311 2665 aliqua
3359 2567 3602 2644 virtus

2059 2682 2675 2781 supernaturalis
2785 2684 3240 2776 (secundum
3365 2709 3599 2760 unam

2058 2798 2533 2897 opinionem)
2557 2826 2574 2893 3
2613 2799 2744 2874 sed
2787 2799 3367 2875 Sacramentum
3401 2803 3605 2899 Bap-

2057 2915 2263 2990 tismi
2333 2916 2574 3013 magis
2638 2917 3019 3014 dependet
3102 2942 3146 2993 a
3219 2918 3596 3013 ministrO,

2059 3055 2290 3131 quam
2363 3057 2408 3107 a
2471 3033 2812 3119 materia,
2904 3045 2988 3108 ut
3080 3059 3307 3133 aqua,
3406 3036 3605 3110 sicut

2059 3146 2375 3225 effectus
2450 3149 2897 3250 principalis
2965 3159 3079 3226 est
3144 3152 3238 3226 ab
3326 3162 3600 3250 agente

2059 3270 2470 3368 plusquam
2505 3293 2549 3343 a
2599 3293 2823 3367 passo
2872 3296 2888 3356 3
2952 3293 3134 3367 ergo
3182 3272 3427 3369 inagis
3479 3296 3602 3347 re-

2060 3387 2394 3486 quiritur
2432 3389 2796 3463 sanctitas
2829 3388 2901 3461 iu
2951 3388 3327 3479 ministrO,
3364 3414 3596 3488 quam

2060 3504 2134 3578 in
2182 3528 2435 3602 aqua3
2482 3529 2693 3602 erg0,
2741 3514 2881 3580 etc.

2161 3624 2376 3717 Item,
2413 3647 2677 3698 errans
2718 3624 2917 3698 circa
2959 3624 3292 3722 aliquem
3330 3626 3600 3700 articu-
3657 3659 3934 3720 Quintum.

2061 3741 2217 3814 lum
2255 3739 2431 3815 fidei
2476 3764 2630 3813 non
2665 3749 2778 3814 est
2810 3740 2882 3813 in
2920 3741 3045 3814 via
3076 3742 3369 3836 salutiS,
3419 3743 3600 3841 quia

2060 3883 2214 3931 non
2251 3858 2481 3932 habet
2523 3858 2851 3933 infusam
2884 3858 3141 3953 fidem,
3179 3885 3355 3935 nam
3391 3884 3605 3936 error

2061 3976 2264 4050 circa
2297 3977 2942 4075 qualemcumque
2976 3978 3383 4054 articulum
3419 3980 3597 4055 fidei

2062 4119 2213 4168 non
2288 4105 2433 4169 stat
2511 4119 2684 4171 cum
2751 4096 2900 4172 fide
2964 4095 3238 4184 infusa,
3307 4107 3382 4173 et
3468 4123 3608 4198 per

2060 4236 2550 4311 consequens
2584 4238 2753 4287 cum
2827 4213 3099 4310 gratia,
3173 4215 3356 4313 quia
3413 4215 3604 4292 fides

2060 4330 2343 4424 infusa,
2389 4331 2656 4406 saltem
2691 4331 3039 4426 formata,
3086 4356 3238 4407 non
3276 4343 3390 4409 est
3439 4333 3604 4410 sine

2060 4448 2330 4545 gratia.

2162 4563 2312 4637 Sed
2353 4563 2783 4661 Cyprianus
2813 4565 3106 4664 Martyr
3132 4567 3345 4661 dixit,
3392 4568 3596 4666 quod
3628 4604 3946 4671 Cyprianus.

2062 4680 2415 4762 minister
2455 4682 2704 4755 malus
2745 4705 2899 4756 non
2943 4682 3068 4757 dat
3108 4709 3378 4759 verum
3413 4687 3604 4786 Bap-

2064 4796 2376 4871 tismum
2424 4825 2442 4891 3
2490 4821 2672 4894 ergo
2706 4822 2879 4872 cum
2910 4799 3051 4873 fuit
3091 4801 3169 4875 in
3226 4802 3352 4876 via
3410 4806 3608 4878 salu-

2065 4912 2189 5006 tis,
2236 4936 2391 4987 non
2428 4913 2712 4989 erravit
2773 4914 2977 4989 circa
3037 4917 3369 5015 aliquem
3428 4922 3609 4995 arti-

2067 5032 2328 5104 culum
2391 5029 2634 5126 fidei3
2705 5032 2988 5108 veritas
3049 5035 3255 5109 enim
3333 5037 3608 5115 Sacra-

2071 5155 2499 5221 mentorum
2600 5149 2991 5224 reducitur
3085 5153 3176 5226 ad
3267 5140 3603 5252 aliquem

2065 5262 2502 5357 articulum,
2577 5274 2656 5337 ut
2720 5266 2812 5339 ad
2876 5266 3093 5340 illum
3164 5269 3603 5365 articulum,

2062 5378 2498 5454 Ecclesiam
2573 5381 3046 5458 Catholz'cam
3109 5412 3127 5477 3
3188 5408 3369 5482 ergo
3448 5411 3603 5462 non

2065 5507 2181 5572 est
2218 5498 2311 5572 de
2347 5498 2799 5575 necessitate
2834 5501 3013 5575 fidei
3047 5504 3355 5579 credere
3398 5509 3603 5605 quod

2068 5616 2212 5687 hoc
2273 5615 2853 5692 Sacramentum
2922 5617 3394 5697 ministretur
3450 5633 3603 5702 tam
