4295 6326
252 1610 333 1659 Ad
371 1622 483 1671 arg.
514 1621 576 1658 ex

252 1675 458 1739 August
491 1685 541 1721 n.

271 1799 353 1848 An
389 1808 547 1860 gene·

258 1859 398 1911 ratio
437 1858 582 1908 Chri-

260 1925 324 1975 sti
355 1922 458 1972 fuit
490 1936 567 1971 se-

317 1986 551 2037 cundum

258 2049 585 2102 rationesse·

309 2112 550 2163 minatae.

375 3603 478 3669 14.

289 3720 347 3768 B.
380 3719 544 3768 Maria

283 3782 558 3852 quomodo

258 3849 546 3960 085225512‘2.

603 375 732 442 2¹18

606 566 833 639 agere
897 543 972 616 in
1033 543 1372 635 instanti,
1422 566 1561 617 nec
1621 563 1940 637 coagere
2010 540 2158 615 nisi

605 668 777 755 post
878 659 1253 734 actionem
1359 661 1525 757 ejus
1628 658 1706 731 in
1784 667 2154 755 tempore.

604 776 794 848 Dico
864 774 1066 873 quod
1145 799 1415 849 verum
1503 783 1617 848 est
1701 774 2162 870 generaliter

604 892 1023 988 loquendO,
1088 901 1160 966 et
1230 900 1309 965 ut
1373 890 1822 990 plurimum,
1905 899 2160 964 tamen

605 1008 670 1082 si
738 1032 976 1104 agens
1028 1007 1449 1083 increatum
1525 1009 1876 1106 suppleat
1926 1007 2167 1081 actio-

604 1147 780 1199 nem
853 1125 1020 1221 ejus
1089 1125 1166 1199 in
1239 1134 1585 1224 tempore
1649 1125 2164 1222 praecedente,

608 1231 685 1313 in
749 1242 1019 1316 ultimo
1103 1242 1417 1318 instanti
1487 1251 1735 1342 potest
1801 1266 2026 1340 agere
2094 1250 2168 1316 et

605 1381 958 1454 coagere,
1009 1383 1096 1434 ac
1156 1360 1216 1433 si
1279 1360 1561 1455 egisset
1618 1360 1739 1433 vel
1792 1357 2171 1455 coegisset

606 1497 742 1572 per
798 1475 1051 1549 media
1118 1476 1410 1573 praevia
1470 1486 1793 1550 naturae.

705 1590 816 1662 Ad
875 1590 1081 1663 aliud
1127 1601 1392 1664 contra
1444 1591 1536 1665 de
1592 1590 2021 1666 rationibus
2060 1615 2172 1665 se·

611 1705 1056 1799 minalibuS,
1109 1706 1279 1779 dico
1333 1706 1536 1804 quod
1587 1706 1719 1780 ubi
1780 1706 2172 1804 principa-

615 1822 706 1895 lis
803 1822 994 1896 ratio
1090 1823 1337 1897 activa
1425 1831 1538 1897 est
1627 1823 1703 1895 in
1800 1821 2172 1897 creaturis

615 1960 787 2010 cum
852 1936 1513 2011 administratione
1573 1936 1741 2030 Dei,
1805 1960 1959 2010 non
2030 1960 2172 2034 po-

614 2061 761 2128 test
817 2054 990 2128 talis
1058 2055 1455 2151 productio
1512 2077 1678 2129 esse
1742 2053 2170 2129 secundum

616 2170 952 2244 rationes
1007 2170 1444 2265 seminaleS,
1518 2193 1658 2245 nec
1722 2170 1827 2244 ita
1883 2171 2166 2266 subit0,

614 2296 870 2361 tamen
934 2287 1060 2361 ubi
1106 2287 1296 2362 ratio
1339 2287 1867 2386 principaliter
1920 2289 2171 2363 activa

610 2413 725 2477 est
765 2403 840 2476 in
914 2411 1188 2500 agente
1231 2403 1598 2498 increato,
1645 2412 1892 2501 potest
1931 2427 2170 2500 agens

611 2529 949 2595 creatum
1022 2519 1169 2594 sibi
1211 2543 1533 2616 coagere
1577 2519 1654 2592 in
1702 2520 1971 2595 ultimo
2048 2521 2168 2593 in-

608 2638 863 2712 stanti.
911 2637 1071 2712 Nec
1123 2637 1402 2711 dicitur
1460 2639 1603 2711 hoc
1647 2637 1811 2712 fieri
1853 2662 1990 2736 per
2042 2662 2170 2713 ra-

603 2754 854 2830 tiones
887 2755 1328 2849 seminales,
1357 2779 1530 2828 cum
1567 2756 1808 2831 virtus
1837 2756 2168 2853 Spiritus

604 2875 851 2949 sancti
948 2876 1303 2972 suppleat
1406 2873 1781 2949 actionem
1886 2873 2163 2969 Patris,

604 2991 801 3066 sicut
861 2993 922 3065 si
986 2992 1214 3066 Pater
1280 3001 1538 3087 ageret
1590 2993 2028 3068 formaliter.
2077 2995 2168 3068 Et

603 3132 740 3205 pro
805 3116 1017 3183 tanto
1070 3117 1317 3207 potest
1374 3107 1523 3183 dici
1566 3108 1770 3206 quod
1815 3108 1942 3184 illa
1984 3133 2165 3209 pro-

603 3226 860 3300 ductio
906 3250 1060 3300 non
1121 3235 1282 3300 erat
1340 3227 1767 3301 secundum
1829 3228 2164 3303 rationes

603 3344 1051 3435 seminaleS,
1101 3368 1253 3416 non
1324 3343 1673 3418 obstante
1736 3345 1940 3441 quod
2001 3368 2163 3418 ma-

603 3471 719 3535 ter
769 3469 969 3557 agat.

703 3576 1000 3651 Tertius
1043 3576 1440 3670 articulus,
1489 3577 1874 3673 quomodo
1915 3578 2168 3661 Maria,

608 3693 903 3799 peperit
970 3692 1427 3765 Christum?
1476 3692 1556 3766 Si
1598 3703 1840 3768 mater
1896 3716 1976 3768 se
2021 3694 2161 3769 ha-

608 3813 736 3887 bet
787 3811 863 3882 in
908 3820 1126 3908 partu
1175 3819 1256 3883 ut
1290 3811 1665 3884 terminus
1704 3835 1750 3884 α
1800 3834 1944 3908 quo
2002 3820 2163 3885 tan-

608 3939 798 4021 tum,
871 3927 1068 4000 sicut
1134 3925 1360 3999 arbor
1428 3935 1774 4023 respectu
1867 3928 2159 4001 fructus

606 4043 973 4138 cadentis,
1047 4043 1151 4117 ita
1210 4042 1415 4140 quod
1475 4042 1667 4116 nihil
1745 4054 1944 4139 agat,
2025 4044 2156 4118 sed

605 4160 1139 4260 ponderositas
1216 4159 1393 4233 lacit
1458 4159 1786 4232 fructum
1856 4161 2155 4255 cadere,

605 4282 727 4355 vel
785 4279 1193 4355 desiccatio
1227 4279 1682 4373 extrinseca,
1727 4287 1910 4353 tunc
1944 4280 2159 4354 facile

606 4406 720 4471 est
805 4396 1186 4470 sustinere
1274 4395 1477 4492 quod
1554 4394 1788 4490 Virgo
1865 4395 2162 4494 peperit

605 4514 1021 4589 Christum.
1106 4512 1185 4585 Si
1261 4522 1510 4586 tamen
1576 4512 1887 4610 ponitur
1953 4514 2158 4611 quod

606 4652 874 4728 parere
918 4628 1014 4701 sit
1055 4650 1191 4725 per
1229 4626 1587 4701 virtutem
1650 4628 2157 4726 expulsivam,

606 4768 758 4817 non
823 4744 926 4816 ita
985 4742 1200 4816 facile
1263 4751 1379 4816 est
1440 4742 1764 4817 salvare.
1812 4742 2154 4816 Primum

604 4870 836 4961 patet,
883 4860 1065 4957 quia
1103 4860 1165 4932 si
1210 4868 1451 4933 mater
1508 4883 1588 4935 se
1647 4861 1925 4935 habeat
1982 4884 2160 4960 pas-

603 4979 794 5068 sive,
842 4989 1022 5053 tunc
1090 4977 1421 5075 Spiritus
1487 4987 1799 5053 sanctus
1852 4979 2009 5075 agit
2064 4979 2160 5053 ad

604 5098 1165 5196 separationem
1226 5096 1463 5194 prolis
1514 5119 1556 5169 a
1626 5107 1891 5191 matre,
1964 5096 2164 5171 sicut

604 5216 812 5289 calor
864 5216 984 5289 vel
1043 5212 1576 5310 ponderositas
1617 5214 1707 5287 ad
1752 5214 2162 5311 separatio-

605 5357 782 5409 nem
839 5333 1130 5405 lructus
1197 5329 1291 5403 ab
1342 5330 1638 5405 arbore.
1714 5331 2157 5406 Secundum

603 5460 837 5552 patet,
892 5449 1074 5546 quia
1128 5471 1280 5521 non
1342 5455 1590 5545 potest
1646 5472 1923 5548 corpus
1991 5472 2160 5524 esse

604 5570 836 5647 simul
922 5590 1095 5641 cum
1154 5587 1473 5664 corpore
1534 5564 1709 5658 alio,
1783 5565 1888 5641 ita
1953 5565 2158 5664 quod

1991 368 2233 437 LIBRI
2282 368 2398 437 111.

2276 565 2431 616 non
2508 541 2930 638 gloriosum
3006 565 3180 616 cum
3257 562 3411 614 non
3490 536 3823 634 glorioso

2273 681 2410 755 per
2449 658 2808 733 virtutem
2851 668 3249 733 creaturam
3289 656 3436 730 Sed
3479 652 3829 727 Christus

2273 776 2508 850 exivit
2556 777 2821 873 januis
2862 777 3175 869 clausis,
3241 776 3386 848 hoc
3428 782 3570 866 est,
3614 773 3830 845 clau-

2276 915 2359 964 so
2437 900 2707 985 utero;
2796 892 3026 989 igitur
3093 899 3390 989 oportet
3467 887 3669 985 quod
3752 886 3828 957 in

2275 1006 2477 1080 exitu
2560 1016 2818 1081 essent
2892 1007 3043 1081 duo
3114 1027 3461 1103 corpora,
3536 1010 3610 1077 et
3674 1024 3831 1074 non

2277 1123 2612 1198 creditur
2664 1122 3176 1197 communiter
3216 1119 3421 1218 quod
3463 1128 3647 1192 tunc
3697 1117 3836 1190 luit

2277 1263 2556 1338 corpus
2609 1240 2889 1315 Christi
2923 1240 3344 1337 gloriosum
3384 1267 3402 1333 3
3467 1239 3637 1312 ideo
3680 1259 3833 1309 non

2276 1358 2586 1433 videtur
2651 1357 2854 1455 quod
2933 1381 3069 1456 per
3134 1357 3494 1431 virtutem
3573 1352 3856 1428 matris¹

2280 1476 2528 1574 potuit
2567 1475 2675 1549 sic
2735 1474 3017 1550 Christi
3058 1498 3339 1572 corpus
3389 1473 3625 1565 exire,
3689 1469 3836 1543 nisi

2281 1601 2612 1690 ponatur
2694 1593 2896 1690 quod
2977 1591 3355 1689 parturire
3433 1599 3547 1665 est
3623 1587 3838 1685 prius

2280 1732 2535 1806 agere,
2572 1710 2692 1783 vel
2737 1708 2814 1780 in
2847 1707 3049 1783 exitu
3094 1717 3206 1782 est
3247 1705 3443 1780 actio
3475 1729 3519 1779 a
3560 1704 3837 1777 virtute

2281 1827 2613 1925 Spiritus
2669 1826 2939 1901 sancti.

2810 2116 3176 2175 SCHOLlUM
3228 2116 3293 2172 V.

2351 2287 2534 2344 Maria
2560 2287 2668 2342 suit
2700 2295 2875 2343 mater
2901 2284 3110 2342 Chr-itti
3141 2283 3420 2341 naturalis
3470 2283 3659 2354 quoad
3698 2282 3836 2338 sub·

2280 2378 2582 2447 etantiam,
2627 2383 2684 2432 et
2719 2375 3068 2432 miraculosa
3098 2375 3290 2447 quoad
3317 2374 3577 2443 modum,
3620 2374 3688 2429 de
3721 2387 3834 2443 quo

2280 2467 2542 2523 Ambrae.
2582 2468 3100 2522 lib.de1ncarnat.
3135 2482 3259 2538 cap.
3302 2465 3358 2521 6.
3410 2468 3478 2520 D.
3528 2463 3735 2518 Thom.
3778 2462 3832 2520 3.

2283 2575 2334 2630 p.
2390 2561 2597 2629 quaest.
2653 2557 2742 2613 35.
2795 2560 2906 2612 art.
2957 2556 3009 2610 4.
3060 2556 3126 2611 D.
3179 2555 3390 2609 Bonav.
3440 2558 3496 2608 et
3535 2552 3832 2623 1Ricbard·

2279 2648 2459 2704 citati.
2496 2647 2581 2703 Ad
2616 2648 2937 2703 secundum
2969 2645 3223 2717 explicat
3272 2644 3492 2716 optime
3543 2643 3836 2713 quomodo

2279 2738 2616 2794 maternitas
2648 2745 2699 2792 et
2730 2736 3033 2809 virginitas
3065 2751 3178 2791 non
3213 2737 3587 2806 opponuntur
3622 2733 3835 2787 sorma-

2275 2827 2550 2887 liter,eed
2581 2826 2929 2883 virtualiter.
2964 2825 3105 2881 Vide
3146 2826 3204 2881 in
3258 2828 3438 2880 Oxon.
3500 2823 3692 2879 Schol.
3738 2821 3833 2879 hic

2277 2935 2439 2974 num.
2475 2919 2561 2973 15.

2368 3111 2480 3186 Ad
2560 3110 2976 3185 secundam
3046 3109 3581 3206 quaestionem,
3656 3107 3824 3182 dico
3979 3138 4089 3205 15,

2274 3228 2479 3325 quod
2548 3225 2899 3302 effectum
2978 3226 3295 3324 produci
3375 3225 3825 3300 naturaliter
3858 3253 4155 3326 producta>

2272 3355 2519 3444 potest
2577 3346 2901 3441 intelligi
2961 3344 3393 3441 dupliciter,
3464 3345 3583 3418 vel
3640 3343 3824 3442 quia
3883 3317 4167 3443 ”332522‘

2270 3487 2361 3538 ex
2402 3470 2615 3560 parte
2674 3461 3029 3561 principii
3081 3460 3305 3535 activi
3353 3468 3463 3534 est
3505 3468 3824 3533 natura-

2269 3582 2467 3676 litaS,
2530 3583 2649 3657 vel
2710 3580 2891 3678 quia
2931 3604 3023 3655 ex
3080 3590 3291 3678 parte
3353 3578 3581 3653 modi.
3631 3580 3823 3653 Pro-

2268 3698 2430 3796 prie
2522 3708 2774 3772 tamen
2859 3696 3244 3795 loquendo
3328 3719 3480 3770 non
3546 3695 3823 3770 dicitur

2269 3812 2582 3889 effectus
2622 3812 2939 3910 produci
2991 3810 3466 3902 naturaliter,
3513 3811 3821 3908 quando

2266 3929 2412 4005 tale
2445 3951 2683 4026 agens
2724 3952 2878 4002 non
2923 3928 3152 4003 habet
3191 3927 3499 4001 modum
3545 3926 3820 4024 agendi

2268 4045 2858 4120 convenientem
2918 4044 3046 4119 tali
3103 4043 3391 4141 agenti,
3429 4043 3612 4142 quia
3678 4046 3819 4117 hoc
3880 4068 4047 4119 Maria
4081 4083 4159 4120 an

2268 4162 2716 4237 adverbium
2812 4160 3272 4235 naturaliter
3362 4171 3477 4235 est
3567 4160 3821 4234 deter-
3853 4135 4191 4245 mssss‘ssssnssf'

2270 4279 2587 4354 minatio
2646 4278 2889 4371 verbi,
2945 4287 3015 4351 et
3082 4277 3254 4352 ideo
3314 4276 3619 4375 proprie
3688 4276 3824 4352 dc·
3923 4352 3924 4355 ,

2267 4396 2629 4470 terminat
2661 4395 2972 4468 modum
3006 4393 3283 4490 agendi
3312 4422 3331 4486 ;
3377 4393 3546 4468 ideo
3581 4394 3825 4490 magis

2268 4512 2573 4611 proprie
2628 4511 2907 4585 dicitur
2945 4510 3297 4584 Christus
3347 4510 3555 4586 filius
3594 4521 3826 4586 natu-

2270 4630 2450 4705 ralis
2518 4653 2610 4704 ex
2666 4638 2878 4726 parte
2939 4628 3294 4726 principii
3356 4629 3584 4703 activi
3654 4639 3825 4704 tan-

2269 4757 2460 4840 tum,
2532 4769 2763 4843 quam
2824 4768 2916 4819 ex
2983 4753 3194 4842 parte
3250 4745 3453 4818 modi
3513 4747 3818 4842 agendi,

2271 4864 2453 4961 quia
2496 4862 2766 4937 modus
2806 4862 2933 4937 ille
2976 4862 3252 4958 agendi
3295 4885 3449 4934 non
3511 4885 3822 4962 compe-

2269 4982 2474 5057 tebat
2513 4981 2963 5056 naturaliter
3000 4979 3295 5073 Mariae,
3341 4990 3415 5055 et
3452 4981 3623 5056 ideo
3665 5004 3820 5055 non

2272 5097 2578 5196 proprie
2662 5095 2942 5170 dicitur
3032 5095 3357 5169 Mariam
3460 5096 3821 5193 genuisse

2272 5215 2721 5290 naturaliter
2788 5224 3162 5312 quantum
3224 5213 3316 5287 ad
3379 5215 3717 5290 modum.

2367 5332 2476 5406 Ad
2591 5331 2923 5429 primum
3028 5332 3448 5431 principale
3551 5334 3820 5433 prima}
3855 5355 3935 5407 Ad
3980 5362 4180 5421 arg.1.

2271 5448 2748 5548 quaestioniS,
2807 5449 2976 5524 dico
3035 5450 3240 5547 quod
3293 5449 3822 5528 Damascenus
3896 5433 3949 5483 ‘³’
3984 5435 4152 5484 ’ΨΦ

3935 5486 4116 5539 noris.

2268 5566 2499 5643 instat
2557 5577 2822 5643 contra
2863 5567 3338 5660 haereticum,
3397 5569 3582 5668 quia
3618 5572 3817 5648 Nes-
