4295 6326
433 2675 491 2738 1.

298 2793 518 2856 Argum.
553 2792 594 2838 1.

359 3020 558 3069 Secun-

393 3082 542 3131 duur

337 3869 587 3920 Tertium.

353 5262 568 5312 Contra.

620 399 749 466 272

1963 394 2204 462 LIBRI
2254 381 2377 463 111.

1261 910 2704 1104 DISTINCTIO
2842 916 3179 1102 IV.

1144 1658 1546 1736 QUAESTIO
1600 1659 1651 1722 Ι.

735 1829 973 1892 clm-um
1020 1826 1214 1891 beata
1264 1825 1470 1908 Vz'rqo
1501 1823 1645 1905 suit
1686 1842 1846 1890 vera
1878 1831 2100 1890 mater

1246 1928 1575 2000 Christi?

641 2129 839 2185 AlenS.
873 2129 926 2185 3.
957 2131 1103 2189 wart.
1137 2129 1324 2198 quaest.
1357 2125 1410 2180 8.
1444 2126 1672 2181 membr.
1701 2141 1738 2179 1.
1774 2127 1817 2192 §.
1855 2125 1908 2180 3.
1946 2129 2009 2181 D.
2042 2124 2190 2180 Tho·

716 2217 839 2257 mas
870 2202 922 2254 3.
956 2202 1105 2267 part.
1159 2201 1353 2269 quaest.
1397 2197 1486 2251 35.
1541 2204 1647 2252 art.
1697 2198 1752 2251 5.
1797 2198 1887 2250 hic
1956 2198 2187 2253 uaest.2.

715 2282 821 2328 art.
857 2273 908 2328 3.
934 2272 996 2327 D.
1038 2275 1345 2324 Bonavent.
1378 2277 1490 2323 are.
1514 2269 1566 2322 3.
1600 2270 1788 2339 quaest.
1822 2269 1875 2322 3.
1965 2268 2187 2324 ichard.

716 2350 828 2400 art.
856 2347 910 2398 2.
944 2355 1132 2415 quaest.
1164 2344 1217 2396 2.
1252 2341 1508 2396 Durand.
1580 2345 1734 2396 uoest.
1775 2358 1808 2395 ι.
1841 2345 2002 2396 Suar.
2058 2350 2188 2397 tom.

714 2418 768 2471 2.
799 2418 938 2487 disp.
976 2417 1060 2469 12.
1094 2413 1240 2469 Vide
1271 2414 1422 2468 Scot.
1456 2414 1509 2467 9.
1592 2411 1772 2484 etaplz.
1808 2418 2003 2483 quoest.
2036 2412 2087 2467 3.
2139 2416 2193 2467 et

716 2489 770 2541 7.
809 2492 938 2543 Met.
973 2503 1024 2558 q.
1059 2487 1113 2541 8.
1146 2487 1199 2541 9.
1233 2493 1287 2541 ει
1319 2486 1406 2540 10.

748 2666 964 2753 Quod
998 2689 1181 2738 non.
1253 2663 1780 2738 Damascenus
1832 2684 1997 2759 cap.
2063 2661 2187 2738 57.

649 2783 828 2857 dicit
872 2783 1117 2881 ipsam
1163 2804 1318 2853 non
1363 2802 1529 2853 esse
1566 2802 1825 2853 veram
1873 2787 2190 2853 matrem

649 2899 957 2991 Christi,
1004 2907 1075 2971 et
1116 2896 1590 2993 genitricem.

750 3017 967 3108 Item,
1036 3014 1421 3088 contraria
1495 3036 1649 3098 non
1717 3020 2040 3110 possunt
2085 3011 2195 3084 in·

650 3157 816 3210 esse
859 3132 1083 3208 simul
1129 3129 1379 3206 eidem
1421 3153 1559 3228 per
1614 3128 2032 3227 potentiam
2075 3129 2191 3203 di-

648 3253 937 3344 vinam,
983 3273 1125 3324 nec
1180 3249 1406 3323 etiam
1455 3248 1829 3347 privative
1878 3248 2191 3345 opposi-

648 3379 770 3462 ta3
828 3367 1061 3463 Virgo
1139 3376 1212 3440 et
1269 3374 1513 3441 mater
1570 3373 1749 3439 sunt
1816 3364 2189 3461 privative

648 3486 999 3585 opposita
1042 3486 1158 3560 vel
1229 3484 1638 3576 contraria,
1712 3484 1893 3581 quia
1954 3482 2016 3557 si
2077 3491 2192 3556 est

651 3614 920 3697 mater,
967 3627 1123 3676 non
1167 3611 1282 3705 est
1312 3625 1357 3675 a
1397 3602 1561 3674 viro
1605 3601 1916 3693 intacta,
1960 3610 2193 3674 natu-

653 3723 913 3797 raliter
945 3720 1358 3819 loquendo.

751 3842 966 3929 Item,
1059 3837 1558 3911 contradictio
1666 3848 1779 3910 est
1904 3861 2191 3934 ponere

654 3980 895 4031 unum
956 3954 1361 4027 relativum
1448 3952 1614 4027 sine
1675 3954 2187 4043 correlativo;

651 4074 886 4168 igitur
927 4071 1095 4167 ejus
1128 4093 1285 4143 non
1329 4079 1442 4143 est
1477 4078 1742 4158 mater,
1781 4069 2002 4166 cujus
2033 4095 2192 4143 non

651 4200 765 4264 est
797 4198 1036 4286 pater,
1084 4186 1265 4284 quia
1332 4195 1543 4283 patei
1588 4195 1662 4260 et
1728 4196 1971 4261 mater
2014 4196 2196 4261 sunt

651 4307 967 4383 relative
1001 4305 1378 4403 opposita,
1411 4304 1594 4400 quia
1649 4327 1729 4378 se
1785 4306 2072 4380 habent
2114 4316 2196 4380 ut

622 4424 987 4499 activum
1016 4435 1090 4496 et
1167 4421 1587 4519 passivum,
1638 4421 1751 4494 15.
1802 4422 2198 4498 Animali-

654 4541 814 4615 bus.
870 4538 1224 4613 Activum
1296 4547 1368 4611 et
1408 4537 1801 4634 passivum
1858 4548 2037 4612 sunt
2077 4563 2200 4613 re-

653 4657 887 4731 lativa
919 4664 1212 4741 mutua,
1254 4663 1334 4727 ut
1365 4655 1693 4728 hahetur
1746 4655 1814 4727 ὃ.
1852 4655 2196 4754 Mecaplz.

656 4778 839 4848 teoet.
897 4771 1015 4843 20.
1076 4794 1213 4869 per
1283 4772 1426 4844 hoc
1486 4770 1783 4868 primus
1826 4774 2098 4848 modus
2131 4783 2205 4848 et

658 4888 1050 4963 secundus
1136 4884 1501 4959 differunt
1594 4911 1639 4960 a
1719 4887 1984 4982 tertio;
2069 4889 2203 4963 scd

662 5005 1012 5079 Christus
1114 5004 1539 5078 secundum
1649 5005 2203 5080 humanitatem

664 5147 819 5197 non
853 5122 1123 5197 habuit
1156 5132 1448 5219 patrem
1482 5131 1554 5195 et
1607 5132 1952 5198 matrem.

764 5239 1244 5338 Oppositum,
1282 5239 1510 5311 Lucae
1556 5238 1620 5310 1.
1685 5240 1890 5314 Ecce
1949 5242 2209 5315 conci-

654 5359 827 5457 pies
868 5356 1213 5454 clparies
1241 5352 1523 5450 filium.
1557 5358 1649 5429 Et
1678 5356 1909 5432 Lucae
1941 5359 2011 5431 2.
2056 5360 2208 5433 Im-

656 5470 872 5569 plctcc
901 5476 1079 5542 sunt
1110 5467 1394 5541 omnia.

2847 1541 3274 1601 RESOLUTIO.

2366 1686 2540 1742 Beata
2594 1684 2770 1758 Virgo
2823 1685 2929 1741 tuit
2985 1700 3119 1740 vera
3176 1688 3362 1740 mater
3417 1683 3651 1752 Christi,
3701 1700 3835 1741 cum

2297 1779 2460 1835 illum
2491 1794 2621 1835 vere
2652 1777 2980 1849 conceperit
3010 1793 3077 1835 ac
3107 1778 3434 1850 pepererit;
3467 1779 3651 1835 active
3681 1778 3836 1834 euim

2299 1870 2596 1927 concurrit
2625 1870 2692 1926 ad
2725 1869 3134 1926 formationem
3167 1869 3426 1941 corporis
3457 1869 3687 1926 Christi.

2807 2224 3214 2303 QUAES'PIO
3249 2227 3331 2290 Il.

2306 2399 2548 2464 Utrum
2635 2396 2830 2462 beata
2916 2398 3120 2482 Virqo
3190 2399 3340 2483 fuit
3424 2399 3845 2466 manualiter

2769 2516 2992 2572 mater
3013 2533 3017 2538 ·
3041 2506 3301 2572 Christi
3325 2501 3365 2570 P

2306 2719 2573 2771 Doctores
2604 2715 2767 2771 citati
2800 2719 3006 2785 quaest.
3041 2716 3289 2777 oraeced.
3329 2716 3598 2772 Amth.
3640 2717 3737 2772 lib.
3783 2716 3848 2771 de

2374 2789 2652 2842 lucarnat.
2684 2804 2804 2858 cap.
2832 2789 2884 2841 6.
2928 2793 2987 2842 D.
3020 2788 3226 2843 Thorn.
3259 2789 3311 2842 3.
3344 2793 3488 2855 part.
3521 2797 3718 2858 quoest.
3753 2789 3841 2844 35.

2372 2863 2480 2914 art.
2510 2861 2566 2915 ⁴2.
2591 2859 2656 2914 D.
2688 2859 2900 2915 Bonav.
2925 2860 3013 2914 hic
3041 2867 3150 2913 nrt.
3184 2859 3238 2912 3.
3266 2867 3459 2930 quoest.
3488 2861 3542 2913 2.
3569 2859 3839 2915 Richard.

2372 2936 2479 2986 art.
2508 2933 2559 2985 2.
2593 2941 2782 3001 quast.
2820 2933 2871 2986 3.
2915 2935 3063 2986 Scot.
3114 2939 3306 3002 quaest.
3350 2933 3533 2987 unica.
3569 2948 3720 2987 num.
3753 2934 3839 2987 14.

2399 3127 2618 3215 Quod
2650 3128 2784 3202 sic.
2823 3127 3171 3203 Christus
3211 3129 3352 3203 fuit
3391 3131 3843 3206 naturaliter

2301 3244 2508 3321 filius
2574 3245 2915 3342 Virginis
2976 3247 3264 3334 beatae3
3363 3248 3597 3344 igitur
3672 3249 3838 3347 ipsa

2302 3365 2753 3441 naturaliter
2829 3375 2944 3439 est
3020 3377 3284 3440 mater.
3358 3368 3840 3443 Antecedens

2301 3492 2532 3582 patet,
2571 3483 2754 3581 quia
2795 3483 2873 3556 in
2908 3483 3066 3557 filio
3111 3484 3474 3558 fundatur
3520 3487 3836 3581 relatio;

2302 3603 2536 3698 igitur
2574 3602 2665 3675 ad
2711 3626 3120 3700 personam
3163 3603 3390 3677 aliam
3434 3628 3479 3678 a
3546 3628 3654 3698 se,
3700 3629 3843 3680 cu-

2292 3719 2423 3814 jus
2455 3718 2616 3815 ipse
2651 3727 2764 3792 est
2803 3717 3011 3792 filius
3052 3720 3449 3794 naturalis.

2401 3836 2882 3933 Oppositum,
2911 3838 3321 3912 Anselmus
3354 3838 3444 3912 de
3477 3838 3838 3937 Concept.

2302 3951 2516 4047 Virg.
2564 3975 2729 4049 cap.
2781 3953 2895 4025 11.
2932 3953 3365 4028 [mortalia
3405 3978 3661 4051 opera,
3699 3965 3842 4030 etc.

2306 4069 2436 4143 uhi
2487 4070 2702 4167 ponit
2745 4071 2935 4144 illud
2993 4094 3185 4169 opus
3230 4070 3426 4147 inter
3456 4098 3688 4173 opera
3717 4098 3851 4147 su-

2305 4187 2853 4283 pernaturalia.

2868 4426 3225 4484 SCHOLIUM
3266 4433 3308 4482 1.

2384 4580 2622 4636 Mariam
2654 4596 2782 4636 esse
2811 4598 2941 4636 vere
2975 4586 3217 4637 matrem
3276 4583 3507 4649 Christi,
3562 4585 3705 4640 fides
3752 4570 3861 4657 est,

2315 4669 2447 4725 Luc.
2482 4687 2519 4726 1.
2553 4672 2687 4726 Ecce
2711 4672 2987 4738 concipies
3017 4679 3068 4727 et
3098 4673 3305 4742 paries.
3343 4673 3581 4730 Ponitur
3623 4680 3862 4732 senten-

2313 4758 2396 4814 tia
2435 4760 2493 4813 D.
2528 4760 2786 4825 Thomae‚
2822 4777 2949 4831 qum
2999 4762 3172 4816 etiam
3224 4763 3454 4818 videtur
3505 4764 3859 4837 Philosophi,

2315 4852 2558 4904 matrem
2595 4865 2706 4903 non
2744 4865 3087 4905 concurrere
3119 4851 3302 4905 active
3337 4876 3350 4918 ;
3385 4855 3442 4907 et
3490 4854 3862 4910 adducuntur

2318 4937 2409 4991 hic
2443 4952 2599 4991 novae
2651 4937 2931 5001 rationes,
2984 4954 3112 5008 quae
3170 4955 3285 4993 non
3340 4939 3712 4997 habenturin
3746 4942 3862 4998 alio

2315 5025 2552 5097 scripto.
2588 5026 2962 5083 Concluditur
2985 5030 3047 5085 B.
3084 5030 3375 5098 Virginem
3411 5047 3526 5088 non
3552 5049 3862 5103 generasse

2316 5117 2502 5170 active
2532 5115 2852 5183 Christum,
2887 5123 3007 5173 esto
3038 5117 3161 5173 aliae
3214 5124 3425 5176 matres
3467 5122 3549 5176 sic
3589 5138 3860 5193 generas·

2317 5209 2465 5266 sent.
2502 5204 2637 5275 quia
2668 5204 2725 5259 in
2763 5205 3008 5261 instanti
3044 5224 3251 5281 corpus
3297 5209 3505 5266 Christi
3563 5212 3858 5283 organiza-

2315 5300 2435 5348 tum
2469 5298 2526 5348 et
2556 5294 2883 5350 animatum
2917 5296 3043 5352 suit.

2413 5473 2525 5546 Ad
2621 5474 2944 5570 primam
3042 5477 3549 5574 quaestionem
3653 5482 3848 5572 dicu,

2319 5591 2522 5687 quod
2565 5601 2678 5665 est
2717 5616 2900 5668 vera
2933 5603 3198 5689 mater,
3236 5596 3418 5692 quia
3459 5622 3662 5674 verce
3705 5625 3857 5676 ma-

3589 5980 3816 6098 s,

4011 3159 4075 3224 ΕΦ

4022 5530 4086 5596 3.
