4295 6326
428 1022 537 1153 ἑο.

309 2593 387 2646 Ad
440 2594 603 2645 ratio-

340 2673 466 2709 nem
495 2662 597 2708 ter-

401 2723 546 2773 tiam.

413 4953 522 5022 21.

298 5068 594 5134 Argumen-

326 5141 381 5185 ta
410 5147 586 5197 (μηθε-

337 5201 497 5247 tionis
536 5201 582 5246 2.

294 5262 591 5311 solvuntur.

656 435 784 503 340

663 588 1033 682 ideo²³n0n
1093 608 1466 707 sequitur,
1541 629 1906 705 suprema
1965 604 2212 702 gratia

664 733 919 799 creata
979 724 1205 800 distat
1269 724 1347 798 in
1419 723 1806 798 infinitum
1876 722 1972 796 ab
2039 721 2213 795 idea

665 862 806 912 sua
851 864 866 929 ;
912 838 1148 935 igitur
1179 848 1506 937 possunt
1538 862 1707 914 esse
1754 836 2014 933 aliqua
2051 857 2215 909 me-

665 954 819 1028 dia.

764 1071 876 1146 Ad
909 1072 1327 1147 secundam
1358 1070 1989 1170 propositionem,
2034 1091 2212 1143 cum

666 1187 969 1277 dicitur,
1037 1188 1101 1262 si
1180 1190 1589 1286 perfectius
1656 1185 2211 1286 perfectissimo

665 1311 868 1379 esset
925 1303 1414 1400 productum,
1486 1304 1737 1378 adhuc
1800 1299 2211 1400 perfectius

665 1418 1097 1494 imitaretur
1162 1420 1443 1514 ideam,
1510 1421 1695 1518 quia
1742 1443 1898 1493 non
1957 1417 2212 1492 adhuc

664 1536 1073 1633 attingeret
1136 1560 1333 1612 eam.
1398 1537 1585 1611 Dico
1664 1536 1870 1637 quod
1938 1557 2207 1609 verum

662 1665 803 1749 est,
839 1656 1037 1730 sicut
1077 1680 1169 1731 ex
1201 1657 1551 1755 possibili
1592 1656 1942 1753 sequitur
1974 1653 2212 1751 quod-

664 1772 873 1868 libet,
911 1774 1093 1871 quia
1124 1774 1597 1872 impossibile
1643 1784 1758 1849 est
1815 1774 2210 1872 perfectio-

662 1912 821 1963 rem
866 1912 1033 1964 esse
1063 1890 1615 1987 perfectissima
1646 1889 1892 1986 gratia
1921 1899 2200 1964 creata.

659 2004 817 2107 Nec
905 2007 1129 2092 valet,
1217 2031 1372 2080 non
1459 2005 1868 2102 attingeret
1954 2004 2204 2080 ideam

660 2143 911 2213 suam,
942 2120 1006 2193 si
1040 2120 1212 2194 talis
1237 2129 1465 2214 esset,
1520 2119 1755 2217 igitur
1778 2120 2207 2194 imitaretur

658 2260 857 2330 eam,
904 2236 1051 2311 nisi
1094 2238 1291 2312 sicut
1330 2263 1422 2313 ex
1462 2238 1920 2336 impossibili
1968 2238 2205 2337 quod·

661 2352 867 2442 libet,
916 2353 1099 2451 quia
1139 2352 1340 2429 idem
1393 2363 1595 2429 esset
1635 2354 1727 2429 de
1771 2354 1942 2430 idea
1973 2355 2198 2444 asini,

661 2468 865 2565 quod
900 2469 992 2543 de
1034 2468 1209 2544 idea
1246 2470 1546 2566 Angeli.

757 2584 869 2658 Ad
940 2585 1241 2659 tertiam
1293 2586 1699 2680 rationem,
1768 2586 1937 2661 dico
1996 2587 2202 2684 quod

661 2703 801 2779 etsi
833 2726 1204 2778 ascensus
1235 2714 1438 2778 esset
1469 2703 1545 2778 in
1596 2703 1963 2799 gradibus
2023 2728 2206 2803 pro-

660 2820 1061 2918 portionis,
1130 2843 1528 2917 nunquam
1600 2821 1789 2894 foret
1852 2829 2206 2895 creatura

660 2935 962 3010 infinita
1003 2936 1078 3008 in
1125 2935 1618 3033 perfectione,
1664 2937 1847 3033 quia
1893 2936 2204 3012 addere-

656 3062 783 3128 tur
824 3051 1071 3150 primo
1105 3052 1473 3127 medietas
1525 3052 2011 3151 perfectionis
2070 3054 2203 3126 du-

656 3172 834 3268 plae,
881 3179 955 3243 et
1005 3168 1282 3244 deinde
1318 3169 1687 3244 medietas
1739 3170 2196 3265 medietatiS,

657 3285 870 3360 etsie
938 3285 1015 3357 in
1061 3284 1476 3379 infinitum,
1518 3309 1911 3383 nunquam
1966 3287 2201 3360 attin-

656 3409 870 3498 geret
908 3400 1000 3474 ad
1034 3401 1577 3497 perfectionem
1607 3402 1918 3499 duplam
1965 3430 1984 3495 ;
2029 3411 2102 3478 et
2132 3402 2198 3477 si

655 3520 1067 3595 adderetur
1121 3544 1323 3595 unus
1370 3521 1655 3617 gradus
1707 3522 2197 3619 perfectionis

655 3661 1043 3734 supremae
1070 3638 1337 3734 gratiae
1370 3638 1711 3731 creabili,
1756 3639 1902 3713 adh
1918 3662 2008 3713 uc
2039 3664 2192 3716 non

650 3756 1061 3830 resultaret
1120 3754 1364 3851 gratia
1425 3753 1754 3848 infinita,
1791 3766 1866 3830 et
1933 3766 2188 3833 tamen

649 3871 1126 3969 impossibile
1159 3881 1273 3945 est
1304 3871 1508 3968 quod
1544 3881 1753 3946 tanta
1778 3871 1875 3946 sit
1905 3885 2186 3949 creata.

645 3989 814 4065 Alia
840 3989 1046 4063 enim
1073 3997 1187 4062 est
1229 3987 1804 4086 impossibilitas
1845 3990 1922 4064 in
1974 4015 2194 4068 crea-

645 4112 817 4176 tura
849 4124 1078 4200 quam
1125 4099 1494 4193 infinitas,
1546 4111 1626 4174 ut
1675 4101 1736 4176 si
1781 4102 2193 4179 adderetur

645 4243 1030 4319 supremae
1071 4218 1402 4292 albedini
1477 4243 1679 4293 unus
1737 4220 2022 4314 gradus
2056 4247 2190 4297 ru-

642 4340 878 4432 boriS,
914 4347 989 4412 et
1031 4337 1095 4411 si
1130 4360 1265 4434 per
1307 4337 1807 4434 impossibile,
1857 4362 1992 4436 per
2042 4343 2187 4415 hoc

641 4457 1171 4532 intenderetur
1214 4454 1516 4547 albedo,
1554 4454 1806 4529 adhuc
1860 4479 2015 4529 non
2073 4458 2189 4532 fa-

644 4576 790 4651 ciet
857 4572 1238 4648 infinitam
1299 4571 1710 4666 intensive,
1789 4583 1863 4646 et
1929 4583 2183 4650 tamen

643 4688 1118 4788 impossibile
1192 4696 1307 4762 est
1378 4696 1661 4762 tantam
1749 4689 2184 4765 albedinem

647 4831 925 4882 creari.

741 4932 853 5008 Ad
929 4931 1254 5028 primum
1322 4930 1739 5028 principale
1824 4933 2187 5008 secundoe

648 5047 1128 5149 quaestioniS,
1159 5071 1335 5121 cum
1382 5047 1590 5140 dicit,
1628 5048 1900 5123 beatus
1959 5051 2189 5125 habet

647 5165 1019 5264 quidquid
1048 5173 1293 5261 potest
1322 5173 1518 5238 recte
1553 5166 1777 5259 velle,
1815 5167 2181 5257 concedo,

647 5282 1021 5383 quidquid
1082 5290 1330 5378 potest
1398 5291 1596 5356 recte
1665 5285 1858 5358 velle
1923 5284 2014 5358 de
2050 5309 2188 5381 po-

646 5400 885 5478 tentia
951 5397 1325 5472 ordinata.
1409 5397 1627 5472 Unde
1719 5424 1871 5474 non
1938 5411 2189 5497 potest

647 5519 821 5619 quis
873 5524 1073 5592 recte
1120 5515 1318 5588 velle
1366 5514 1730 5609 majorem
1784 5517 2188 5593 beatitudi-

646 5659 852 5723 nem,
898 5655 1125 5733 quam
1163 5631 1710 5728 correspondet
1760 5633 1921 5707 suis
1968 5635 2186 5710 meri·

2083 416 2317 500 LIBRI
2364 430 2484 501 111.

2323 603 2447 698 tis,
2493 612 2565 678 et
2599 612 2852 678 tamen
2934 625 3097 677 suae
3129 610 3427 676 naturae
3467 599 3644 698 plus
3693 618 3872 672 con-

2323 720 2554 816 gruit,
2594 720 2979 819 loquendo
3035 718 3128 794 de
3198 716 3540 817 potentia
3597 714 3869 790 obedi-

2323 836 2485 910 bili.
2532 837 2710 912 Ideo
2744 845 3117 934 quantum
3154 844 3401 933 potest
3445 857 3538 909 ex
3586 842 3866 906 natura

2324 964 2399 1028 et
2429 954 2721 1030 meritis
2755 956 2976 1046 velle,
3014 962 3262 1051 potest
3287 962 3488 1025 recte
3519 950 3745 1042 velle,
3792 958 3864 1023 et

2323 1070 2499 1145 licet
2528 1082 2803 1146 natura
2825 1070 3098 1167 Angeli
3124 1069 3577 1145 naturaliter
3606 1074 3865 1165 posset

2320 1188 2517 1261 velle
2586 1196 2874 1261 tantam
2952 1186 3277 1282 gratiam
3341 1194 3413 1260 et
3461 1181 3865 1258 beatitudi-

2321 1327 2528 1391 nem,
2565 1312 2933 1402 quantam
2968 1313 3216 1401 potest
3248 1302 3508 1376 anima
3553 1298 3858 1392 Christi,

2320 1444 2473 1495 non
2530 1430 2783 1496 tamen
2832 1429 3083 1519 potest
3122 1430 3322 1493 recte
3387 1418 3616 1510 velle,
3678 1415 3863 1513 quia

2320 1560 2476 1611 non
2521 1560 2613 1610 ex
2654 1538 2799 1610 hoc
2831 1546 2946 1611 est
2976 1545 3208 1627 recta,
3245 1535 3428 1632 quia
3450 1531 3863 1608 concordat

2320 1676 2495 1727 cum
2539 1655 2805 1749 regula
2836 1676 2979 1728 sua
3035 1653 3112 1726 in
3155 1652 3421 1745 volit0,
3483 1650 3616 1725 sed
3677 1648 3861 1746 quia

2319 1771 2483 1843 vult
2514 1769 2716 1868 quod
2753 1772 3019 1867 regula
3050 1793 3192 1844 sua
3214 1770 3377 1843 vult
3408 1791 3575 1843 eam
3611 1767 3806 1841 velle
3835 1796 3852 1855 ;

2318 1893 2393 1959 et
2466 1885 2675 1960 Deus
2735 1908 2887 1959 non
2958 1887 3122 1958 vult
3173 1884 3550 1980 Angelum
3635 1903 3858 1980 appe·

2317 2010 2475 2076 tere
2566 2011 2851 2076 tantam
2950 2001 3396 2076 charitatem
3479 1999 3602 2074 vel
3673 1998 3857 2072 bea—

2316 2118 2750 2206 titudinem,
2833 2127 3199 2217 quantam
3283 2119 3448 2192 vult
3516 2115 3852 2191 animam

2315 2234 2623 2309 Christi.

2412 2351 2525 2425 Ad
2564 2351 2802 2446 aliud,
2848 2351 3018 2427 dico
3061 2352 3265 2450 quod
3315 2349 3681 2449 quaelibet
3717 2373 3855 2423 na·
3889 2365 4194 2478 Addsecuu·

2313 2478 2488 2542 tura
2542 2454 3075 2543 beatificabilis
3116 2477 3231 2543 est
3280 2479 3459 2542 nata
3514 2465 3853 2563 recipere
4017 2443 4129 2478 ‘'u''

2315 2608 2697 2659 summam
2738 2584 3090 2681 gratiam,
3153 2608 3291 2660 nec
3324 2592 3573 2682 potest
3626 2582 3857 2658 beati-

2314 2699 2526 2775 ficari
2586 2723 2915 2795 summe,
2986 2701 3409 2776 secundum
3467 2699 3671 2797 quod
3742 2709 3857 2773 est

2313 2828 2494 2893 nata
2536 2817 2988 2913 beatificari,
3041 2819 3104 2892 si
3148 2842 3300 2892 non
3344 2818 3576 2891 habet
3653 2840 3854 2892 sum·

2314 2959 2515 3010 mam
2549 2936 2869 3033 gratiam
2904 2936 3340 3011 creabilem.
3380 2938 3472 3009 Et
3516 2958 3688 3008 cum
3737 2933 3855 3006 di-

2313 3054 2510 3127 citur
2532 3053 2736 3151 quod
2787 3054 3045 3127 minus
3092 3077 3326 3150 grave
3385 3050 3855 3126 beatificare-

2311 3180 2462 3265 tur,
2498 3172 2635 3247 etsi
2705 3196 2854 3246 non
2911 3180 3115 3247 esset
3177 3172 3252 3245 in
3309 3181 3597 3258 centro,
3672 3170 3852 3244 dico

2313 3287 2517 3385 quod
2551 3287 2612 3361 si
2639 3298 2841 3361 esset
2881 3287 3204 3384 {equalis
3234 3286 3571 3382 gravitas
3605 3285 3682 3357 in
3728 3307 3852 3382 ap-

2309 3404 2638 3500 petendo
2694 3403 3104 3501 cujuslibet
3150 3404 3436 3499 gravis,
3482 3401 3687 3501 quod
3726 3426 3852 3476 es-

2308 3531 2423 3596 set
2480 3523 2555 3596 in
2627 3533 2918 3616 centro,
2991 3523 3293 3596 nullum
3375 3521 3850 3619 quietaretur

2307 3661 2637 3732 summe,
2704 3637 2907 3735 quod
2988 3647 3101 3713 est
3155 3647 3418 3712 natum
3488 3634 3841 3735 quietari,

2304 3756 2450 3830 nisi
2522 3766 2723 3832 esset
2770 3756 2846 3828 in
2896 3765 3187 3848 centr0,
3259 3764 3509 3829 tamen
3579 3754 3847 3850 gravia

2301 3897 2511 3948 nunc
2568 3883 2943 3971 appetunt
2999 3897 3165 3947 esse
3212 3873 3290 3946 in
3368 3871 3847 3971 approxima·

2299 3990 2535 4080 tione,
2572 4012 2747 4087 quae
2790 3998 3236 4087 competunt
3292 3989 3456 4063 suis
3509 3988 3835 4062 naturis.

2301 4108 2478 4183 Ideo
2507 4107 3025 4183 determinant
3063 4130 3143 4181 se
3192 4107 3288 4182 ad
3340 4117 3634 4181 certum
3677 4105 3837 4199 ubi,

2299 4225 2724 4299 secundum
2768 4224 2972 4322 quod
3006 4224 3250 4317 decet,
3305 4231 3559 4298 tamen
3586 4223 3838 4297 ablato

2298 4341 2720 4440 intercepto
2754 4341 2954 4416 inter
2993 4341 3537 4438 quodcumque
3604 4363 3837 4435 grave

2296 4469 2369 4534 et
2474 4469 2851 4558 centrum,
2954 4459 3207 4534 statim
3299 4467 3569 4556 petunt
3669 4482 3840 4533 cen-

2297 4586 2528 4651 trum.

2391 4703 2499 4776 Ad
2572 4703 2807 4797 aliud,
2888 4702 3056 4777 dico
3121 4702 3324 4801 quod
3412 4701 3574 4776 sive
3635 4709 3835 4776 esset
3864 4703 4211 4818 ssffssefflg‘g‘·

2296 4827 2540 4892 status
2571 4818 2644 4892 in
2683 4828 2959 4893 natura
2999 4827 3252 4893 creata
3308 4816 3830 4911 beatificabili,
3866 4835 4215 4944 {egsenttfltffiitgs

2297 4934 2458 5009 sive
2515 4959 2696 5025 non,
2744 4936 2995 5010 adhuc
3029 4944 3271 5008 status
3313 4944 3428 5009 est
3477 4933 3551 5006 in
3635 4956 3837 5007 sum-
3869 4957 4207 5069 bsupjrtfflffi}

2296 5075 2422 5125 ma
2452 5052 2697 5147 gratia
2738 5052 3080 5142 creabili,
3119 5052 3327 5149 quia,
3356 5051 3495 5125 etsi
3526 5058 3839 5147 possent
3870 5084 4204 5154 poss-messe

2297 5171 2371 5245 in
2423 5170 2811 5244 infinitum
2848 5180 3224 5246 creatura}
3287 5167 3838 5244 beatificabiles
3867 5150 4207 5255 ⁸‘⁸²¹t‘,¹,{¹‚¹‘¹¹‘

2297 5287 2538 5362 creari
2600 5287 3118 5385 perfectiores,
3153 5287 3407 5360 adhuc
3442 5284 3659 5358 [inita
3714 5308 3840 5358 es-

2297 5414 2411 5479 set
2452 5414 2631 5478 nata
2681 5404 3021 5502 recipere
3080 5413 3370 5478 tantam
3439 5399 3842 5475 beatitudi-

2298 5544 2504 5609 nem,
2593 5531 2968 5620 quantum
3047 5529 3161 5594 est
3247 5543 3340 5595 ex
3396 5528 3609 5618 parte
3687 5516 3836 5609 sui,

2299 5651 2662 5735 quantam
2717 5638 2976 5738 posset
3034 5660 3549 5735 quaecumque
3608 5657 3845 5734 supe-

3885 2921 4000 2969 Non
4044 2936 4216 2973 omne

3901 2997 4061 3045 grave
4097 3000 4196 3047 pe·-

3928 3047 3991 3094 tit
4025 3062 4145 3097 esse

3884 3110 3938 3157 in
3977 3117 4187 3160 centro.
