4295 6326
1597 457 1825 530 D1ST.
1877 458 1998 530 111.
2070 462 2486 543 QUAESTIO
2536 438 2612 537 ιζ

1117 1036 2559 1235 DISTINCTIO
2713 1048 3063 1239 ΠΙ.

989 1812 1389 1890 QUAES'rlO
1440 1813 1491 1877 1.

734 2008 827 2055 DE
879 2005 1246 2057 CONCEPTU
1298 2007 1368 2054 B.
1424 2003 1769 2056 vmfflNlS.

483 2197 727 2262 Utrum
820 2192 903 2259 B.
999 2193 1241 2278 Vz‘rqo'
1300 2201 1624 2275 concepta
1701 2191 1851 2277 [ατί
1940 2188 2013 2256 in

887 2308 1167 2387 peccalo
1196 2297 1534 2387 oriqinali
1566 2303 1597 2363 Ἰ

468 2498 669 2555 Auens.
707 2497 761 2553 3.
802 2513 855 2564 p.
889 2513 940 2567 q.
973 2496 1029 2552 9.
1060 2512 1135 2551 m.
1164 2511 1202 2551 1.
1250 2503 1304 2549 et
1351 2494 1546 2549 memb.
1593 2496 1648 2547 2.
1693 2496 1803 2548 art.
1843 2491 1894 2545 2.
1930 2492 1997 2547 D.

538 2568 744 2625 Thom.
776 2569 831 2624 3.
860 2585 916 2640 p.
949 2585 1002 2640 q.
1032 2569 1122 2623 27.
1155 2577 1264 2621 arc.
1292 2567 1346 2622 2.
1379 2572 1429 2622 ec
1459 2581 1498 2620 ι.
1524 2568 1576 2619 2.
1611 2581 1662 2636 q.
1690 2565 1744 2620 8.
1790 2568 1897 2619 art.
1944 2564 1998 2619 3.

536 2643 587 2694 et
609 2639 697 2695 hic
728 2656 777 2711 q.
815 2657 856 2696 1.
894 2649 1012 2694 art.
1038 2657 1077 2694 1.
1111 2639 1179 2694 D.
1216 2638 1492 2693 Bonav.1.
1535 2654 1586 2707 p.
1622 2641 1727 2693 art.
1781 2652 1819 2690 1.
1870 2652 1921 2706 q.
1944 2637 1999 2692 2.

542 2712 809 2767 Richard.
842 2714 955 2770 art.
989 2728 1028 2766 ι.
1059 2728 1110 2783 q.
1142 2712 1195 2764 2.
1230 2710 1459 2765 Heni-ic.
1492 2710 1678 2780 quodi.
1712 2709 1792 2763 15.
1819 2724 1869 2779 q.
1916 2708 1999 2762 13.

539 2785 702 2842 Suar.
737 2784 789 2838 3.
840 2801 893 2854 p.
944 2789 1077 2838 tom.
1127 2785 1180 2837 2.
1227 2784 1370 2854 disp.
1399 2784 1454 2836 2.
1482 2789 1607 2836 sect.
1642 2783 1694 2836 5.
1731 2784 1905 2850 Vasq.
1940 2781 1999 2833 cl.

538 2856 664 2911 117.
713 2855 911 2910 Ambr.
958 2855 1187 2910 Gathar.
1239 2867 1421 2924 opusc.
1474 2852 1539 2907 de
1588 2856 1825 2923 concept.
1880 2850 2003 2906 Bel-

536 2927 705 2982 larm.
764 2929 800 2982 l.
849 2927 902 2980 4.
950 2926 1016 2981 de
1065 2927 1357 2981 amissione
1389 2923 1590 2993 qralioe
1637 2940 1757 2995 cap.
1819 2924 1903 2977 15.
1955 2925 2007 2978 el

536 3015 681 3072 seqq.
718 2998 912 3053 Canis.
949 2999 991 3076 .‘·
1030 3015 1064 3052 1.
1098 2997 1164 3053 de
1193 2997 1452 3123 Deteara.
1476 2995 1657 3067 AEgid.
1681 3012 1721 3051 a
1747 3002 2003 3066 praesenl.

538 3074 613 3125 de
643 3074 877 3141 concept.
913 3070 1011 3124 lab.
1045 3085 1083 3124 1.
1130 3086 1179 3141 q.
1231 3070 1262 3124 4
1309 3112 1320 3124 .
1372 3068 1604 3123 Salazar
1650 3067 1715 3123 de
1753 3068 2004 3138 Concept.

538 3143 687 3201 Scot.
724 3144 782 3199 in
814 3141 987 3199 Oxou.
1021 3142 1131 3199 hie.

253 3387 277 3451 ¹
568 3321 785 3396 Circa
824 3319 1122 3395 tertiam
1162 3317 1726 3392 distinctionem
1763 3315 2009 3414 primo

123 3440 435 3563 Argunjm·
470 3439 844 3536 quaeritur
956 3435 1249 3550 Utrum⁴
1297 3435 1528 3564 bea-ta·
1569 3432 1804 3562 Virgo
1872 3432 2015 3505 fuit

129 3564 163 3610 ¹·
184 3564 436 3677 [mgen-
468 3565 836 3654 concepta
867 3578 942 3628 m
979 3561 1287 3652 peccato
1338 3549 1763 3647 or1g1nal1‘?
1793 3548 2010 3636 Quod

470 3675 608 3769 sic,
683 3675 901 3748 Rom.
974 3672 1044 3745 5.
1144 3670 1421 3745 Omnes
1502 3674 2018 3767 peccaverunt

468 3789 555 3863 in
594 3789 879 3879 Adam,
927 3794 1000 3863 et
1036 3792 1259 3886 eqent
1289 3784 1543 3884 qratia
1570 3783 1750 3857 Dei.

181 3936 378 3989 secun·
573 3907 786 4002 ltern,
865 3908 1394 3982 Damascenus
1461 3903 1590 3978 lib.
1647 3903 1717 3975 3.
1791 3925 1855 3976 c.
1936 3899 2006 3974 3.

211 4000 362 4054 ‘¹⁰⁰²'
462 4039 545 4103 ’et
576 4029 695 4102 48.
740 4027 1025 4102 Mariae
1090 4023 1534 4124 supervenit
1570 4021 1928 4121 purqatio
1990 4046 2017 4104 ,-

408 4134 413 4139 ⁴
469 4145 602 4221 sed
637 4144 699 4220 si
742 4168 896 4219 non
941 4142 1206 4217 fuisset
1256 4148 1623 4238 concepta
1691 4138 1767 4211 in
1845 4159 2012 4235 pec-

472 4272 638 4338 cato
725 4258 1111 4357 originali,
1217 4282 1373 4331 non
1485 4255 1757 4331 fuisset
1838 4278 2015 4354 pur-

469 4388 667 4476 gata.

565 4498 781 4586 Item,
817 4494 1297 4591 Augustinus
1337 4493 1428 4567 de
1460 4491 1642 4568 Fide
1700 4493 1794 4567 ad
1864 4493 2007 4568 Pe·

463 4622 663 4687 trum
744 4635 911 4711 cap.
1018 4610 1137 4683 23.
1227 4609 1714 4684 Firmissime
1814 4615 2006 4696 tene,

466 4753 765 4804 omnem
796 4728 1181 4803 hominem
1218 4734 1662 4824 conceptum
1721 4749 1879 4800 esse
1924 4726 2006 4800 in

462 4845 600 4921 hoc
621 4852 957 4945 peccate,
991 4851 1127 4919 etc.

560 4963 775 5053 Item,
883 4959 1363 5058 Augustinus
1479 4980 1712 5054 super
1815 4959 2002 5033 illud

460 5080 736 5155 Joann.
798 5105 847 5152 1.
934 5079 1138 5152 Ecce
1214 5100 1453 5175 aqnus
1549 5077 1725 5161 Dei,
1822 5076 2002 5150 dicit

461 5196 662 5294 quod
694 5196 900 5271 solus
967 5193 1100 5269 ille
1158 5192 1522 5268 innocens
1586 5192 1766 5289 luit,
1817 5204 2002 5290 puta

461 5316 832 5391 Christus,

153 4573 402 4624 Tertium.

140 5023 403 5082 Quartum.

147 5470 412 5531 Quintum.
557 5436 773 5524 Item,
827 5433 979 5507 Leo
1047 5432 1256 5530 Papa
1346 5432 1425 5505 in
1496 5455 1845 5508 sermone
1907 5434 1998 5509 de
2110 5436 2424 5513 instanti
2494 5440 2632 5513 fuit
2688 5439 2767 5514 in
2836 5452 3147 5540 peccato
3215 5452 3288 5518 et
3344 5444 3642 5540 gratia3
3704 5396 3980 5519 sentinis·

461 5550 784 5628 Nativit.
830 5572 994 5647 cap.
1041 5550 1111 5621 2.
1159 5548 1340 5624 dicit
1389 5550 1593 5648 quod
1654 5549 1997 5625 Christus

465 5664 670 5744 venit
707 5667 810 5743 ad
839 5664 1318 5742 liberandum
1362 5692 1646 5743 omnes.

3578 481 3701 549 261

2234 1557 2470 1646 Item,
2540 1556 2978 1651 Anselrnus,
3103 1558 3173 1630 2.
3278 1557 3409 1633 lib.
3524 1561 3683 1635 Cur
3755 1605 3993 1659 sextum.

2129 1665 2345 1740 Deus
2373 1668 2626 1762 homo,
2681 1694 2846 1769 cap.
2899 1671 3013 1745 16.
3072 1696 3430 1771 expresse
3499 1675 3681 1750 dicit

2129 1780 2454 1857 Mariam
2501 1797 2950 1883 conceptam
3008 1788 3087 1863 in
3148 1798 3459 1886 peccato
3520 1792 3678 1865 ori-

2128 1899 2388 1998 ginali.

2229 2018 2445 2112 ltern,
2479 2020 2923 2098 Bernardus
2954 2026 3167 2122 epist.
3229 2026 3395 2100 174.
3467 2027 3666 2103 idem
3701 2076 4012 2143 Septimum.

2125 2136 2423 2241 probat,
2462 2137 2647 2235 quia
2683 2139 2746 2213 si
2806 2139 2973 2239 ipsa
3022 2165 3174 2216 non
3229 2153 3439 2219 esset
3479 2168 3670 2219 con-

2125 2265 2342 2352 cepta
2373 2253 2452 2329 in
2495 2256 2851 2353 originali
2906 2287 2924 2353 3
2989 2270 3120 2335 aut
3169 2261 3402 2359 igitur
3467 2276 3669 2340 esset

2123 2379 2299 2445 ante
2373 2382 2725 2469 purgata,
2780 2397 3011 2471 quam
3092 2367 3491 2476 concepta,
3544 2383 3665 2455 vel

2120 2495 2330 2562 tunc.
2367 2488 2538 2562 Non
2586 2498 2789 2585 ante,
2836 2492 3020 2588 quia
3076 2505 3251 2571 ante
3310 2519 3463 2570 non
3527 2496 3667 2571 fuit

2117 2612 2396 2678 natura
2449 2607 2920 2703 purgabilis3
2967 2634 3122 2685 non
3187 2611 3446 2706 simul,
3481 2614 3666 2710 quia

2112 2732 2298 2796 tunc
2331 2731 2533 2797 esset
2565 2736 2908 2821 purgata,
2943 2735 3017 2800 et
3078 2753 3231 2803 non
3285 2740 3654 2828 purgata3

2115 2839 2180 2913 si
2219 2848 2417 2937 post,
2456 2840 2783 2916 habetur
2822 2845 3327 2943 propositum.

2215 2957 2695 3055 Oppositum,
2721 2962 3199 3058 Augustinus
3231 2964 3325 3038 de
3351 2965 3659 3041 Natura
3726 2997 3941 3050 contra.

2118 3079 2191 3148 el
2241 3075 2519 3171 qratia,
2556 3084 2630 3150 et
2665 3078 2977 3175 ponitur
3016 3079 3093 3152 in
3151 3080 3427 3176 littera,
3486 3105 3652 3181 cap.

2118 3189 2190 3262 3.
2235 3190 2428 3265 Cum
2482 3191 2574 3266 de
2620 3201 2935 3291 peccato
3004 3199 3277 3294 aqam,
3339 3206 3663 3298 propter

2120 3310 2628 3384 reverentiam
2651 3311 3003 3408 Domini,
3035 3313 3128 3388 de
3156 3312 3373 3391 beata
3400 3316 3666 3391 Maria

2120 3425 2299 3500 nolo
2322 3425 2599 3502 habere
2647 3432 3170 3527 quaestionem.

2223 3544 2438 3638 Item,
2472 3547 2884 3622 Anselmus
2933 3549 3025 3624 de
3087 3550 3473 3649 Conceptu
3524 3552 3671 3626 vir-

2120 3659 2373 3758 qinali
2455 3661 2637 3736 dicit
2723 3665 2927 3760 quod
3024 3666 3371 3742 Christus
3437 3667 3666 3743 talem

2122 3776 2390 3853 habuit
2425 3788 2777 3876 matrem,
2833 3782 3136 3880 qualem
3196 3784 3409 3860 decet
3457 3792 3671 3861 tanta

2112 3896 2454 3992 puritate
2502 3898 2768 3984 nitere,
2811 3923 2961 3996 qua
3015 3902 3268 4000 major
3319 3899 3455 3975 sub
3497 3902 3665 3976 Deo

2122 4015 2391 4113 nequit
2425 4014 2762 4113 intelliqi
2791 4044 2810 4110 3
2847 4028 2921 4091 et
2961 4027 3253 4092 certum
3295 4028 3409 4092 est
3460 4019 3666 4117 quod

2124 4131 2344 4206 multi
2402 4142 2582 4207 sunt
2643 4134 2915 4230 Angeli
2985 4135 3197 4230 boni,
3269 4136 3400 4234 qui
3478 4160 3669 4210 nun-

2122 4270 2355 4346 quam
2424 4259 2966 4347 peccaverunt,
3011 4260 3087 4326 et
3142 4261 3398 4328 tamen
3487 4262 3668 4327 sunt

2122 4366 2523 4443 inferiores
2561 4369 2751 4443 Deo,

2653 4618 3014 4681 SCHOLIUM
3066 4625 3110 4680 1.

2188 4771 2488 4831 Sententia
2537 4792 2758 4848 ponens
2811 4782 2868 4835 B.
2924 4782 2994 4834 V.
3042 4780 3098 4836 ln
3151 4779 3354 4837 eodem
3424 4780 3664 4839 instanti

2116 4861 2256 4919 reali
2292 4862 2351 4919 in
2384 4870 2618 4937 peccato
2653 4865 2815 4937 prius
2862 4871 3093 4939 natura,
3138 4873 3195 4926 et
3233 4871 3521 4942 posterius
3558 4887 3663 4928 na-

2115 4957 2249 5009 tura
2278 4954 2334 5008 in
2369 4956 2574 5026 gratia,
2608 4956 2893 5027 rejicitur,
2935 4958 3072 5029 quia
3116 4960 3281 5031 ponit
3336 4960 3395 5016 in
3454 4961 3656 5018 eodem

2114 5045 2356 5104 instanti
2391 5049 2763 5119 privationem
2793 5058 2845 5106 el
2873 5050 3161 5123 habitum,
3182 5054 3338 5123 quod
3362 5059 3452 5112 est
3477 5054 3657 5112 simul

2113 5155 2327 5212 ponere
2356 5140 2820 5198 contradictoria.

2207 5319 2407 5396 Dicit
2443 5347 2642 5398 unus
2673 5325 2953 5400 Doctor
2990 5328 3193 5423 quod
3262 5328 3339 5401 in
3381 5328 3650 5403 eodem

2109 5554 2347 5630 sedin
2406 5557 2639 5653 priori
2700 5558 2919 5654 signo
2988 5569 3286 5635 naturae
3360 5561 3501 5634 fuit
3562 5561 3640 5635 in

2105 5683 2446 5770 peccam,
2483 5683 2556 5747 et
2595 5672 2671 5746 in
2708 5675 3045 5750 secundo
3075 5676 3214 5749 fuit
3244 5676 3321 5750 in
3362 5678 3633 5774 gratia.

3931 6042 4220 6191 f„
