4295 6326
110 3770 239 3824 Secun-

126 3835 226 3888 dum.

89 4826 244 4890 semum.

1400 475 1627 546 DIST.
1678 478 1934 550 XVllI.
1987 480 2406 562 QUAESTIO
2457 486 2510 557 1.
3450 498 3535 567 83

1044 976 2187 1155 DISTINCTIO
2314 993 2822 1161 XVIII

840 1567 892 1644 Q
907 1569 1241 1634 UAES'rlo
1310 1572 1356 1635 1.

345 1751 565 1817 Utrum
627 1750 701 1818 in
764 1756 1057 1821 materia
1132 1761 1456 1827 naturali
1515 1762 1606 1827 sit
1681 1763 1863 1830 ratio

412 1858 770 1927 seminalis
828 1862 926 1928 ad
963 1866 1268 1949 formam
1328 1868 1756 1937 educendam
1778 1872 1865 1940 de

414 1965 558 2050 ipsa
580 1968 614 2030 ’ἶ

332 2184 390 2239 D.
417 2185 663 2256 August.
698 2186 750 2243 3.
781 2189 989 2245 Trinit.
1018 2191 1074 2246 7.
1106 2190 1161 2244 8.
1194 2198 1247 2247 et
1265 2193 1356 2247 22.
1389 2194 1542 2250 civit.
1583 2198 1666 2253 14.
1717 2198 1857 2272 Nys-

390 2271 506 2312 sen.
531 2263 682 2312 orat.
717 2260 782 2313 de
810 2275 985 2315 resur.
1021 2261 1213 2318 Alens.
1235 2264 1289 2320 2.
1337 2271 1481 2334 part.
1526 2274 1723 2340 quaest.
1762 2272 1853 2328 60.

387 2329 607 2385 membr.
642 2329 697 2383 2.
730 2334 780 2385 et
801 2331 854 2386 3.
890 2332 953 2386 Ι).
988 2333 1295 2391 Bonavent.
1329 2336 1421 2392 hic
1448 2349 1556 2394 art.
1590 2357 1627 2395 ι.
1662 2348 1853 2413 quoest.

386 2399 436 2453 2.
470 2399 744 2456 Richard.
775 2410 882 2457 art.
914 2420 951 2458 ι.
986 2412 1180 2475 quaest.
1213 2408 1263 2461 3.
1301 2407 1366 2462 D.
1400 2409 1605 2467 Thorn.
1640 2430 1678 2469 1.
1704 2424 1851 2483 part.

388 2482 562 2541 φησι.
588 2474 715 2528 115.
749 2478 929 2529 art.2.
964 2476 1259 2534 Conimbr.
1298 2481 1350 2532 2.
1405 2482 1623 2555 physic.
1663 2491 1850 2557 quaest.

391 2542 466 2597 12.
495 2553 546 2599 et
575 2561 617 2600 1.
653 2544 721 2599 de
744 2558 986 2616 qenerat.
1018 2564 1148 2617 cop.
1182 2550 1234 2605 4.
1285 2558 1477 2622 quaest.
1514 2556 1605 2611 26.
1655 2563 1763 2613 art.
1811 2575 1850 2615 1.

386 2613 527 2671 Scot.
563 2619 627 2671 in
663 2616 836 2673 exon.
870 2619 997 2674 dist.
1024 2620 1113 2675 ⁴8.
1148 2627 1337 2692 qua-st.
1375 2627 1564 2683 unica.

408 2835 621 2923 Quod
695 2841 830 2931 sic,
921 2844 1131 2944 quia]
1186 2846 1247 2919 si
1317 2849 1505 2922 nihil
1588 2853 1852 2928 sormae

110 2970 267 3091 ἓξὲξ.
322 2956 672 3046 praecedit
732 2958 807 3030 in
880 2962 1223 3055 materia,
1295 2986 1469 3061 quae
1530 2968 1623 3041 sit
1674 2994 1852 3066 pars

322 3069 594 3162 sormae,
648 3076 997 3174 sequitur
1028 3079 1230 3177 quod
1287 3085 1680 3179 generatio
1709 3087 1852 3161 erit

317 3192 610 3288 creatiO,
679 3204 751 3268 et
800 3194 1149 3272 similiter
1225 3222 1396 3273 cum
1444 3202 1682 3278 forma
1730 3229 1851 3280 re-

315 3307 628 3383 solvitur
670 3309 746 3382 in
790 3310 1019 3405 idem,
1065 3337 1156 3388 ex
1210 3338 1361 3412 quo
1415 3316 1668 3415 fiebat,
1725 3347 1850 3397 se-

313 3421 553 3517 quitur
586 3426 800 3523 quod
834 3426 911 3500 in
956 3427 1144 3502 nihil
1180 3431 1297 3505 sui
1329 3436 1737 3511 resolvitur
1769 3438 1846 3513 in

312 3542 819 3638 corruptione,
900 3552 973 3618 et
1047 3546 1155 3622 sic
1252 3553 1638 3650 corruptio
1706 3557 1849 3631 erit

309 3658 755 3733 annihilatio
797 3661 1093 3738 formae.

392 3773 420 3845 Ι
430 3783 573 3848 tem
611 3799 630 3850 ε
662 3776 752 3852 N
746 3785 969 3852 adura
986 3782 1580 3881 estprincipium
1598 3796 1844 3865 motas

306 3897 368 3960 el
412 3894 693 3988 quietis
733 3896 897 3992 ejus
955 3897 1039 3969 in
1092 3921 1264 3994 que,
1329 3911 1444 3975 est
1496 3904 1841 3982 definitio

307 4017 585 4083 naturae
621 4010 695 4081 2.
742 4010 985 4111 Phys.
1032 4020 1218 4089 teoet.
1256 4017 1329 4090 3.
1380 4043 1538 4093 non
1579 4032 1836 4100 tamen

301 4126 655 4222 competit
685 4127 1069 4226 principio
1098 4134 1432 4229 passivo,
1464 4136 1617 4213 imo
1637 4142 1842 4238 prin-

298 4239 604 4337 cipalius
650 4242 935 4317 dicitur
975 4244 1066 4320 de
1145 4247 1384 4324 forma
1443 4276 1673 4350 quam
1743 4258 1833 4334 de

303 4360 634 4445 materiem
681 4359 917 4456 igitur
955 4361 1030 4434 in
1073 4369 1575 4459 generatione
1619 4383 1833 4449 natu-

300 4473 419 4545 rali
461 4475 603 4549 erit
641 4475 959 4573 aliquod
985 4478 1447 4579 principium
1494 4488 1828 4564 activum

298 4588 822 4678 intrinsecum,
863 4618 1015 4668 non
1081 4596 1225 4672 nisi
1304 4624 1483 4697 pars
1562 4606 1828 4685 sormae

298 4704 361 4777 in
392 4708 710 4784 materia
747 4738 766 4804 ;
816 4710 1080 4807 igitur,
1108 4723 1248 4788 etc.

376 4826 591 4921 Item,
629 4828 699 4901 7.
742 4828 1088 4929 Metaplz.
1141 4840 1322 4909 teoet.
1391 4837 1511 4911 29.
1557 4864 1599 4914 a
1640 4866 1822 4918 casu

294 4937 470 5016 fiunt
501 4968 1020 5045 quaecumque
1061 4947 1170 5023 sic
1210 4965 1522 5029 movent
1562 4957 1828 5034 intrin-

293 5081 475 5153 sece,
520 5062 724 5136 sicut
763 5074 966 5139 esset
1004 5076 1258 5142 motus
1299 5072 1393 5145 ab
1443 5074 1823 5151 extrinse-

291 5197 396 5269 co,
428 5177 490 5250 si
546 5178 1017 5277 principium
1051 5192 1251 5258 esset
1294 5189 1817 5268 extrinsecum

295 5301 664 5393 utcorpus
702 5298 1042 5391 coeleste,
1097 5299 1292 5376 sicut
1335 5316 1538 5401 patet
1578 5308 1682 5382 ibi
1725 5311 1819 5387 de

289 5412 773 5503 generatione
827 5415 1254 5511 aequivoca,
1310 5422 1493 5518 quia
1535 5426 1647 5499 sic
1678 5451 1816 5523 ge-

288 5539 538 5605 nerata
577 5529 941 5605 dicuntur
984 5529 1147 5607 fieri
1193 5558 1237 5609 a
1276 5559 1456 5612 casu
1491 5567 1509 5633 3
1581 5541 1818 5639 igitur

286 5647 696 5747 secundum
748 5648 1338 5747 Philosophum,
1394 5655 1473 5730 in
1516 5660 1645 5733 tali
1677 5685 1817 5757 ge-

1980 1456 2381 1532 neratione
2445 1461 2779 1538 univoca
2847 1466 2948 1541 ita
3014 1480 3150 1556 est,
3208 1475 3391 1569 quia
3421 1479 3529 1553 sic

1983 1583 2352 1664 generata
2383 1576 2665 1653 debent
2715 1580 2878 1657 fieri
2914 1608 2958 1660 a
3012 1611 3193 1664 casu
3232 1619 3250 1684 3
3296 1593 3531 1691 igitur

1980 1691 2410 1765 secundum
2471 1695 3059 1799 Philosophum,
3108 1706 3185 1780 in
3228 1711 3356 1783 tali
3392 1737 3530 1810 ge-

1976 1807 2375 1883 neratione
2445 1821 2560 1886 est
2620 1815 3087 1917 principium
3154 1823 3523 1906 intrinse-

1976 1944 2152 1994 cum
2195 1949 2517 2003 movens
2587 1931 2855 2008 eodem
2913 1939 3168 2035 mod0,
3212 1942 3410 2020 sicut
3444 1947 3520 2022 in

1973 2042 2476 2134 generat-ione
2559 2050 2961 2147 aequivoca
3054 2068 3168 2132 est
3234 2063 3525 2159 princi-

1970 2154 2184 2252 pium
2257 2182 2578 2238 movens
2660 2169 3228 2271 extrinsecum3
3289 2180 3526 2277 igitur

1967 2280 2612 2374 oportetquodin
2672 2283 2804 2360 illa
2868 2312 3045 2385 pars
3089 2292 3352 2371 sormae
3429 2300 3525 2374 sit

1967 2388 2433 2489 principium
2476 2396 3006 2480 intrinsecum.

2062 2508 2539 2607 Oppositum,
2573 2518 2636 2592 si
2668 2519 2803 2609 sic,
2837 2535 2969 2599 aut
2998 2526 3143 2603 ista
3173 2533 3364 2608 ratio
3410 2560 3519 2612 se-

1966 2624 2272 2701 minalis
2313 2642 2513 2706 esset
2551 2635 3082 2719 eademinhoc
3124 2658 3198 2722 et
3227 2649 3303 2723 in
3341 2652 3510 2746 isto,

1961 2742 2081 2816 vel
2112 2745 2637 2825 non‘eadem‘?
2676 2754 2755 2829 Si
2808 2759 3103 2858 eadem,
3167 2770 3517 2866 sequitur

1963 2861 2169 2955 quod
2230 2863 2430 2938 idem
2507 2892 2829 2948 numero
2887 2901 3094 2955 nunc
3171 2895 3285 2959 est
3337 2912 3515 2986 pars

1962 2977 2228 3054 formae
2262 2979 2488 3078 ignis,
2528 3011 2734 3064 nunc
2763 3016 2942 3091 pars
2963 2996 3227 3076 formae
3259 3026 3509 3102 aqum,

1962 3097 2146 3194 quia
2188 3102 2498 3197 quando
2550 3104 2941 3186 inducitur
2980 3115 3223 3194 forma
3278 3121 3510 3221 ignis,

1960 3237 2138 3310 pars
2183 3217 2445 3294 formae
2489 3233 2810 3323 estpars
2844 3230 3106 3309 formae
3153 3236 3380 3335 ignis,
3441 3253 3515 3317 et

1959 3329 2022 3403 si
2064 3341 2330 3428 postea
2369 3336 2643 3415 debeat
2680 3341 2940 3421 induci
2975 3348 3217 3427 forma
3254 3378 3507 3454 aquae,

1959 3457 2033 3521 et
2065 3472 2220 3523 non
2270 3463 2518 3549 potest
2557 3479 2725 3534 esse
2785 3461 3133 3559 ejusdem
3185 3473 3504 3550 rationis

1958 3587 2132 3638 cum
2177 3569 2328 3643 alia
2383 3583 2595 3668 parte
2652 3577 2915 3655 formae
2994 3606 3247 3683 aquae,
3330 3616 3505 3690 quae

1956 3705 2362 3782 nunquam
2428 3701 2676 3787 potest
2743 3720 2910 3774 esse
2979 3726 3156 3799 pars
3239 3709 3505 3789 formae

1956 3798 2190 3894 ignis,
2243 3802 2479 3899 igitur
2516 3809 2688 3884 talis
2716 3812 2960 3890 forma
3000 3820 3142 3895 erit
3181 3846 3502 3925 compo-

1953 3914 2098 3988 sita
2150 3941 2240 3991 ex
2302 3921 2582 3999 talibus
2655 3931 3004 4024 partibus
3070 3942 3497 4019 secundum

1957 4033 2358 4110 rationem.
2427 4039 2503 4113 Si
2566 4067 2720 4117 non
2783 4058 2927 4125 est.
2973 4055 3241 4131 eadem
3319 4085 3499 4159 pars

1952 4147 2215 4225 l'ormoe
2256 4175 2481 4251 aquae
2522 4167 2595 4232 et
2620 4160 2849 4259 ignis,
2896 4178 3028 4242 aut
3066 4170 3300 4268 igitur
3352 4178 3498 4255 ista

1948 4276 2064 4338 est
2108 4292 2261 4343 una
2291 4294 2469 4367 pars
2515 4283 2836 4374 tantum,
2884 4284 3002 4358 vel
3078 4297 3180 4362 tot
3204 4305 3487 4389 parteS,

1941 4507 2103 4571 tum
2140 4511 2470 4599 estune,
2506 4520 2805 4605 oportet
2836 4513 3089 4594 dicere
3118 4526 3323 4619 quod
3357 4528 3489 4604 illa

1940 4624 2054 4688 est
2096 4615 2172 4690 in
2219 4623 2560 4714 materia,
2609 4635 2682 4700 et
2730 4652 2884 4704 non
2930 4632 3289 4716 informat
3364 4644 3484 4745 ip-

1936 4756 2145 4829 sam3
2186 4740 2300 4812 vel
2336 4742 2539 4837 quod
2583 4744 2727 4821 ista
2767 4748 3151 4850 informat,
3211 4770 3285 4834 et
3323 4787 3479 4839 non

1935 4850 2109 4926 aliae
2152 4865 2406 4950 partes
2461 4867 3126 4966 supervenienteS,
3163 4887 3238 4951 et
3296 4888 3479 4956 tunc
3551 4911 3554 4912 ⁷

1934 4966 2085 5041 alia
2114 4969 2257 5043 erit
2298 4996 2474 5069 pars
2519 4976 2785 5055 romnae
2847 4982 3269 5067 informans
3309 5020 3480 5071 ma-

1939 5084 2232 5180 teriam,
2270 5098 2344 5162 et
2375 5091 2525 5166 alia
2565 5119 2750 5189 non,
2823 5100 2995 5176 licet
3029 5130 3181 5181 non
3226 5123 3474 5207 potest

1932 5197 2280 5277 fier-inisi
2350 5230 2488 5303 per
2548 5211 3033 5292 miraculum.
3117 5224 3196 5298 Si
3253 5229 3476 5307 detur

1931 5317 2240 5393 tertium
2283 5326 2743 5425 membrum,
2803 5336 3009 5431 quod
3061 5352 3174 5417 est
3208 5345 3357 5421 alia
3397 5362 3472 5426 et

1928 5435 2079 5508 alia
2122 5461 2296 5534 pars
2344 5445 2613 5519 formae
2665 5462 3018 5548 respectu
3061 5459 3472 5556 cujuslibet

1926 5548 2414 5651 inducendae,
2479 5564 2830 5659 sequitur
2879 5575 3081 5668 quod
3156 5584 3471 5659 materia

1923 5666 2065 5741 erit
2096 5669 2322 5746 simul
2369 5674 2775 5757 informata
2803 5689 3180 5783 specificis
3224 5696 3474 5776 diver-

3604 2669 3817 2723 Contra.
3911 2671 3916 2677 “
