4295 6326
99 2595 226 2646 Non
252 2595 428 2659 requi·

130 2661 177 2709 ri
220 2659 401 2708 lumen

131 2722 396 2779 infusum,

117 2788 320 2848 praeter
352 2783 410 2833 fl·

141 2848 264 2898 dem
298 2847 366 2896 ad

160 2909 397 2960 Theolo-

202 2974 364 3037 giam.

91 5619 115 5667 1
123 5628 396 5681 mpugna·

88 5685 191 5731 tur
220 5677 426 5742 oplnio.

1390 424 1617 495 DIST.
1667 422 1924 492 XXIV.
1977 418 2395 500 QUAESTIO
2450 414 2747 486 UNICA.

447 601 943 702 simplicium.
1042 600 1217 674 Ideo
1294 597 1559 672 dicunt
1626 595 1831 694 quod
1904 594 1984 667 in

450 721 872 818 majoribus
903 717 1224 793 scientia
1282 715 1727 814 requiritur,
1763 722 1836 788 et
1868 713 1990 786 lu-

450 863 625 914 men
651 836 1263 935 correspondens
1288 842 1401 909 est
1426 832 1782 931 superius
1806 829 1986 922 fide,

449 965 521 1031 et
554 955 819 1030 dicunt
852 952 1016 1027 fieri
1051 952 1124 1025 in
1188 952 1333 1026 isto
1367 951 1605 1047 gradu
1651 947 1992 1023 scientiae

449 1071 876 1147 secundum
923 1068 1304 1160 ordinem,
1343 1066 1448 1139 ita
1487 1064 1692 1163 quod
1748 1064 1823 1136 in
1859 1085 1990 1137 ac-

449 1186 825 1288 quirendo
855 1184 1202 1259 notitiam
1239 1181 1720 1256 credibilium
1767 1178 1994 1253 debet

449 1306 622 1405 quis
664 1304 913 1402 primo
975 1300 1396 1398 Scripturae
1476 1306 1808 1371 mentem
1869 1295 1995 1367 in-

447 1423 874 1518 vestigare3
921 1430 996 1495 et
1046 1417 1388 1493 secundo
1429 1415 1623 1490 scire
1657 1413 1995 1511 explica-

450 1565 530 1616 re
573 1537 1113 1613 conclusiones
1181 1532 1590 1632 implicitas
1645 1555 1736 1605 ex
1783 1530 1997 1604 intel-

453 1661 651 1733 lectu
729 1653 1124 1746 scientiae3
1208 1651 1471 1725 nullus
1531 1649 1737 1723 enim
1806 1647 1995 1721 adeo

451 1776 670 1852 facile
713 1773 1040 1871 explicat
1082 1772 1159 1843 in
1193 1793 1424 1845 sensu
1479 1766 1785 1841 litterali
1827 1790 1997 1838 om-

451 1917 631 1969 nem
665 1890 1295 1981 intellectionem,
1370 1910 1545 1985 quae
1599 1909 1690 1959 ex
1749 1885 1998 1957 littera

451 2010 717 2087 haberi
751 2017 1036 2108 potest3
1083 2016 1157 2081 et
1188 2004 1409 2080 tertio
1433 2005 1658 2078 debet
1689 2001 1995 2076 studere

451 2139 524 2205 et
583 2128 691 2202 sic
758 2123 1117 2221 intelligit
1192 2121 1524 2215 credita3
1597 2129 1670 2195 et
1726 2120 1999 2194 volunt

453 2248 658 2345 quod
695 2253 1003 2343 propter
1035 2242 1374 2333 tertium,
1411 2238 1702 2313 scilicet
1733 2246 1813 2311 ut
1844 2260 2001 2311 cre-

455 2367 613 2443 dita
670 2365 1228 2461 intelligantur,
1305 2359 1720 2458 requiritur
1806 2358 1996 2431 illud

454 2487 716 2560 lumen
752 2484 900 2556 tale
934 2479 1293 2578 superius
1356 2475 1644 2550 lumine
1686 2473 1892 2548 fidei.

555 2601 703 2677 Sed
764 2599 1131 2699 probatur
1197 2594 1405 2693 quod
1462 2617 1602 2667 nec
1688 2602 1999 2691 propter

460 2720 823 2818 primum,
864 2740 1004 2790 nec
1048 2723 1354 2813 propter
1395 2710 1819 2786 secundum
1859 2735 1997 2807 po-

459 2838 801 2914 nendum
845 2835 942 2909 sit
977 2835 1126 2908 tale
1167 2833 1460 2922 lumen,
1508 2828 1690 2926 quia
1740 2828 1831 2902 ad
1875 2827 1997 2900 in-

459 2959 846 3033 tellectum
878 2976 1154 3029 sensus
1186 2951 1487 3042 litterae,
1519 2956 1592 3023 et
1632 2946 1725 3020 ad
1759 2944 2000 3021 scien-

461 3074 643 3147 dum
708 3068 1243 3146 conclusiones
1294 3064 1563 3140 elicere
1631 3071 1704 3136 et
1757 3060 1996 3134 dedu-⁸.

461 3215 632 3267 cere
664 3198 908 3288 potest
950 3187 1385 3260 intellectus
1424 3184 1812 3255 humanus
1836 3201 1999 3276 per-

462 3306 925 3384 scrutatione
1003 3299 1294 3398 ingenii
1382 3295 1752 3371 naturalis
1818 3318 1995 3367 cum

459 3423 851 3501 communi
912 3418 1291 3516 adjutorio
1370 3414 1508 3489 Dei
1578 3414 1742 3486 sine
1786 3409 1995 3485 omni

455 3540 921 3618 revelatione
990 3546 1065 3611 et
1143 3535 1515 3625 Doctore3
1616 3530 1784 3603 ideo
1853 3550 1995 3602 nec

453 3668 763 3761 propter
801 3655 1167 3754 primum,
1207 3673 1345 3725 nec
1390 3655 1697 3746 propter
1729 3668 1997 3719 secun-

451 3778 630 3851 dum
723 3769 1138 3868 requiritur
1233 3767 1382 3840 tale
1475 3765 1761 3836 lumen.
1853 3761 1996 3833 Ju-

449 3893 664 3967 daeus
705 3887 906 3964 enim
957 3906 1277 3958 manens
1339 3879 1687 3967 Judaeus‚
1750 3885 1994 3974 potest

449 4009 840 4085 addiscere
900 4001 1074 4100 quis
1160 4008 1274 4074 est
1344 4020 1618 4071 sensus
1688 3994 1987 4081 litterae,

450 4129 625 4202 licet
683 4148 836 4198 non
891 4121 1174 4210 credat,
1239 4116 1437 4191 sicut
1512 4138 1653 4211 ego
1724 4112 1985 4197 credo3

366 4342 371 4346 ²
449 4243 802 4321 similiter
844 4247 1092 4339 potest
1131 4234 1406 4310 elicere
1454 4228 1992 4305 conclusiones

449 4365 542 4438 de
577 4362 768 4460 ipsa,
841 4357 1014 4431 licet
1055 4378 1196 4450 ego
1266 4350 1568 4425 credam
1615 4348 1707 4421 de
1770 4345 1991 4419 dictis

450 4481 528 4553 in
563 4478 810 4552 littera
843 4481 915 4549 et
955 4473 1115 4569 ipse
1171 4491 1356 4560 non,
1421 4464 1611 4540 etin
1675 4465 1818 4536 hoc
1851 4464 1992 4536 ha-

448 4596 593 4669 beo
650 4589 1065 4665 firmiorem
1111 4582 1634 4658 adhaesionem
1672 4579 1992 4653 conclu-

450 4708 646 4786 sioni
675 4729 906 4806 quam
941 4704 1131 4801 ipse,
1159 4699 1292 4798 qui
1316 4700 1564 4773 solum
1600 4695 1985 4794 opinatur,

449 4836 524 4902 et
589 4819 1163 4900 conclusionem
1256 4814 1645 4912 opinatam
1741 4812 1991 4885 solum

452 4941 657 5019 elicit
692 4968 710 5033 3
746 4931 1305 5032 consequentia
1337 4930 1540 5004 enim
1621 4926 1993 5001 naturalis

451 5069 565 5136 est
625 5056 941 5133 evidens
1012 5047 1434 5124 intellectui
1515 5045 1986 5119 naturaliter.

452 5177 532 5252 Si
567 5174 800 5271 igitur
860 5193 1012 5243 non
1087 5174 1396 5265 propter
1455 5161 1994 5261 primum,nec

452 5302 763 5395 propter
852 5285 1274 5363 secundum
1341 5280 1757 5379 requiritur
1808 5278 1993 5353 illud

458 5415 714 5486 lumen
762 5431 899 5482 nec
933 5412 1241 5503 propter
1303 5399 1606 5474 tertium
1669 5396 1999 5494 requiri-

459 5541 583 5605 tur
619 5556 635 5621 3
673 5548 855 5621 ergo
897 5529 1206 5621 propter
1230 5517 1418 5590 nihil
1454 5515 1895 5612 requiritur.

556 5646 838 5719 Contra
875 5636 1319 5737 opinionem
1377 5633 1454 5706 in
1512 5655 1592 5706 se
1652 5630 2000 5727 arguitur

3517 415 3641 482 451

2103 594 2212 668 sic
2250 617 2264 667 ε
2305 594 2614 668 Ponunt
2643 593 2848 668 enim
2893 592 3038 667 ista
3087 591 3380 668 lumina
3416 590 3643 665 simul

2103 722 2330 798 stare,
2370 712 2677 809 etquod
2718 710 2906 784 illud
2975 710 3053 783 in
3117 733 3269 808 quo
3320 713 3646 786 habetur

2104 828 2449 917 scientia,
2501 827 2812 901 uniatur
2862 824 3156 900 habitui
3193 824 3396 900 fidei.

2205 949 2510 1040 Contra,
2557 947 2620 1019 si
2651 947 2793 1020 isla
2825 946 3120 1021 lumina
3143 947 3370 1021 simul
3415 956 3643 1041 stant,
3802 928 3910 996 1⁰·

2105 1074 2179 1140 et
2222 1068 2363 1140 hoc
2396 1074 2475 1138 ut
2506 1065 2794 1153 dicunt,
2834 1064 3016 1162 quia
3065 1064 3252 1138 illud
3303 1064 3639 1139 medium

2105 1205 2262 1255 non
2330 1181 2503 1255 facit
2569 1180 2968 1255 scientiam
3074 1179 3421 1274 visionis,
3509 1178 3643 1254 sed

2104 1297 2506 1372 scientiam
2584 1296 3152 1390 abstractivam,
3228 1307 3407 1372 tunc
3470 1320 3643 1369 curn

2105 1416 2540 1491 Geometria
2587 1413 2920 1487 totaliter
2978 1413 3167 1520 scita
3193 1414 3286 1487 ab
3351 1414 3639 1511 aliquO,

2106 1540 2355 1629 potest
2385 1529 2544 1603 dari
2582 1527 2772 1604 fides
2839 1529 2931 1602 de
2988 1529 3168 1621 illis,
3232 1529 3322 1603 de
3366 1527 3650 1625 quibus

2106 1660 2221 1724 est
2260 1650 2720 1742 Geometria,
2782 1649 2965 1747 quia
3005 1673 3159 1722 non
3232 1647 3406 1722 facit
3440 1646 3644 1721 noti-

2107 1768 2290 1842 tiam
2327 1768 2674 1860 visioniS,
2708 1775 2780 1841 et
2813 1789 2948 1864 per
2979 1788 3464 1863 consequens
3505 1764 3654 1862 pri-

2107 1910 2232 1960 mo
2267 1886 2587 1960 credens
2620 1885 2921 1959 docenti
2979 1884 3445 1979 triangulum
3508 1886 3653 1958 ha-

2108 2002 2287 2077 bere
2336 2011 2516 2093 treS,
2554 2001 2613 2075 si
2651 2002 2789 2075 iste
2854 2001 3106 2097 sciens
3166 2001 3431 2076 doceat
3472 2025 3653 2100 pos-

2106 2127 2230 2192 tea
2261 2117 2804 2210 Geometriam,
2833 2116 3271 2218 cognitione
3315 2118 3656 2191 abstrac-

2105 2237 2265 2316 tiva
2304 2245 2552 2334 potest
2594 2259 2767 2309 cum
2840 2232 2989 2308 fide
3064 2234 3346 2309 habere
3399 2235 3653 2309 scien-

2111 2353 2289 2427 tiam
2326 2353 2911 2444 Geometricam,
2958 2359 3031 2424 et
3061 2351 3152 2424 de
3203 2353 3373 2445 hoc,
3446 2352 3651 2447 quod

2113 2480 2225 2544 est
2257 2469 2729 2565 trianfflclum
2761 2467 3037 2542 habere
3068 2473 3243 2556 crea,
3301 2470 3651 2565 quamvis

2107 2597 2355 2663 stante
2426 2586 2573 2660 fide
2629 2610 2780 2660 non
2843 2594 3099 2683 posset
3175 2586 3457 2659 habere
3518 2610 3651 2661 co-

2107 2705 2530 2801 gnitionem
2616 2702 3103 2787 intuitivam3
3169 2700 3398 2774 stabit
3463 2724 3644 2798 ergo

2108 2821 2299 2897 fides
2331 2846 2506 2895 curn
2538 2821 2743 2895 scien
2760 2819 2857 2892 tia
2890 2818 3440 2917 perfectissima
3485 2843 3645 2894 res-

2107 2947 2332 3035 pectu
2368 2928 2710 3033 ejusdem
2752 2932 3296 3008 conclusionis.

2206 3053 2356 3128 Sed
2389 3053 2480 3126 ad
2525 3054 2668 3126 hoc
2728 3059 3268 3147 argumentum
3344 3073 3649 3148 respon·
3720 3059 3803 3110 An
3838 3060 3961 3124 plus

2108 3172 2315 3264 dent,
2362 3171 2566 3268 quod
2632 3168 2974 3243 scientia>
3033 3168 3123 3242 ad
3202 3168 3645 3266 opinionem
3678 3135 3971 3237 iffll'ssssssss'.

2107 3291 2392 3387 duplex
2458 3297 2572 3362 est
2646 3285 3098 3360 differentia.
3171 3285 3429 3359 Prima
3504 3295 3643 3380 est,
3678 3252 3986 3385 iiipf'tqssgiss

2108 3409 2314 3506 quod
2400 3405 2660 3504 opinio
2731 3404 3053 3477 includit
3126 3379 3998 3490 formidinem‚⁸⁰¹332¹„⁸2²‘

2106 3526 2240 3601 sed
2302 3523 2621 3599 scientia
2673 3521 3208 3595 certitudinem
3281 3529 3355 3593 et
3398 3521 3650 3596 adhae-

2106 3642 2431 3716 sionem.
2492 3638 2655 3712 Alia
2730 3645 2846 3710 est
2912 3634 3366 3729 differentia,
3440 3637 3645 3734 quod

2105 3757 2425 3833 scientia
2482 3756 2710 3828 habet
2768 3752 3229 3828 evidentiam
3275 3776 3368 3826 ex
3435 3762 3644 3850 parte

2106 3874 2242 3963 rei,
2303 3881 2375 3946 et
2434 3869 2696 3969 opinio
2752 3892 2905 3942 non
2943 3896 2961 3961 3
3000 3868 3128 3942 sed
3201 3866 3392 3941 fides
3450 3868 3647 3941 sicut

2104 3988 2425 4065 scientia
2467 3985 2696 4059 habet
2728 3982 3025 4063 firmam
3087 3982 3639 4074 adhaesionem,

2102 4106 2275 4180 ideo
2310 4105 2567 4178 minus
2592 4109 2971 4200 repugnat
3002 4100 3344 4174 scientiae
3414 4123 3641 4197 quam

2100 4218 2407 4317 opini03
2455 4216 2625 4289 ideo
2666 4212 2857 4288 fides
2915 4220 2988 4286 et
3027 4211 3371 4301 scientia,
3422 4221 3500 4285 ut
3545 4212 3649 4285 di-

2103 4345 2314 4429 cunt,
2353 4343 2678 4433 possunt
2717 4331 2946 4406 simul
2993 4339 3221 4422 stare,
3258 4330 3434 4405 licet
3490 4353 3646 4404 non

2102 4452 2421 4528 scientia
2461 4458 2535 4524 et
2566 4447 2855 4546 opinio.

2200 4573 2508 4663 Contra,
2564 4569 2763 4642 inter
2818 4565 3043 4641 fidem
3115 4574 3188 4640 et
3246 4564 3642 4640 scientiam

2102 4699 2219 4766 est
2294 4685 2806 4786 repugnantia
2875 4683 3253 4758 evidentis
3328 4683 3421 4756 ad
3489 4705 3645 4756 non

2104 4808 2485 4898 evidens;
2550 4805 2681 4880 sed
2753 4801 3150 4900 quodlibet
3219 4811 3647 4876 extremum

2103 4924 2338 4998 unius
2373 4921 2606 5020 partis
2638 4917 3264 4993 contradictionis
3289 4929 3399 4992 est
3423 4941 3644 5016 aeque

2104 5039 2727 5139 incompossibile
2789 5036 3100 5111 cuilibet
3140 5036 3358 5110 alteri
3413 5047 3650 5112 extre-

2111 5186 2231 5234 mo
2292 5157 2696 5256 opposit03
2762 5177 2943 5249 ergo
3004 5177 3154 5227 non
3217 5153 3461 5250 magis
3503 5162 3649 5228 stat

2106 5274 2428 5352 scientia
2460 5296 2631 5345 cum
2686 5269 2863 5362 fide,
2913 5293 3084 5343 cum
3144 5269 3343 5343 dicat
3412 5269 3649 5343 inevi-

2108 5391 2478 5481 dentiam,
2526 5409 2755 5485 quam
2816 5409 2990 5458 cum
3034 5383 3423 5481 opinione,
3471 5407 3647 5480 quae

2109 5507 2292 5582 dicit
2325 5502 2836 5578 formidinem.

2212 5624 2620 5710 Praeterea,
2666 5628 2929 5690 contra
2957 5617 3102 5689 hoc
3143 5615 3405 5689 dicunt
3445 5618 3649 5714 quod
3802 5622 3907 5688 11.
