4295 6326
174 2390 289 2456 22.

90 2508 164 2559 Ad
198 2519 396 2558 secun·

176 2572 331 2622 dum.

124 4470 309 4529 Agens
332 4465 393 4535 in

115 4546 176 4579 se
204 4531 320 4594 agit
354 4540 412 4575 m

139 4608 198 4642 se
227 4598 291 4642 ut
337 4594 394 4639 in

197 4653 367 4705 uliud.

1395 450 1620 520 DIST.
1671 450 1892 519 XXV.
1947 450 2364 530 QUAESTIO
2418 451 2653 525 UNIC.

424 647 708 721 causae,
790 635 874 701 ut
934 624 1336 701 efficientis
1404 625 1497 699 ad
1558 622 1846 719 finem3
1900 632 1975 699 et

3505 456 3629 523 129

2086 624 2363 718 tabilis,
2410 637 2488 701 ut
2524 627 2706 703 dicit
2747 630 3159 704 terminum
3194 627 3631 726 oppositum

423 743 863 819 Aristoteles
939 743 1183 841 potuit
1281 742 1562 817 dixisse
1657 741 1767 816 sic
1841 764 1976 815 ex-
2082 743 2413 819 termino
2455 745 2560 819 ad
2593 770 2843 844 quem,
2909 771 3064 822 non
3105 756 3219 822 est
3259 745 3449 821 ratio
3494 746 3637 819 for-

427 882 685 958 presse
795 859 1297 933 intentionem
1398 881 1647 952 suam,
1768 855 1974 953 quod

427 999 668 1050 unum
730 984 980 1050 movet
1039 974 1585 1073 metaphorice,
1640 982 1713 1048 et
1765 973 1974 1046 aliud

429 1091 802 1185 effective,
862 1102 935 1166 et
975 1101 1223 1189 potest
1280 1091 1661 1165 dimittere
1706 1113 1802 1162 nc
1859 1112 1980 1163 ex-

431 1208 735 1306 primat,
789 1208 987 1283 sicut
1027 1208 1103 1280 in
1165 1207 1500 1304 graviori
1563 1205 1979 1281 auctorita-
2079 1211 2493 1308 principiis
2547 1212 2983 1289 intrinsecis
3036 1214 3365 1314 alicujus
3411 1212 3631 1287 entis.

2090 859 2311 934 malis
2353 861 2659 935 termini
2712 864 2816 939 ad
2841 888 3091 963 quem.

2183 978 2295 1050 Ad
2337 977 2574 1071 aliud,
2622 1003 2817 1075 nego
2879 1004 3053 1054 cum
3098 979 3402 1072 dicitur,
3449 975 3642 1052 acci·
3784 971 3896 1038 23-

2090 1094 2277 1169 dens
2360 1119 2507 1192 per
2580 1098 2932 1173 accidens
3004 1122 3157 1173 non
3227 1097 3473 1172 oritur
3539 1118 3637 1170 eae
3717 1087 3939 1199 ⁸2¹5ng

3698 1213 3963 1281 Accidens

3734 1290 3791 1326 er
3819 1288 3964 1324 accu-

431 1336 502 1401 te
550 1326 852 1419 dicitur,
890 1326 1180 1401 scilicet
1211 1326 1287 1399 in
1324 1325 1722 1422 Scriptura
1761 1346 1980 1398 sacra
2087 1329 2278 1403 Cum
2347 1330 2552 1404 enim
2607 1341 2953 1429 oporteat
3019 1332 3430 1430 procedere
3499 1330 3641 1403 de-
3710 1350 3804 1388 ens
3846 1349 3966 1401 pro-

435 1443 636 1516 Eccl.
709 1442 828 1514 31.
906 1440 1060 1532 Qui
1093 1447 1345 1537 potuit
1399 1438 1855 1536 transqredi,
1911 1443 1984 1511 et

433 1584 588 1635 non
646 1568 755 1635 est
810 1567 1348 1656 transqressus.
1411 1558 1680 1632 Potuit
1728 1564 1982 1631 trans-

431 1677 656 1774 qredi
694 1700 845 1750 non
881 1678 1205 1751 refertur
1248 1674 1340 1749 ad
1385 1673 1798 1765 Christum,
1849 1671 1980 1746 sed

436 1792 714 1868 dicitur
771 1793 863 1868 de
932 1792 1082 1866 alio
1143 1791 1450 1884 SanctO,
1516 1796 1589 1864 et
1651 1812 1806 1863 non
1874 1793 1987 1862 est

438 1916 951 2008 transqressus
1047 1917 1342 1983 tantum
1459 1908 1784 1982 refertur
1891 1904 1983 1978 ad

443 2026 857 2101 Christum.
944 2026 1315 2102 Medietas
1398 2024 1630 2121 igitur
1719 2032 1988 2097 aucto-

442 2145 686 2219 ritatis
755 2146 1080 2219 refertur
1165 2143 1258 2217 ad
1348 2150 1604 2240 caput,
1691 2148 1764 2215 et
1840 2139 1990 2214 alia

447 2260 814 2337 medietas
866 2261 958 2334 ad
1015 2260 1164 2335 alia
1207 2258 1549 2357 corporis
1616 2255 1985 2331 membra.

542 2378 652 2453 Ad
695 2376 931 2471 aliud,
987 2376 1323 2452 concedo
1366 2375 1567 2473 quod
1631 2374 1992 2447 voluntas

446 2507 561 2574 est
600 2496 940 2595 potentia
979 2494 1226 2570 activa
1261 2520 1279 2587 3
1335 2501 1406 2566 et
1448 2515 1623 2567 cum
1685 2489 1988 2577 dicitur,

450 2639 600 2690 non
679 2622 794 2689 est
873 2611 1352 2710 principium
1429 2604 2001 2684 transmutandi

447 2730 667 2808 aliud
737 2731 1193 2828 inquantum
1244 2724 1481 2811 aliud,
1543 2723 1727 2823 quia
1779 2722 1998 2820 obje-

446 2860 654 2925 ctum
715 2871 868 2921 non
910 2846 1130 2921 aliter
1172 2869 1253 2920 se
1291 2844 1522 2918 habet
1563 2850 1993 2941 propterea,

449 2966 631 3063 quia
672 2973 786 3039 est
819 2962 1138 3036 volitum
1187 2959 1545 3052 reaiiter3
1593 2957 1827 3054 igitur
1876 2979 2002 3029 vo-

450 3084 706 3156 luntas
747 3102 900 3153 non
958 3084 1419 3152 transmutat
1468 3073 1879 3171 objectum.
1918 3071 1999 3146 Si

449 3199 624 3297 quis
679 3199 911 3272 vellet
959 3195 1211 3270 dicere
1260 3192 1466 3290 quod
1525 3192 1689 3290 ipse
1745 3187 2003 3287 loqui-

451 3325 578 3390 tur
619 3315 711 3389 de
763 3312 1104 3412 potentia
1151 3309 1426 3402 activa,
1481 3330 1659 3406 quae
1690 3315 1803 3381 est
1847 3307 2005 3380 Iac-

453 3432 611 3505 tiva
689 3431 772 3505 in
830 3429 900 3502 5.
960 3426 1471 3525 Metapliysic.
1556 3424 1664 3498 sic
1725 3446 2005 3498 conce-

455 3547 704 3623 denda
763 3553 964 3622 esset
1004 3543 1426 3637 conclusi0‚
1493 3541 1696 3639 quod
1743 3542 2009 3615 volun-

455 3675 569 3739 tas
656 3647 805 3737 non
895 3669 1009 3737 est
1092 3659 1419 3755 factiva3
1483 3667 1739 3734 tamen
1825 3657 2010 3756 quia

454 3783 758 3858 videtur
832 3778 1294 3878 generaliter
1359 3800 1556 3871 esse,
1629 3776 1826 3870 dico,
1898 3776 2008 3851 sic

459 3901 781 3999 ipsemet
821 3895 1159 3994 exponit,
1205 3894 1274 3967 9.
1319 3892 1829 3992 Metaplzysic.
1880 3891 2009 3967 ubi

454 4017 661 4096 dicit,
725 4022 834 4089 est
889 4012 1366 4111 principium
1448 4004 2018 4084 transmutandi

460 4131 700 4217 aliud,
756 4137 889 4206 aut
930 4130 1380 4227 inquantum
1434 4125 1671 4212 aliud,
1735 4134 1814 4200 ut
1868 4149 2015 4201 me-

462 4252 679 4326 dicus
729 4256 951 4324 sanat
1000 4271 1108 4341 se,
1146 4270 1295 4320 non
1343 4245 1800 4342 inquantum
1868 4267 2014 4319 me-

460 4369 708 4462 dicuS,
786 4374 861 4441 et
935 4375 1193 4439 tamen
1259 4372 1548 4438 certum
1614 4371 1729 4437 est
1806 4361 2010 4459 quod

466 4510 622 4560 non
682 4493 903 4559 sanat
958 4482 1221 4556 atium.
1270 4479 1395 4553 Sic
1447 4479 1679 4575 igitur
1726 4477 2014 4552 intelli-

465 4605 713 4704 gendo
803 4600 1221 4701 potentiam
1307 4598 1661 4691 activam,
1746 4606 1824 4670 ut
1902 4607 2015 4671 est

467 4721 842 4798 terminus
896 4745 941 4795 a
990 4742 1159 4817 quo,
1210 4716 1668 4813 inquantum
1739 4739 2015 4791 causa-

467 4850 575 4915 ret
653 4836 1230 4937 perfectionem,
1302 4855 1532 4929 quam
1604 4831 1870 4929 recipit
1933 4831 2009 4904 in

467 4955 797 5032 termino
889 4950 992 5027 ad
1053 4973 1299 5049 quem,
1379 4946 1487 5021 sic
1553 4971 1823 5023 verum
1903 4956 2017 5023 est

466 5072 670 5169 quod
724 5074 1184 5143 transmutat
1231 5063 1469 5157 aliud,
1514 5065 1631 5138 ve!
1698 5063 2018 5161 inquan-

468 5199 627 5265 tum
681 5186 919 5276 aliud‚
976 5192 1060 5258 ut
1107 5191 1222 5258 est
1279 5180 1718 5256 intermino
1760 5206 1805 5256 a
1844 5205 2015 5280 qu0,

467 5316 538 5383 et
573 5305 649 5378 in
696 5301 1023 5379 termino
1082 5298 1186 5375 ad
1220 5321 1444 5397 quem
1482 5321 1497 5384 ;
1562 5305 1636 5372 et
1691 5321 1828 5396 per
1871 5300 2017 5372 hoc

469 5430 672 5521 patet-
725 5420 818 5494 ad
878 5416 1065 5492 illud
1126 5415 1412 5489 dictum
1463 5411 1776 5507 ibidem,
1820 5411 2025 5488 nihil

470 5541 925 5638 inquantum
988 5533 1240 5632 ipsum
1291 5530 1450 5628 aqit
1504 5531 1585 5606 in
1649 5531 2013 5628 seipsum,

472 5678 744 5730 verum
794 5660 935 5741 est,
985 5651 1176 5726 ratio
1243 5648 1579 5725 formalis
1635 5658 2021 5722 transmu-

662 5799 800 5853 Τοι.
843 5795 1040 5852 xxm.

2555 1447 2567 1460 ·
3671 1400 3982 1461 ceditsaepe

2092 1467 2230 1519 nec
2352 1446 2445 1520 ad
2551 1447 2737 1522 illud
2818 1472 2863 1522 a
2977 1472 3130 1546 quo
3237 1456 3637 1542 causatur,
3714 1460 3961 1515 abeoin

2091 1564 2587 1660 perveniatur
2684 1589 2819 1663 per
2907 1565 3369 1658 intrinseca,
3479 1564 3642 1639 sive
3723 1538 3829 1590 ‘¹⁰⁰
3863 1527 3961 1574 ‘m'

2091 1678 2168 1750 in
2249 1701 2357 1766 se,
2456 1678 2617 1755 sive
2716 1680 2793 1753 in
2874 1679 3052 1776 alic,
3141 1704 3315 1755 cum
3390 1679 3645 1777 ipsum

2095 1819 2318 1892 posse
2422 1819 2739 1871 causare
2823 1797 2973 1871 tale
3055 1796 3413 1871 accidens
3515 1817 3652 1893 per

2095 1911 2480 2007 accidens,
2545 1914 2837 1987 nullam
2898 1913 3439 2010 perfectionem
3517 1911 3658 1986 tol-

2096 2029 2201 2102 lat
2254 2028 2348 2103 ab
2427 2051 2547 2120 ec,
2617 2051 2756 2102 nec
2824 2028 3055 2102 etiam
3134 2028 3211 2101 in
3284 2025 3658 2103 creaturis

2099 2145 2352 2244 ipsum
2433 2168 2657 2243 posse
2736 2145 3105 2244 recipere,
3203 2144 3399 2218 tollit
3482 2167 3661 2243 per-

2101 2260 2531 2347 fectionem,
2607 2259 2843 2356 igitur
2901 2258 3065 2359 pari
3118 2259 3411 2334 ratione
3461 2268 3662 2333 stan-

2100 2376 2285 2450 dum
2336 2376 2413 2449 in
2468 2375 2879 2475 principio,
2939 2377 3143 2474 quod
3191 2377 3432 2450 [orma
3496 2399 3661 2473 per-

2105 2501 2297 2576 fecta
2374 2493 2614 2591 possit
2678 2516 2998 2568 causare
3041 2493 3114 2565 in
3169 2516 3249 2568 se
3301 2492 3658 2567 accidens

2103 2635 2242 2709 per
2291 2610 2671 2685 accidens.

2203 2727 2315 2801 Ad
2373 2725 2609 2819 aliud,
2690 2749 2865 2800 cum
2940 2724 3221 2800 dicitur
3276 2724 3481 2822 quod
3542 2732 3655 2799 est
3718 2711 3979 2826 Ᾰῆξξξῑ·

2106 2844 2185 2917 in
2255 2842 2595 2942 potentia
2658 2842 3285 2918 contradictionis
3351 2843 3445 2918 ad
3514 2840 3659 2917 ali-

2107 2984 2289 3058 qua,
2350 2984 2505 3034 non
2569 2959 3029 3035 determinat
3091 2983 3171 3034 se
3229 2959 3326 3034 ad
3385 2983 3659 3054 unum,

2109 3077 2279 3151 dico
2338 3070 2545 3175 quod
2597 3076 2858 3177 aliqua
2911 3085 3027 3151 est
3093 3077 3337 3150 forma
3393 3076 3471 3150 in
3524 3101 3668 3176 po-

2108 3194 2347 3270 tentia
2422 3194 3077 3290 contradictionis,
3162 3203 3245 3269 ut
3339 3194 3666 3270 scientia

2112 3310 2702 3405 contrariorum,
2752 3319 2824 3385 et
2864 3310 3009 3386 ista
3049 3333 3202 3385 non
3248 3318 3498 3409 potest
3539 3309 3664 3385 de-

2113 3427 2525 3503 terminare
2576 3451 2685 3520 se,
2731 3426 2914 3526 quia
2963 3437 3076 3502 est
3128 3427 3532 3522 diminuta,
3596 3436 3672 3502 et

2116 3569 2268 3619 non
2314 3553 2586 3643 potens
2617 3567 2697 3619 se
2740 3546 3116 3644 complete
3157 3543 3669 3620 determinare

2116 3665 2209 3739 ad
2261 3687 2530 3756 unum,
2584 3670 2658 3737 et
2699 3661 2898 3757 ideo,
2959 3671 3038 3735 ut
3088 3664 3252 3737 vult
3298 3661 3671 3738 Aristote-

2116 3783 2249 3871 leS‚
2287 3779 2558 3855 sitatis
2602 3779 2944 3878 potentia
2974 3803 3066 3854 ex
3110 3804 3191 3854 se
3224 3781 3672 3879 procederet

2118 3899 2212 3973 ad
2256 3907 2540 3990 actum,
2587 3896 2818 3970 simul
2862 3895 3320 3994 produceret
3377 3904 3670 3971 contra-

2120 4015 2255 4089 ria.
2331 4014 2499 4088 Alia
2562 4021 2674 4087 est
2742 4035 2976 4087 causa
3044 4011 3663 4107 indeterminata,

2120 4155 2297 4229 quie
2360 4139 2473 4205 est
2521 4152 2756 4204 causa
2809 4130 3189 4226 completa
3253 4138 3525 4226 potens
3583 4153 3665 4205 se
3724 4118 3990 4231 ῑζξζξξῗὲ

2120 4247 2629 4324 determinare
2695 4247 2786 4320 ad
2858 4269 3097 4321 unum
3176 4246 3527 4343 istorum,
3594 4259 3668 4323 et
3735 4242 4018 4355 ⁰²⁶rfg¹⁵⁰⁸·

2120 4365 2267 4439 ista
2315 4373 2429 4439 est
2488 4361 2885 4437 rationalis
2934 4364 3355 4461 complexa,
3405 4372 3486 4437 ut
3531 4388 3665 4437 vo-

2120 4483 2377 4556 luntas
2441 4504 2614 4554 cum
2694 4478 3115 4572 intellectu,
3177 4489 3251 4554 et
3319 4481 3462 4554 hoc
3534 4504 3669 4556 ne-

2121 4622 2334 4674 cesse
2393 4606 2508 4674 est
2564 4597 2844 4690 dicere,
2891 4596 2948 4670 si
2995 4596 3284 4695 aliquid
3345 4597 3441 4672 sit
3497 4622 3676 4673 con·

2125 4715 2429 4812 tingens
2466 4743 2484 4808 3
2529 4723 2600 4788 et
2642 4713 2814 4787 talis
2845 4722 3096 4810 potest
3127 4713 3665 4805 determinare,

2121 4842 2196 4906 et
2277 4830 2652 4928 complete
2710 4852 2790 4902 se
2871 4827 3410 4927 determinare,
3489 4832 3672 4930 quia

2123 4959 2236 5025 est
2305 4944 2893 5022 indeterminata
2956 4945 3223 5021 active.
3299 4946 3488 5035 Quae
3570 4958 3674 5023 ta-

2126 5090 2299 5141 men
2347 5074 2462 5140 est
2514 5061 3102 5137 indeterminata
3144 5065 3446 5160 passive
3513 5077 3674 5142 tan·

2125 5193 2316 5276 tum,
2402 5181 2524 5254 vel
2594 5177 2837 5253 active
2907 5177 3392 5277 incomplete,
3467 5207 3674 5258 nun-

2126 5321 2359 5397 quam
2442 5303 2690 5396 potest
2751 5317 2832 5370 se
2920 5294 3013 5369 ad
3093 5318 3334 5370 unum
3440 5298 3673 5373 indis-

2130 5412 2533 5489 ferentium
2616 5409 3154 5503 determinare,
3240 5412 3669 5510 cujusmodi

2126 5539 2308 5605 sunt
2369 5527 2685 5603 materia
2741 5534 2815 5600 et
2880 5525 3224 5600 scicntia.

3697 3992 3875 4043 Causa
3905 3993 3991 4042 in-

3700 4055 4019 4105 determina·
