4295 6326
1327 458 1555 525 Dle.
1607 456 1931 526 XXXIII.
1984 455 2403 535 QUAESTlo
2455 454 2690 526 UNlC.

190 659 294 724 Η,
522 629 692 703 Alia
749 630 940 705 ratio
1001 655 1177 729 quae
1246 631 1467 707 tertio
1536 629 1966 721 adducitur,

92 775 359 850 ,Adter-
423 747 814 820 concludit
872 747 1075 844 quod
1122 772 1271 821 non
1334 756 1536 821 esset
1613 743 1970 844 ponenda

63 838 716 960 ffiffgiffii-justitia
803 864 875 936 in
975 866 1398 956 voluntate,
1470 864 1589 937 vel
1662 861 1972 936 habitus

66 971 395 1078 nigdussetia-
427 979 845 1064 charitatis,
909 982 1027 1054 vel
1087 980 1366 1077 aliquis
1412 979 1743 1070 habitus,
1791 978 1972 1075 quia

157 1095 311 1142 turae.
427 1098 747 1197 quilibet
792 1099 1125 1192 habituS,
1163 1108 1536 1197 quantum
1581 1106 1694 1171 est
1732 1098 1823 1169 de
1858 1121 1966 1189 sc,

426 1215 746 1289 inclinat
837 1239 972 1313 per
1061 1215 1371 1289 inodum
1469 1224 1795 1305 naturaae,
1900 1222 1971 1285 et

425 1332 756 1406 charitas
799 1355 934 1429 per
976 1332 1284 1405 modum
1334 1340 1631 1404 naturae
1673 1352 1836 1403 sua}
1877 1329 1970 1402 ad

423 1459 678 1524 actum
739 1448 1405 1546 supernaturalem
1469 1447 1789 1520 inclinat
1830 1468 1972 1519 na-

424 1566 795 1658 turaliter,
887 1565 1084 1640 sicut
1162 1565 1470 1639 habitus
1546 1562 1971 1660 acquisitus

425 1686 516 1759 ad
560 1693 812 1758 actum
857 1683 1000 1756 sibi
1055 1683 1743 1781 proportionatum,
1790 1703 1973 1777 quo-

421 1801 630 1896 niam
675 1800 983 1874 habitus
1026 1823 1177 1872 non
1221 1808 1334 1873 est
1376 1798 1593 1889 liber,
1639 1797 1769 1870 sed
1817 1806 1971 1869 tan-

423 1927 582 1991 tum
668 1917 1026 1990 voluntas
1054 1914 1099 2008 '3
1151 1914 1488 1988 habitus
1577 1913 1783 1986 enim
1868 1912 1969 1985 ita

422 2033 743 2109 inclinat
799 2057 933 2131 per
989 2033 1299 2106 modum
1345 2042 1642 2105 naturae
1698 2041 1972 2127 poten-

423 2151 602 2225 tiam
649 2151 724 2224 in
786 2150 1200 2247 obiectum,
1260 2148 1460 2223 sicut
1498 2147 1835 2244 gravitas
1868 2146 1973 2243 ip-

425 2292 593 2342 sum
652 2290 886 2362 grave
942 2267 1330 2341 deorsum.

92 2410 358 2461 Adliber-
524 2383 701 2458 ldeo
752 2383 1161 2457 dicendum
1223 2382 1314 2456 ad
1380 2381 1711 2472 tertium,
1762 2379 1965 2477 quod

64 2478 368 2587 ἷῗιζῖῗωῖἳῖ
423 2525 575 2574 non
642 2502 867 2593 valet,
932 2499 1111 2597 quia
1165 2498 1813 2596 quandocumque
1874 2497 1967 2571 ad

121 2599 341 2711 ’ζξθζξέ
422 2628 673 2692 actum
715 2640 952 2691 unum
991 2625 1463 2689 concurrunt
1504 2615 1678 2689 duae
1711 2638 1966 2689 causae

99 2724 363 2837 wstffif'*
423 2733 1021 2833 proportionatae
1081 2732 1551 2830 partiabileS,
1624 2731 1684 2806 si
1733 2754 1965 2806 causa

420 2851 867 2950 principalis
925 2851 1019 2925 sit
1082 2850 1349 2942 libera,
1413 2849 1489 2921 in
1553 2849 1774 2944 cujus
1829 2875 1963 2947 po-

417 2977 684 3044 testate
717 2976 828 3042 est
886 2968 1081 3041 actio
1123 2967 1467 3059 alterius,
1508 2976 1687 3039 tunc
1728 2989 1966 3062 quan·

415 3093 917 3182 tumcumque
978 3083 1431 3157 naturaliter
1490 3091 1755 3155 causat
1818 3081 1964 3153 mi-

414 3227 563 3276 nus
659 3201 1135 3301 principalis,
1226 3208 1600 3297 quantum
1677 3210 1790 3273 est
1871 3223 1962 3272 ex

412 3330 622 3419 parte
667 3320 815 3414 sui,
888 3319 1396 3393 nihilominus
1453 3318 1649 3393 actio
1703 3327 1815 3392 est
1884 3318 1963 3390 li-

412 3439 622 3528 bera,
656 3438 840 3536 quia
881 3438 1127 3534 primo
1162 3437 1256 3510 ad
1291 3436 1748 3529 libertatem,
1785 3458 1959 3532 quae

413 3557 658 3630 estad
702 3578 927 3652 agere
971 3563 1043 3629 et
1098 3578 1251 3627 non
1313 3577 1567 3648 agere,
1628 3551 1961 3649 requiri-

413 3680 538 3744 tur
585 3669 1119 3744 determinatio
1179 3668 1626 3766 principalis
1671 3691 1955 3759 causae,

417 3787 590 3862 licet
650 3812 799 3861 non
837 3787 1087 3884 quoad
1159 3785 1739 3859 inclinationem
1821 3808 1959 3858 na-

413 3906 768 3997 turalem,
824 3927 999 4001 quoe
1059 3913 1171 3977 est
1229 3903 1320 3977 ad
1370 3926 1596 3975 unam
1633 3911 1956 3999 partem,

416 4046 648 4120 quam
704 4021 1223 4096 conditionem
1287 4021 1513 4094 habet
1554 4043 1644 4094 ex
1690 4030 1961 4092 natura

415 4165 581 4234 sua,
629 4150 702 4215 et
754 4139 924 4215 ideo
985 4140 1078 4213 ad
1124 4139 1330 4212 illam
1394 4146 1684 4235 partem
1741 4136 1964 4211 habi-

415 4256 580 4331 litat
637 4255 1082 4355 potentiani.
1167 4253 1377 4328 Licet
1454 4253 1658 4327 enim
1719 4252 1957 4345 visuS‚

416 4382 792 4470 quantum
828 4380 941 4446 est
975 4371 1066 4445 de
1102 4379 1377 4444 natura
1423 4393 1589 4457 sua,
1636 4368 1965 4442 incline-

415 4499 539 4563 tur
597 4489 688 4564 ad
750 4498 1001 4581 actum
1058 4486 1369 4561 videndi
1410 4496 1734 4576 tantum,
1781 4486 1964 4584 quia

422 4608 567 4681 hoc
663 4606 838 4681 facit
926 4629 1017 4680 ex
1112 4604 1434 4701 imperio
1510 4603 1958 4695 voluntatiS,

416 4722 590 4798 ideo
625 4746 779 4795 non
821 4721 1082 4796 videre
1124 4731 1238 4796 est
1271 4720 1594 4795 liberum
1618 4747 1636 4812 ;
1674 4729 1961 4817 quanto

420 4840 654 4937 igitur
690 4838 930 4935 magis
998 4838 1224 4931 actiO,
1268 4838 1344 4911 in
1380 4860 1611 4935 quam
1647 4838 1964 4913 inclinat

421 4956 873 5031 naturaliter
932 4956 1057 5029 ille
1114 4956 1448 5048 habitus,
1513 4956 1643 5053 qui
1714 4965 1826 5031 est
1884 4956 1959 5028 in

423 5076 555 5151 illa
587 5075 927 5175 potentia
959 5075 1226 5163 libera,
1272 5076 1413 5149 erit
1446 5076 1712 5151 libera.

184 5223 288 5290 12,
524 5194 743 5281 Quod
782 5193 1102 5267 ulterius
1131 5194 1419 5284 dicunt,
1450 5193 1963 5290 scilicetquod

109 5337 182 5387 Aa
206 5352 367 5402 quar·
426 5311 736 5386 habitus
769 5321 879 5385 est
921 5311 1012 5384 ad
1077 5311 1631 5384 moderandum
1668 5311 1964 5410 passio-

106 5404 380 5514 ⁹022&ae
426 5450 591 5519 nes,
628 5450 803 5524 quae
838 5449 988 5499 non
1035 5436 1215 5500 sunt
1267 5425 1341 5498 in
1378 5428 1800 5519 voluntate,
1847 5426 1965 5498 di-

86 5532 203 5576 ⁸⁰⁰²
232 5528 284 5576 ⁵⁰
309 5541 398 5578 ‘⁰'
426 5544 758 5619 cendum
811 5544 1015 5641 quod
1063 5545 1204 5617 hoc
1273 5554 1385 5616 est
1437 5545 1734 5636 falsum,
1783 5542 1964 5640 quia

83 5585 280 5639 bintato
310 5595 363 5640 et

82 5652 342 5713 q⁰⁰⁰³⁰d⁰
370 5655 395 5701 ‘²
426 5661 762 5758 gaudere
795 5669 868 5735 et
895 5660 1199 5752 tristari,
1237 5683 1414 5757 quae
1446 5672 1626 5734 sunt
1668 5659 1964 5758 passio-

3494 453 3622 521 515

2081 652 2247 722 neS,
2287 628 2361 701 in
2404 629 2799 702 voluntate
2855 626 3387 717 inveniuntur,
3437 626 3622 721 quia

2078 745 2504 819 secundum
2567 736 3086 841 ,augustinum
3161 744 3274 816 14.
3326 742 3417 817 de
3457 741 3617 813 Tri-

2077 862 2213 934 nit.
2254 886 2419 960 cap.
2459 863 2528 933 5.
2577 873 2648 936 et
2707 863 2777 935 6.
2841 863 3254 937 Passiones
3309 868 3486 935 smel
3535 861 3617 932 in

2075 980 2490 1066 voluntate,
2528 988 2611 1054 ut
2648 981 3010 1077 yaudere,
3070 987 3145 1055 et
3206 981 3504 1054 tristari
3549 983 3623 1051 et

2076 1099 2383 1189 tirncr63
2433 1098 2583 1169 imo
2653 1100 2998 1172 naturale
3073 1107 3187 1172 est
3245 1094 3615 1169 voluntati

2077 1212 2434 1287 delectari
2481 1214 2595 1286 vel
2634 1213 2944 1305 tristari,
2994 1213 3165 1286 licet
3218 1212 3619 1310 passiones

2077 1330 2245 1424 ejus
2280 1354 2429 1403 non
2458 1330 2611 1404 sint
2643 1355 2815 1405 cum
2851 1330 3300 1406 alteratione
3347 1353 3619 1426 corpo-

2076 1448 2242 1534 rali,
2295 1459 2375 1522 ut
2405 1460 2584 1523 sunt
2615 1450 2690 1522 in
2730 1450 3066 1548 appetitu
3113 1449 3508 1543 sensitivo,
3546 1462 3621 1525 et

2076 1565 2248 1639 ideo
2288 1590 2434 1638 non
2483 1576 2803 1663 possunt
2860 1567 3255 1663 passiones
3304 1567 3471 1663 ejus
3521 1567 3620 1641 fa·

2076 1682 2323 1756 ciliter
2354 1682 2709 1757 discerni.

2179 1798 2395 1873 Unde
2428 1800 2787 1873 voluntas
2841 1823 3082 1897 prona
3137 1810 3249 1873 est
3304 1801 3395 1873 ad
3446 1824 3618 1874 con-

2076 1915 2611 1989 delectandum
2646 1917 3014 2015 appetitui
3049 1917 3441 1991 sensitiva
3472 1917 3617 1990 Ali-

2079 2041 2191 2105 ter
2223 2032 2425 2106 enim
2464 2043 2858 2130 peccatum
2894 2033 3193 2108 veniale
3230 2059 3378 2108 non
3416 2045 3617 2110 esset

2075 2172 2168 2222 ex
2203 2162 2408 2224 motu
2445 2151 2884 2248 surreptitio
2917 2151 3138 2248 primi
3181 2162 3456 2245 motus,
3480 2151 3612 2249 qui

2075 2268 2565 2365 praeveniunt
2595 2269 3226 2343 deliberationem
3265 2270 3603 2355 rationiS,

2075 2406 2252 2480 quae
2285 2395 2465 2458 sunt
2504 2384 2841 2460 venialia
2864 2395 3172 2483 peccata
3213 2386 3290 2459 in
3334 2388 3614 2459 volun-

2075 2509 2252 2593 tate,
2299 2500 2480 2597 quia
2523 2501 3066 2576 delectationes
3108 2502 3382 2577 subitae
3441 2526 3617 2576 cau-

2074 2627 2343 2692 santur
2415 2616 2850 2691 immediate
2939 2641 3028 2692 ex
3125 2619 3615 2716 passionibus

2073 2733 2607 2808 consimilibus
2658 2734 2736 2806 in
2815 2735 3155 2832 appetitu
3220 2734 3606 2829 inferiori3

2070 2850 2243 2924 ideo
2273 2873 2362 2924 ex
2395 2850 2745 2948 opposito
2801 2850 3044 2947 magis
3092 2861 3348 2949 posset
3391 2852 3610 2949 argui

2070 2966 2275 3063 quod
2310 2965 2384 3038 in
2421 2990 2512 3041 ea
2550 2979 2807 3042 essent
2839 2967 3218 3066 ponendae
3259 2968 3607 3062 virtuteS,

2068 3107 2157 3158 ex
2191 3106 2345 3182 quo
2387 3093 2634 3183 potest
2667 3084 2947 3160 habere
2982 3086 3380 3184 passiones
3412 3085 3612 3160 inor-

2065 3203 2391 3277 dinatas.

2164 3322 2381 3414 Item,
2414 3321 2736 3396 virtutes
2769 3321 3146 3396 inclinant
3176 3323 3251 3395 in
3297 3331 3606 3398 contra-

3757 3321 3865 3391 13.

2067 3436 2264 3509 rium
2311 3436 2503 3532 ejus,
2541 3437 2635 3510 ad
2682 3437 2887 3533 quod
2922 3437 3298 3512 inclinant
3354 3439 3607 3516 delec—
3639 3433 3818 3482 virtus
3846 3446 3956 3483 ‘¹³⁰‘

3683 3495 3921 3545 derativa

2063 3551 2399 3626 tabiliter
2432 3551 2855 3649 passiones.
2893 3551 2971 3626 Si
3028 3553 3261 3648 igitur
3303 3554 3607 3631 videtur
3639 3557 3953 3621 passionum

2068 3667 2622 3742 rationabiliter
2673 3667 2996 3745 virtutes
3032 3694 3253 3768 posse
3296 3671 3479 3769 poni
3527 3673 3601 3746 in

2066 3788 2411 3882 subjecto
2465 3787 2944 3883 passionum,
3010 3787 3112 3863 ita
3192 3790 3396 3886 quod
3466 3792 3608 3864 ha-

2067 3907 2259 3981 bens
2291 3913 2541 3978 actum
2588 3904 2788 3978 circa
2838 3905 3009 3978 illas
3072 3907 3598 3995 moderandaS‚

2068 4047 2243 4098 cum
2316 4020 2576 4113 insint,
2639 4020 2820 4117 quia
2887 4022 3082 4095 actio
3134 4023 3440 4098 virtutis
3499 4035 3614 4099 est

2068 4137 2542 4214 delectabilis
2584 4160 2672 4211 ex
2706 4140 2851 4211 hoc
2885 4140 3089 4236 quod
3143 4150 3257 4214 est
3320 4141 3615 4216 virtuo-

2069 4255 2370 4348 siors'et
2429 4253 2623 4327 actio
2692 4263 3039 4351 respectu
3138 4256 3414 4352 objecti
3499 4269 3615 4333 est

2068 4371 2516 4463 tristabilis;
2578 4371 3050 4469 impossibile
3151 4383 3266 4447 est
3352 4386 3609 4450 autem

2070 4490 2274 4591 quod
2309 4488 2575 4564 eadem
2651 4488 2988 4584 potentia
3041 4489 3316 4564 habeat
3378 4491 3609 4566 simul

2070 4606 2651 4682 delectationem
2725 4605 3216 4699 contrariam,
3275 4630 3451 4704 quae
3498 4620 3612 4683 est

2071 4750 2160 4801 ex
2195 4735 2362 4800 actu
2401 4723 2728 4810 virtutiS‚
2780 4716 3247 4797 moderando
3290 4727 3406 4799 vel
3463 4725 3612 4798 im-

2070 4843 2478 4942 pediendo,
2527 4841 2709 4938 quia
2749 4851 2931 4915 tunc
2972 4842 3481 4918 delectaretur
3539 4855 3613 4920 et

2071 4959 2529 5049 tristaretur,
2576 4956 2756 5053 quia
2800 4957 3235 5032 necessario
3286 4960 3609 5034 alterum

2072 5075 2588 5149 contristatur.

2171 5196 2263 5267 Et
2292 5192 2462 5266 ideo
2505 5190 2956 5265 rationabile
2990 5201 3104 5265 est
3133 5192 3340 5288 quod
3374 5192 3617 5267 virtus

2072 5310 2444 5384 cohibens
2549 5306 3108 5381 delectabiliter
3217 5307 3615 5404 passiones

2072 5424 2662 5502 delectationum
2699 5421 3307 5496 inordinatarum
3340 5422 3414 5494 iu
3440 5447 3616 5498 sen-

2074 5566 2193 5632 su,
2236 5547 2588 5636 ponatur,
2635 5536 2707 5608 in
2782 5535 2930 5609 alia
2990 5535 3353 5632 potentia,
3392 5535 3613 5632 cujus

2074 5668 2191 5733 est
2249 5654 2610 5732 delectari
2651 5653 2729 5728 in
2772 5654 3000 5740 bono,
3049 5655 3340 5728 ratione
3392 5655 3615 5752 cujus

3642 3621 3959 3685 ponendnin

3643 3684 3932 3736 voluntate.
