4295 6326
465 1216 531 1282 1.

676 452 807 520 290

753 626 862 679 art.
898 637 936 677 1.
968 636 1020 692 q.
1054 621 1106 675 2.
1144 617 1472 675 Richardus
1502 620 1609 671 art.
1638 618 1691 671 2.
1715 632 1766 688 q.
1798 615 1852 669 3.
1886 612 2146 669 Durand.
2171 629 2224 683 q.

752 696 806 751 3.
840 690 1069 749 Gabriel
1098 708 1148 761 q.
1179 692 1230 745 4.
1265 695 1371 745 art.
1404 690 1460 744 3.
1505 687 1648 743 Alm.
1692 704 1742 758 q.
1798 685 1883 741 11.
1936 683 2229 740 Mamilius

755 783 805 837 q.
851 782 891 820 ι.
925 764 992 819 Hi
1040 762 1309 818 videntur
1359 776 1567 830 negare
1625 758 2108 829 compositionem
2167 756 2227 810 in

738 838 987 894 vChristo
1019 834 1270 907 proprie.
1306 833 1515 888 Suarez
1544 831 1597 887 3.
1630 846 1683 901 ρ.
1736 834 1864 885 tom.
1913 846 1951 883 1.
1992 828 2132 899 disp.
2170 831 2223 884 7.

755 912 883 965 sect.
909 908 962 965 4.
997 911 1046 963 et
1076 905 1130 962 d.
1163 907 1217 961 8.
1246 909 1374 960 sect.
1411 921 1448 959 1.
1482 902 1658 974 Vasq.
1691 900 1832 972 disp.
1874 902 1954 956 to.
1990 899 2227 973 opposi-

755 986 883 1038 tum
911 980 1182 1054 probant.
1215 978 1415 1033 Scotue
1447 976 1506 1031 in
1535 978 1715 1035 oxon.
1750 973 1860 1031 liic.

789 1188 1178 1278 Quaeritur
1208 1186 1430 1262 tertio
1492 1186 1584 1261 de
1637 1185 1881 1260 tribus
1923 1184 2230 1283 opinio-

338 1334 383 1383 1.
415 1329 623 1396 Opinio.
691 1306 1031 1382 nibusiu
1067 1305 1342 1394 littera,
1390 1327 1565 1402 quae
1643 1303 1739 1378 sit
1791 1302 2120 1377 tenenda
2149 1301 2225 1374 in

363 2633 625 2686 Secunda.

690 1425 947 1499 Verbo
1025 1432 1465 1498 assumente
1534 1430 1888 1495 naturam
1949 1421 2232 1493 huma-

690 1564 901 1614 nam.
939 1538 1216 1638 Opinio
1245 1537 1601 1635 quaedam
1635 1537 1851 1634 ponit
1891 1536 2094 1633 quod
2137 1559 2231 1609 ex

688 1656 948 1731 anima
1006 1664 1080 1730 et
1119 1677 1436 1753 corpore
1480 1652 1972 1727 constituitur
2054 1652 2231 1750 qui-

686 1775 862 1849 dam
922 1775 1181 1866 homo,
1218 1781 1291 1845 et
1365 1793 1516 1844 non
1565 1769 1954 1844 concurrit
2011 1768 2233 1843 tertia

685 1900 988 1981 natura.
1037 1887 1421 1981 Secunde,
1460 1887 1664 1985 quod
1717 1886 1855 1960 iste
1915 1885 2229 1985 quidam

689 2010 919 2083 homo
994 2005 1420 2085 assumitur
1501 2028 1545 2079 a
1601 2004 1883 2079 Verbo.
1946 2003 2224 2095 TertiO,

686 2124 898 2223 quod
922 2134 1234 2222 propter
1254 2122 1665 2198 maximam
1702 2123 2067 2197 unitatem
2103 2145 2231 2196 as·-

686 2242 1150 2342 sumptionis
1213 2264 1483 2315 verum
1544 2249 1657 2313 est
1739 2239 2018 2331 dicere,
2083 2240 2229 2314 hoc

685 2368 799 2433 est
859 2360 1030 2432 hoc.
1071 2359 1160 2432 Et
1192 2365 1464 2454 quarto
1516 2354 1865 2451 sequitur
1904 2377 1996 2429 ex
2051 2357 2225 2449 hoe,

685 2475 893 2573 quod
934 2474 1288 2548 Christus
1330 2482 1445 2546 est
1483 2472 1664 2546 duo,

783 2592 1141 2667 Secunda
1199 2589 1461 2687 opinio
1522 2588 1738 2686 ponit
1799 2588 2227 2662 contradic-

582 2785 588 2789 .
679 2709 956 2784 toriain
992 2709 1293 2807 primae.
1332 2707 1423 2779 Et
1491 2706 1570 2778 in
1621 2707 1766 2780 hoc
1808 2705 2012 2802 quod
2046 2704 2228 2778 dicit

401 4612 592 4663 Tertia.
687 4651 688 4656 η

60 4959 514 4982 ψω-’Μῌ
543 4971 550 4972 ff

681 2828 886 2925 quod
919 2850 1012 2903 ex
1051 2825 1309 2900 anima
1350 2833 1423 2898 et
1453 2847 1770 2922 corpore
1823 2822 2228 2898 constitui-

678 2957 809 3023 tur
862 2945 1178 3044 quidam
1234 2945 1491 3031 homo,
1563 2951 1636 3017 et
1702 2942 1778 3016 in
1841 2944 1987 3016 hoc
2020 2940 2224 3038 quod

681 3068 828 3141 ista
859 3063 1076 3163 ponit
1108 3061 1314 3160 quod
1379 3060 1638 3137 anima
1678 3070 1750 3135 et
1799 3084 2079 3159 corpus
2156 3067 2228 3133 et

681 3185 908 3260 tertia
966 3191 1244 3255 natura
1304 3188 1778 3253 concurrunt
1844 3179 1940 3254 ad
1995 3202 2225 3252 unam

684 3323 1124 3401 personam.
1191 3297 1558 3372 Similiter
1602 3296 1783 3370 dicit
1837 3297 2042 3394 quod
2086 3297 2230 3370 ista

688 3416 978 3493 faciunt
1020 3436 1428 3513 personam
1479 3413 2008 3510 compositam,
2053 3435 2228 3509 quae

686 3545 865 3610 ante
924 3530 1532 3607 incarnationem
1590 3529 1730 3603 fuit
1771 3529 2118 3627 simplex,
2158 3538 2231 3604 et

686 3661 859 3752 post
907 3648 1516 3725 incarnationem
1569 3646 1707 3720 fuit
1775 3645 2225 3743 composita,

685 3779 759 3845 et
792 3768 920 3843 isti
978 3767 1263 3840 habent
1310 3765 1563 3840 dicere
1598 3764 1802 3861 quod
1851 3787 2002 3837 una
2053 3788 2229 3860 per-

685 3907 878 3960 sona
951 3905 1108 3956 non
1169 3891 1284 3955 est
1341 3878 1518 3973 alia,
1565 3879 1696 3953 sed
1752 3877 2097 3953 subsistit
2147 3878 2226 3951 in

685 4002 862 4093 alia,
897 4008 971 4073 et
1009 4022 1165 4070 non
1222 3996 1444 4070 debet
1498 3995 1679 4069 dicit
1732 4018 2063 4093 persona
2111 3994 2232 4067 di-

683 4118 867 4191 vina
907 4116 1103 4189 facta
1171 4112 1548 4206 absolute,
1613 4111 1796 4209 quia
1855 4134 2009 4184 non
2078 4111 2223 4185 nisi

686 4259 860 4310 cuin
932 4231 1601 4323 determinatione,
1661 4230 1812 4304 sic:
1905 4229 2228 4305 Verbum

685 4350 978 4450 factum
1022 4354 1131 4422 esc
1167 4370 1341 4420 caro
1383 4348 1505 4420 vel
1545 4346 1795 4434 Immo,
1833 4355 1906 4420 et
1965 4345 2228 4420 dicunt

692 4466 897 4564 quod
939 4464 1289 4538 Christus
1331 4473 1442 4536 cst
1488 4486 1723 4537 unuin
1769 4462 1977 4560 quid.

786 4583 1036 4658 Tertia
1127 4580 1388 4678 opinio
1450 4579 1902 4654 contradicit
1959 4579 2227 4677 primae

692 4702 770 4774 in
808 4702 978 4793 hoe,
1017 4697 1221 4796 quod
1265 4706 1491 4792 negat
1534 4697 1924 4770 hominem
1971 4718 2230 4794 quem-

690 4821 918 4906 dam;
985 4826 1214 4914 negat
1283 4817 1510 4890 etiam
1589 4814 2005 4889 secundam
2075 4813 2231 4910 opi-

689 4938 1002 5012 nionem
1036 4936 1109 5009 in
1148 4938 1291 5009 hoc
1324 4933 1528 5031 quod
1562 4932 1742 5006 dicit
1781 4931 2068 5029 aliquid
2103 4955 2228 5006 es-

688 5082 768 5133 se
803 5056 1309 5153 compositum
1335 5077 1426 5127 ex
1459 5052 1606 5145 his,
1646 5051 1826 5150 quia
1865 5052 2008 5125 ista
2039 5076 2228 5150 prae·

687 5175 1010 5249 dicatio:
1055 5171 1401 5246 Cleri-scus
1429 5176 1538 5243 esc
1584 5168 1806 5242 homo
1862 5170 1982 5242 vel
2043 5169 2227 5243 Ver-

688 5292 896 5386 bum,
959 5292 1207 5364 solum
1269 5297 1383 5360 est
1441 5284 1879 5377 habitualis,
1951 5295 2023 5358 ct
2063 5309 2219 5359 non

690 5410 1075 5503 formalis3
1129 5406 1330 5515 u‘nde
1391 5404 1737 5477 Christus
1783 5411 1896 5476 est
1962 5404 2220 5496 homo,

688 5529 1113 5606 secundum
1160 5524 1532 5598 habitum.
1567 5522 1675 5595 Ad
1714 5524 1851 5594 lioc
1889 5532 2000 5596 est
2039 5546 2226 5596 auc-

683 5647 949 5722 toritas
990 5641 1359 5744 Apostoli,
1414 5639 1506 5714 ad
1559 5639 1888 5742 Philipp.
1941 5640 2006 5712 1.
2059 5639 2228 5713 Ha-

2094 437 2337 507 LIBRI
2383 437 2506 507 111.

2333 610 2494 686 bita
2535 612 2886 687 inventus
2903 617 2989 684 ut
3005 610 3255 685 homo,
3286 611 3377 683 Et
3401 603 3880 703 Augustinus

2336 729 2466 804 lib.
2505 729 2626 802 83.
2676 753 2794 827 qq.
2834 728 2952 803 63.

2886 1017 3249 1075 SCHOLIUM
3290 1021 3333 1075 1.

2405 1171 2676 1228 Ostendit
2704 1172 2915 1245 prim0,
2948 1175 3151 1227 contra
3185 1170 3410 1227 tertiam
3443 1170 3881 1241 opinionem,ex

2333 1260 2531 1317 anima
2559 1264 2617 1317 et
2654 1277 2893 1333 corpore
2933 1259 3143 1316 Christi
3190 1259 3417 1314 factum
3466 1258 3644 1315 fuisse
3694 1274 3878 1314 unum

2336 1363 2438 1419 per
2467 1365 2548 1417 se,
2580 1346 2844 1420 alioquin
2878 1346 2938 1401 in
2969 1345 3167 1402 triduo
3208 1344 3415 1401 suisset
3446 1344 3635 1415 homo,
3688 1348 3748 1401 et
3776 1361 3880 1400 na·

2336 1446 2463 1494 tura
2514 1438 2774 1494 humana
2831 1438 2890 1492 in
2935 1436 3167 1493 Christo
3219 1434 3425 1492 fuisset
3482 1433 3882 1507 imperfectior

2337 1544 2510 1601 quam
2544 1530 2600 1583 in
2640 1527 2791 1584 aliis.
2853 1526 3142 1596 Secundo,
3197 1540 3322 1582 esse
3381 1540 3637 1581 errorem
3694 1524 3884 1582 dicere

2335 1621 2487 1691 quod
2518 1618 2785 1676 Christus
2815 1618 3137 1675 secundum
3179 1616 3334 1688 quod
3387 1616 3582 1685 bomo,
3638 1632 3752 1672 non
3796 1622 3883 1671 est

2336 1709 2579 1781 aliquid.
2614 1709 2833 1775 Terti0,
2863 1707 3067 1763 falsum
3100 1722 3229 1763 esse
3260 1706 3412 1777 quod
3448 1705 3569 1762 haec
3600 1709 3688 1762 est
3730 1720 3875 1776 prae·

2336 1800 2549 1857 dicatio
2580 1798 2903 1855 secundum
2935 1797 3198 1854 habitum
3236 1813 3249 1851 :
3285 1795 3535 1852 Christus
3566 1802 3645 1853 est
3697 1796 3880 1866 homo,

2336 1887 2471 1959 quia
2505 1886 2664 1942 nulla
2710 1885 3040 1943 substantia
3088 1884 3173 1941 sic
3221 1884 3588 1956 praedicatur.
3641 1885 3879 1952 Quarto,

2336 1985 2536 2033 contra
2566 1974 2815 2049 primam
2849 1973 3182 2047 opinionem
3217 1975 3403 2039 docet,
3436 1972 3729 2029 hominem
3763 1988 3879 2028 non

2335 2066 2579 2138 assumi,
2611 2066 2749 2138 quia
2779 2052 3033 2123 includit*
3056 2063 3551 2136 personalitatem,
3595 2066 3652 2119 et
3705 2061 3882 2135 expli·

2334 2162 2431 2216 cat
2462 2157 2832 2216 auctoritates
2864 2156 2921 2213 in
2957 2155 3313 2230 oppositum.

2434 2360 2582 2435 Sed
2628 2359 2846 2435 tertia
2905 2357 3165 2456 opinio
3215 2366 3330 2431 est
3383 2356 3878 2431 irrationabi-
4044 2381 4117 2445 2,

2334 2478 2453 2571 lis,
2500 2476 2682 2576 quia
2708 2476 2771 2550 si
2812 2499 2904 2550 ex
2948 2474 3207 2548 anima
3237 2483 3311 2547 et
3340 2497 3658 2571 corpore
3718 2497 3873 2547 non
3902 2494 4264 2608 3:322.-

2334 2595 2419 2669 fit
2458 2594 2965 2669 essentialiter
3013 2615 3280 2686 unum,
3333 2592 3566 2689 igitur
3607 2615 3874 2689 sequa·
3903 2633 4187 2684 porenon
4207 2622 4268 2672 fit

2331 2712 2504 2787 liter
2561 2711 2700 2783 fuit
2756 2709 3103 2783 Christus
3160 2710 3391 2781 homo
3461 2708 3536 2781 in
3624 2709 3874 2783 triduo
3962 2696 4239 2797 gffifflsss

2336 2828 2629 2923 mortis,
2685 2827 2883 2901 sicut
2949 2834 3122 2900 ante
3178 2837 3252 2900 et
3327 2835 3524 2923 post,
3575 2825 3757 2922 quia
3814 2826 3876 2900 si
3909 2807 4233 2923 ¹¹5¹},²,¹,¹,?,¹}‚¹3

2334 2969 2490 3020 non
2561 2946 2734 3044 plus
2814 2942 3230 3040 requiritur
3295 2943 3388 3016 ad
3460 2944 3603 3017 hoc
3672 2942 3876 3040 quod
3958 2936 4196 2988 morus.

2334 3061 2683 3137 Christus
2738 3059 2833 3135 sit
2893 3061 3152 3152 homo,
3200 3058 3348 3132 nisi
3393 3060 3577 3133 unio
3646 3058 3878 3133 Verbi

2337 3182 2428 3256 ad
2463 3180 2799 3255 animam
2833 3185 2907 3252 et
2960 3200 3268 3275 corpuS,
3321 3200 3497 3251 curn
3538 3176 3878 3270 Verbum

2337 3298 2481 3371 ista
2558 3317 2961 3392 nunquam
3060 3293 3629 3390 dereliquisset,
3712 3302 3882 3390 post

2337 3413 2946 3511 assumptionem
3041 3433 3347 3508 semper
3430 3419 3631 3485 esset
3705 3419 3877 3483 actu

2338 3534 2598 3606 homo,

2436 3648 2652 3743 Item,
2710 3646 2971 3721 anima
3052 3654 3230 3719 nata
3313 3651 3428 3718 est
3513 3642 3880 3741 perficere

2336 3790 2645 3863 corpuS,
2699 3773 2773 3840 ct
2835 3786 3116 3860 corpus
3181 3770 3446 3835 natum
3489 3758 3754 3857 perfici
3787 3759 3882 3833 ab

2338 3883 2593 3957 anima
2624 3910 2643 3976 3
2675 3879 2910 3977 igitur
2955 3901 3105 3951 non
3162 3875 3674 3952 remanebunt
3704 3899 3883 3974 per-

2337 4009 2571 4097 petuo
2614 4006 2993 4096 separata.

2437 4118 2652 4209 Item,
2711 4123 2985 4188 natura
3045 4113 3386 4186 humana
3435 4111 3512 4183 in
3578 4109 3876 4185 Christo

2338 4244 2538 4310 esset
2588 4231 3103 4331 imperfectior
3162 4253 3393 4328 quam
3443 4229 3521 4302 in
3566 4229 3715 4304 alio
3749 4232 3879 4303 ho-

2344 4354 2574 4438 mine,
2622 4352 2805 4449 quia
2846 4351 2923 4423 in
2961 4350 3108 4423 alio
3175 4347 3488 4422 homine
3557 4371 3706 4420 non
3753 4371 3879 4422 so-

2340 4471 2496 4543 lum
2558 4478 2737 4543 sunt
2787 4454 3070 4565 partes,
3127 4464 3256 4539 sed
3311 4487 3403 4539 ex
3437 4462 3587 4537 illis
3620 4463 3704 4536 fit
3745 4489 3880 4562 per

2340 4611 2420 4662 se
2461 4609 2729 4660 unum.

2437 4705 2652 4796 Item,
2698 4700 2902 4800 quod
2943 4699 3210 4774 ultimo
3239 4699 3546 4792 dicitur,
3591 4699 3882 4773 scilicet

2340 4819 2543 4919 quod
2574 4817 2923 4892 Christus
2992 4815 3417 4890 secuudum
3463 4815 3666 4912 quod
3737 4816 3878 4888 ho-

2343 4961 2491 5020 mo,
2536 4958 2689 5008 non
2725 4943 2838 5008 est
2869 4931 3187 5030 aliquid,
3242 4940 3356 5005 est
3402 4939 3641 5019 error,
3705 4931 3880 5003 Ea:-

2337 5060 2456 5127 tra
2486 5051 2578 5125 cle
2603 5050 3011 5143 haeretici-5,
3048 5073 3111 5122 c.
3172 5047 3365 5121 Cum
3404 5046 3773 5122 Christus.

2435 5171 2650 5260 Item,
2711 5167 3132 5244 substantia
3205 5190 3358 5239 non
3414 5164 3877 5264 preadicatur
3954 5171 4229 5229 Christus

2338 5289 2761 5365 secundum
2824 5286 3200 5372 habitum,
3276 5283 3457 5381 quia
3515 5285 3875 5382 impossi—
3906 5236 4233 5354 ³330&

2337 5408 2487 5487 bile
2522 5416 2631 5481 est
2676 5404 2881 5503 quod
2927 5403 3114 5476 illud
3151 5401 3355 5499 quod
3416 5411 3530 5477 est
3571 5402 3751 5500 quid
3793 5404 3868 5476 in
3915 5364 4262 5481 ffifftffaaffs‘).

2336 5548 2447 5615 se,
2484 5545 2637 5594 non
2680 5519 3043 5618 prmdicet
3095 5517 3307 5614 quid,
3363 5518 3453 5592 de
3496 5541 3874 5615 quocum-

2338 5661 2487 5737 que
2550 5637 3036 5735 praedicetur,
3107 5633 3243 5708 etsi
3310 5657 3460 5708 non
3523 5633 3600 5706 in
3657 5635 3870 5732 quid,

3696 5883 3705 5898 s

3668 5913 3685 5934 Λ

3642 5939 3663 5980 f

3606 5983 3641 6030 f
