4295 6326
1423 512 1649 580 DIST.
1704 514 1925 581 XXX.
1983 514 2400 593 QUAESTIO
2452 518 2687 589 UNIC.

444 689 773 763 cendum
841 699 1065 781 esset,
1148 691 1353 788 quod
1423 715 1575 764 non
1673 689 1986 765 deberet

444 806 641 879 velle
675 806 1176 880 alicuiDeum
1224 806 1614 893 absolute,
1673 806 1805 881 sed
1838 807 1982 881 sub

442 922 909 1011 conditione,
955 923 1018 996 si
1066 947 1216 997 non
1281 923 1634 1021 displicet
1694 923 1854 997 Deo
1901 947 1982 998 se

442 1043 1016 1129 communicare
1050 1043 1221 1131 sibi,
1274 1053 1346 1118 et
1400 1043 1508 1117 sic
1538 1067 1689 1116 non
1753 1043 1985 1118 debe-

444 1182 614 1232 mus
656 1160 1003 1234 absolute
1048 1160 1242 1234 velle
1275 1161 1396 1234 vel
1423 1161 1624 1234 nolle
1669 1159 1981 1232 inimico

441 1273 597 1359 illa,
658 1275 790 1376 sed
830 1284 1239 1372 utrumque
1299 1276 1443 1349 sub
1502 1275 1645 1349 ista
1714 1275 1984 1349 condi-

438 1392 674 1480 tione,
726 1392 787 1466 si
845 1393 1054 1468 Deus
1097 1394 1239 1467 hoc
1318 1402 1683 1491 acceptet,
1748 1392 1985 1467 debe-

444 1533 611 1584 mus
643 1511 840 1585 velle
877 1537 894 1598 ;
933 1511 999 1585 si
1047 1535 1230 1600 non,
1269 1536 1417 1585 non
1481 1511 1851 1586 debemus
1890 1534 1983 1584 ex

439 1626 806 1701 charitate
872 1629 1102 1715 velle,
1155 1636 1237 1701 ut
1285 1627 1495 1701 Deus
1554 1634 1982 1724 acceptaret

436 1765 643 1828 eum,
693 1742 822 1817 sed
885 1767 977 1817 ex
1032 1743 1454 1818 abundanti
1519 1745 1662 1817 hoc
1725 1766 1973 1817 orare.

434 1858 981 1934 Verumtamen
1027 1860 1441 1958 aliquando
1512 1870 1811 1958 oportet
1842 1862 1981 1934 ha-

434 1977 614 2052 bere
657 1977 961 2074 aliquos
1001 1986 1217 2052 actus
1245 1977 1541 2052 elicitos
1574 1976 1978 2051 interiores

435 2102 509 2168 et
561 2094 979 2169 exteriores
1046 2095 1493 2169 ordinantes
1552 2093 1847 2191 justum
1883 2092 1977 2166 ad

435 2209 914 2309 diligendum
984 2213 1259 2300 Deum,
1299 2211 1360 2287 si
1395 2213 1644 2287 habeo
1713 2234 1975 2286 curam

432 2328 629 2424 ejuS,
667 2329 797 2403 sed
836 2329 900 2401 si
948 2353 1129 2416 non,
1177 2353 1331 2402 non
1389 2338 1678 2403 teneor.
1738 2329 1976 2402 Aliter

433 2451 825 2519 teneretur
865 2444 975 2518 ire
1022 2444 1472 2542 praedicare,
1511 2446 1654 2517 hoc
1717 2454 1978 2518 tamen

436 2582 588 2632 non
649 2568 973 2658 oportet,
1031 2560 1215 2658 quia
1270 2558 1426 2634 scio
1477 2559 1704 2662 aliam
1777 2558 1980 2633 viam

433 2676 907 2774 possibilem,
979 2677 1151 2752 ideo
1203 2701 1358 2751 non
1430 2687 1697 2752 teneor
1753 2677 1982 2750 abso-

435 2795 593 2869 lute
652 2794 797 2869 sibi
868 2804 1040 2869 actu
1106 2794 1477 2885 interiori,
1545 2818 1687 2869 nec
1766 2804 1979 2870 exte·-

438 2912 645 2987 riori.
695 2912 842 2987 Ubi
880 2937 1060 2988 vero
1123 2915 1266 2987 hoc
1300 2938 1452 2988 non
1532 2924 1789 3012 posset
1811 2912 1976 2989 fieri

436 3031 585 3106 nisi
621 3054 755 3128 per
805 3055 952 3120 me,
993 3056 1145 3106 non
1218 3055 1533 3128 possum
1588 3032 1754 3106 sine
1810 3055 1981 3129 pec-

439 3159 604 3225 cato
629 3151 1080 3227 subtrahere
1122 3175 1243 3226 me
1286 3150 1458 3239 sibi,
1510 3148 1635 3224 ubi
1691 3150 1975 3226 incum-

440 3267 551 3342 bit
583 3268 770 3341 mihi
806 3293 1016 3343 cura.

538 3385 896 3460 Secundo
930 3387 1180 3484 quoad
1215 3387 1366 3462 alia
1421 3389 1649 3480 bona,
1697 3397 1771 3462 et
1821 3387 1981 3486 pri-

445 3521 566 3571 mo
628 3500 879 3596 quoad
963 3498 1115 3573 duo
1196 3500 1489 3590 ultima.
1566 3500 1975 3575 dicendum

442 3616 648 3713 quod
689 3615 1012 3714 positive
1046 3615 1434 3712 diligendo
1497 3640 1673 3690 eum
1718 3625 1790 3692 et
1822 3617 1979 3715 pri-

72 3728 376 3841 nxffieopffi·
437 3730 688 3805 vative
720 3754 1124 3828 possemus
1164 3730 1235 3805 ei
1266 3733 1462 3806 velle
1531 3732 1676 3807 ista
1743 3733 1973 3827 bona,

51 3855 380 3918 expeditei.
438 3848 726 3924 scilicet
832 3849 1445 3948 temperantiam,
1533 3850 1970 3945 sanitatem,

432 3966 805 4063 vigorem,
877 3975 1019 4042 etc.
1093 3967 1415 4066 positive
1472 3967 1778 4064 quidem
1840 3992 1974 4042 vo·

431 4084 658 4158 lendo
727 4108 903 4159 eum
974 4085 1316 4161 converti
1376 4085 1469 4159 ad
1539 4085 1854 4172 bonum,
1902 4095 1976 4160 et

429 4201 850 4275 emendari.
889 4201 967 4276 Si
1048 4211 1300 4276 autem
1361 4201 1523 4276 istis
1565 4211 1823 4276 utatur
1894 4211 1975 4276 ut

426 4318 520 4392 ad
562 4318 1010 4393 exercitium
1067 4319 1376 4394 malitiae
1429 4343 1618 4412 suae,
1654 4343 1968 4417 possum

423 4434 491 4509 ei
536 4437 739 4511 nolle
784 4436 941 4526 illa,
978 4435 1139 4510 sive
1195 4437 1421 4529 velle,
1488 4446 1570 4510 ut
1627 4439 1974 4512 auferan-

422 4561 571 4645 tur,
619 4551 800 4650 quia
841 4553 950 4626 sic
986 4552 1233 4649 majus
1287 4553 1572 4626 bonum
1618 4554 1793 4626 volo
1836 4551 1903 4627 ei
1947 4583 1962 4643 ;

421 4667 772 4743 similiter
856 4669 1279 4766 privative,
1366 4669 1695 4744 nolendo
1786 4693 1961 4744 eum

420 4787 594 4883 plus
666 4788 861 4861 male
940 4787 1076 4874 uti,
1150 4785 1312 4861 sive
1393 4786 1724 4861 nolendo
1784 4810 1961 4861 eum

420 4902 642 4999 plura
679 4903 877 4977 mala
910 4902 1418 5000 multiplicare
1447 4903 1539 4976 ad
1594 4901 1957 5000 majorem

420 5018 994 5093 damnationem
1039 5043 1284 5095 suam.

76 3411 249 3461 Bona
265 3423 381 3461 cor·

120 3475 281 3538 poris
303 3478 356 3525 et

105 3543 365 3598 externa,

78 3616 390 3667 poscumus

150 3665 302 3715 velle
336 3669 389 3717 et

953 5326 1319 5383 SCHOLIUM
1356 5328 1425 5382 ΙΙ.

486 5481 607 5535 Non
643 5479 772 5535 licet
806 5477 952 5534 velle
983 5482 1225 5533 mortem
1260 5475 1517 5545 inimice,
1545 5481 1645 5531 aut
1667 5476 1957 5547 peccatori

414 5567 683 5624 absolute
713 5567 875 5640 (quia
906 5566 1012 5622 hoc
1044 5568 1199 5621 esset
1243 5562 1389 5620 velle
1444 5579 1578 5620 eum
1640 5564 1953 5635 damnari),

415 5658 514 5713 sed
557 5655 972 5723 conditionate,
1031 5656 1081 5711 si
1137 5662 1296 5714 Deus
1355 5671 1469 5709 non
1520 5654 1772 5709 decrevit
1821 5670 1952 5709 eum

419 5747 660 5815 salvare,
689 5745 779 5802 vel
821 5746 870 5801 si
903 5747 981 5802 sit
1011 5742 1496 5814 multiplicaturus
1539 5751 1788 5815 peccata,
1824 5743 1957 5798 ticet

604 5865 738 5921 Tou.
783 5862 972 5920 xxm.

3514 526 3642 593 497

2093 694 2287 747 tamen
2317 692 2462 750 velle
2519 700 2766 751 mortem
2828 699 2900 764 ei,
2957 698 3055 771 qui
3121 701 3438 756 secundum
3492 699 3644 772 leges

2089 796 2214 837 eam
2251 785 2570 853 meruit‚ac
2596 788 2951 857 persecutori
3009 789 3276 845 Ecclesiae
3323 795 3378 845 et
3423 790 3639 860 Reipu-

2091 870 2276 926 blicae.
2310 875 2593 937 Tangitur
2643 875 2735 931 hic
2795 879 3032 947 quaestio
3091 880 3162 933 de
3218 883 3508 951 Tyranno,
3560 896 3634 934 an

2090 959 2376 1015 sciliceta
2426 962 2685 1033 quolibet
2734 966 2910 1019 occid·
2959 968 3158 1035 possit.
3208 969 3270 1023 Et
3320 969 3529 1023 Doctor
3579 968 3634 1022 in

2087 1049 2269 1107 Oxou.
2307 1051 2397 1105 bic
2429 1069 2589 1107 num.
2626 1054 2711 1109 10.
2751 1061 2942 1127 negat.
2977 1057 3044 1111 Et
3073 1058 3291 1113 Concil.
3335 1060 3637 1114 Constant.

2088 1155 2231 1196 sess
2303 1143 2384 1195 15.
2452 1148 2670 1210 partem
2731 1146 3117 1202 affirmantem
3197 1148 3518 1214 damnavit,
3576 1157 3640 1207 ut

2088 1228 2439 1287 haereticam.
2473 1231 2616 1288 Vide
2647 1234 2841 1291 Alens.
2889 1236 2939 1292 3.
2982 1251 3127 1307 part.
3171 1245 3376 1310 quaest.
3418 1240 3506 1295 3¹.
3559 1257 3636 1295 m.

2083 1322 2139 1379 2.
2171 1324 2353 1379 art.2.
2389 1327 2475 1393 §a
2511 1331 2575 1380 D.
2607 1326 2812 1390 Thom.
2847 1331 2898 1385 2.
2929 1330 2983 1386 2.
3018 1336 3223 1401 quaest.
3276 1333 3364 1386 64.
3419 1337 3523 1387 art.
3578 1333 3632 1390 3.

2086 1411 2264 1482 cajet.
2333 1418 2575 1469 BtinneS.
2635 1418 2802 1485 Arag.
2865 1416 3126 1474 Valentia
3183 1420 3323 1475 ibid.
3379 1422 3521 1476 dist.
3577 1422 3632 1479 5.

2085 1506 2287 1569 qnaeet.
2323 1501 2375 1556 8.
2415 1508 2561 1572 part.
2595 1504 2648 1559 3.
2679 1503 2821 1560 Vide
2851 1508 3023 1561 etiam
3059 1506 3124 1562 D.
3177 1508 3379 1564 Thorn.
3430 1526 3631 1578 opusc.

2086 1587 2157 1642 de
2189 1590 2474 1661 regimine
2508 1593 2760 1664 princip.
2825 1595 2921 1649 tib.
2986 1613 3022 1650 1.
3084 1614 3208 1668 cap.
3261 1599 3314 1652 6.
3377 1606 3429 1655 et
3473 1600 3527 1654 2.
3561 1599 3636 1655 ad

2084 1677 2275 1733 ultim.
2311 1686 2517 1751 quaeet.
2550 1682 2605 1736 2.
2640 1689 2751 1737 art.
2787 1685 2837 1737 2.
2876 1688 2946 1738 ad
2978 1686 3032 1741 5.
3068 1685 3339 1742 Doctores
3375 1704 3635 1745 commu·

2084 1767 2238 1823 niter
2260 1768 2632 1838 distinguunt
2663 1772 2734 1827 de
2771 1771 3061 1844 Tyranno,
3113 1776 3377 1832 invasore
3424 1783 3481 1832 et
3531 1780 3636 1834 ad-

2086 1856 2506 1915 ministratore.

2182 2093 2330 2168 Sed
2361 2094 2613 2191 quoad
2648 2095 2983 2190 tertium,
3014 2098 3305 2176 scilicet
3336 2101 3621 2178 bonum
3786 2135 3846 2200 6,

2080 2208 2289 2302 vitae,
2373 2234 2525 2284 non
2632 2236 3045 2309 possumus
3143 2218 3466 2314 positive
3556 2221 3626 2295 ei
3682 2246 3931 2319 ‘Quando

2082 2328 2280 2401 velle
2315 2327 2599 2402 auferri
2669 2329 2956 2404 bonum
3004 2332 3206 2424 vitae,
3259 2337 3440 2431 quia
3483 2341 3625 2412 hoc
3658 2309 3948 2423 hffissriffsse

2082 2444 2296 2516 nullo
2334 2444 2554 2519 modo
2607 2456 2809 2521 esset
2867 2450 3393 2524 revocativum
3458 2453 3627 2550 ejus
3672 2437 3957 2498 ⁹²⁰⁰⁸‘⁰'¹'

2082 2558 2175 2631 ad
2218 2557 2771 2657 bonun1,quia
2836 2572 3008 2659 post
3073 2574 3390 2639 mortem
3472 2591 3623 2642 non

2085 2679 2199 2745 est
2258 2673 2474 2776 locus
2532 2675 2907 2769 emendae,
2954 2688 3027 2751 et
3086 2678 3259 2753 ideo
3328 2690 3626 2756 tantum

2085 2787 2456 2884 privative
2531 2814 2844 2886 possum
2951 2793 3095 2866 sub
3184 2796 3626 2873 conditione

2084 2905 2287 2979 nolle
2366 2905 2434 2979 ei
2491 2906 2677 2981 illud
2748 2908 3064 3002 bonum,
3113 2914 3442 2988 volendo
3484 2915 3629 2990 sibi

2089 3032 2438 3116 mortem,
2489 3032 2568 3096 ut
2643 3024 2704 3097 si
2777 3025 2987 3101 Deus
3063 3052 3215 3102 non
3290 3030 3631 3106 decrevit

2085 3138 2335 3237 ipsum
2372 3141 2701 3235 salvare,
2738 3166 2877 3217 nec
2920 3144 3335 3243 aliquando
3394 3148 3631 3224 habe-

2083 3280 2164 3332 re
2214 3258 2576 3352 amicum,
2612 3282 2928 3356 possum
2972 3261 3117 3337 sibi
3187 3266 3385 3341 velle
3437 3290 3635 3341 mor-

2082 3384 2265 3468 tem,
2303 3384 2377 3449 et
2415 3375 2619 3449 nolle
2654 3376 2916 3471 vitam,
2954 3402 3050 3453 ne
3083 3378 3309 3455 addat
3358 3405 3633 3480 pecca-

2082 3501 2244 3565 tum
2271 3492 2604 3588 peccatis
2644 3493 2737 3567 ad
2770 3496 3169 3569 cumulum
3212 3497 3632 3574 damnatio·-

2080 3607 2204 3681 nis
2272 3607 2462 3703 ejus.
2523 3607 2742 3695 Quod
2814 3611 3044 3684 etiam
3117 3614 3484 3709 probatur
3536 3641 3628 3692 ex
3660 3628 3977 3692 iungenda

2079 3724 2236 3798 vita
2270 3726 2697 3800 Anastasiae
2749 3727 2840 3802 de
2882 3728 3048 3802 viro
3128 3732 3272 3805 sub
3314 3732 3617 3826 Publio,
3658 3691 3973 3758 S‘Chrng'

2080 3862 2257 3937 quae
2289 3843 2536 3917 oravit
2580 3853 2659 3918 ut
2729 3844 2798 3917 si
2873 3846 3084 3921 Deus
3145 3850 3625 3947 praevidisset

2079 3985 2256 4035 eum
2299 3963 2375 4036 in
2446 3961 2895 4039 infidelitate
2936 3990 3077 4040 sua
3137 3992 3615 4067 mansurum,

2067 4080 2374 4176 juberet
2406 4082 2656 4154 locum
2717 4082 2896 4156 dare
2960 4086 3384 4163 cultoribus
3424 4090 3612 4165 suiS.

2175 4198 2550 4272 Videntur
2580 4207 2834 4273 tamen
2869 4201 2997 4273 alii
3040 4202 3193 4278 duo
3245 4228 3497 4301 casuS,
3533 4209 3612 4282 in
3650 4216 3792 4290 ΜΨ
3838 4215 3967 4291 Μ’.

2074 4314 2358 4412 quibus
2401 4338 2801 4413 possemus
2856 4318 3052 4392 velle
3116 4330 3435 4396 mortem
3480 4324 3618 4398 ini·
3646 4286 3970 4404 ssgiessiffi?

2076 4431 2279 4521 mici,
2326 4454 2478 4504 non
2523 4431 2939 4528 peccando.
2968 4433 3163 4508 Nam
3180 4436 3618 4538 judeX,pu-
3651 4412 3970 4517 mgiiiieffi-

2073 4546 2357 4621 niendo
2471 4547 2897 4623 secundum
2984 4550 3388 4646 justitiam,
3461 4580 3614 4633 non
3675 4535 3912 4656 ωιῖξὲξῖ

2072 4672 2337 4760 peccat
2406 4664 2850 4757 mortaliter,
2916 4688 3055 4740 nec
3122 4691 3260 4765 per
3343 4694 3615 4748 conse-

2072 4802 2320 4876 quens
2409 4789 2771 4854 executor
2837 4780 3044 4877 juste
3131 4790 3610 4884 exequendO,

2070 4895 2252 4990 quia
2284 4903 2494 4968 actor
2552 4894 2804 4968 elicite
2846 4905 3093 4992 potest
3141 4902 3338 4975 velle
3406 4906 3613 5002 quod

2059 5010 2299 5107 judex
2344 5009 2997 5108 justejudicavit3
3045 5013 3280 5109 igitur
3321 5019 3612 5095 licitum

2067 5136 2180 5201 est
2252 5127 2554 5224 utrique
2612 5128 2810 5202 velle
2889 5140 3212 5205 mortem
3290 5135 3608 5213 inimici.

2067 5245 2287 5319 Unde
2314 5245 2618 5319 videtur
2649 5245 2854 5342 quod
2888 5270 3200 5343 possum
3237 5251 3382 5326 sibi
3413 5257 3610 5331 velle

2063 5361 2250 5436 talia
2292 5363 2516 5447 mala,
2563 5361 2748 5460 qnia
2789 5363 3071 5459 dignus
3126 5378 3239 5443 est
3297 5371 3602 5466 tal-ibus.

2163 5481 2380 5573 Item,
2413 5479 2474 5554 si
2510 5479 2604 5553 sit
2645 5479 3006 5557 inimicus
3050 5486 3403 5581 publicus
3464 5492 3610 5564 Ec·-
3666 5505 3813 5558 Licet
3846 5522 3942 5570 ap-

2064 5597 2348 5690 clesiae,
2385 5598 2507 5672 vel
2550 5609 3021 5695 persecutor,
3058 5603 3361 5678 videtur
3399 5610 3604 5703 quod
3692 5576 3916 5704 ιιξὲἶῗέξ)

2064 5739 2380 5812 possum
2462 5722 2661 5790 recte
2719 5717 2916 5790 velle
3006 5730 3323 5796 mortem
3401 5725 3594 5820 ejus,
3638 5696 3931 5822 ‘figi'ffffissf

3387 5868 3455 5922 32
