<?xml version="1.0" encoding="UTF-8"?>
<!DOCTYPE html PUBLIC "-//W3C//DTD XHTML 1.0 Transitional//EN"
    "http://www.w3.org/TR/xhtml1/DTD/xhtml1-transitional.dtd">
<html xmlns="http://www.w3.org/1999/xhtml" xml:lang="en" lang="en">
 <head>
  <title>
</title>
<meta http-equiv="Content-Type" content="text/html;charset=utf-8" />
  <meta name='ocr-system' content='tesseract 3.04.00' />
  <meta name='ocr-capabilities' content='ocr_page ocr_carea ocr_par ocr_line ocrx_word'/>
</head>
<body>
  <div class='ocr_page' id='page_1' title='image "./joannisdunsscot00waddgoog_0363.png"; bbox 0 0 4295 6326; ppageno 0'>
   <div class='ocr_carea' id='block_1_1' title="bbox 189 2628 310 2693">
    <p class='ocr_par' dir='ltr' id='par_1_1' title="bbox 189 2628 310 2693">
     <span class='ocr_line' id='line_1_1' title="bbox 189 2628 310 2693; baseline 0.017 -2"><span class='ocrx_word' id='word_1_1' title='bbox 189 2628 310 2693; x_wconf 80' lang='lat'><strong>22.</strong></span> 
     </span>
    </p>
   </div>
   <div class='ocr_carea' id='block_1_2' title="bbox 73 2744 407 2921">
    <p class='ocr_par' dir='ltr' id='par_1_2' title="bbox 73 2744 407 2921">
     <span class='ocr_line' id='line_1_2' title="bbox 73 2744 407 2794; baseline 0 -2"><span class='ocrx_word' id='word_1_2' title='bbox 73 2744 147 2794; x_wconf 87' lang='lat' dir='ltr'>De</span> <span class='ocrx_word' id='word_1_3' title='bbox 165 2744 407 2793; x_wconf 74' lang='lat' dir='ltr'>clai-atur</span> 
     </span>
     <span class='ocr_line' id='line_1_3' title="bbox 73 2809 384 2871; baseline -0.003 -14"><span class='ocrx_word' id='word_1_4' title='bbox 73 2822 122 2871; x_wconf 88' lang='lat' dir='ltr'>q.</span> <span class='ocrx_word' id='word_1_5' title='bbox 158 2809 206 2857; x_wconf 83' lang='lat'><strong>3.</strong></span> <span class='ocrx_word' id='word_1_6' title='bbox 236 2820 384 2870; x_wconf 79' lang='lat' dir='ltr'>proe-</span> 
     </span>
     <span class='ocr_line' id='line_1_4' title="bbox 170 2884 322 2921; baseline 0.013 -2"><span class='ocrx_word' id='word_1_7' title='bbox 170 2884 322 2921; x_wconf 78' lang='lat' dir='ltr'>sens.</span> 
     </span>
    </p>
   </div>
   <div class='ocr_carea' id='block_1_3' title="bbox 55 4384 415 4951">
    <p class='ocr_par' dir='ltr' id='par_1_3' title="bbox 56 4384 408 4623">
     <span class='ocr_line' id='line_1_5' title="bbox 92 4384 374 4433; baseline 0 -1"><span class='ocrx_word' id='word_1_8' title='bbox 92 4384 374 4433; x_wconf 73' lang='lat' dir='ltr'>Voluntas</span> 
     </span>
     <span class='ocr_line' id='line_1_6' title="bbox 56 4445 408 4509; baseline 0.003 -15"><span class='ocrx_word' id='word_1_9' title='bbox 56 4445 408 4509; x_wconf 60' lang='lat' dir='ltr'>Anaetiper-</span> 
     </span>
     <span class='ocr_line' id='line_1_7' title="bbox 56 4508 406 4558; baseline 0.003 -1"><span class='ocrx_word' id='word_1_10' title='bbox 56 4509 278 4558; x_wconf 74' lang='lat' dir='ltr'>sectius</span> <span class='ocrx_word' id='word_1_11' title='bbox 309 4508 406 4558; x_wconf 85' lang='lat' dir='ltr'>eli·</span> 
     </span>
     <span class='ocr_line' id='line_1_8' title="bbox 58 4572 389 4623; baseline 0.006 -2"><span class='ocrx_word' id='word_1_12' title='bbox 58 4577 224 4622; x_wconf 75' lang='lat' dir='ltr'>cei-et.</span> <span class='ocrx_word' id='word_1_13' title='bbox 258 4572 389 4623; x_wconf 81' lang='lat' dir='ltr'>frui·</span> 
     </span>
    </p>

    <p class='ocr_par' dir='ltr' id='par_1_4' title="bbox 55 4637 415 4951">
     <span class='ocr_line' id='line_1_9' title="bbox 127 4637 347 4684; baseline -0.005 0"><span class='ocrx_word' id='word_1_14' title='bbox 127 4637 347 4684; x_wconf 84' lang='lat' dir='ltr'>tionem</span> 
     </span>
     <span class='ocr_line' id='line_1_10' title="bbox 62 4695 393 4760; baseline -0.009 -13"><span class='ocrx_word' id='word_1_15' title='bbox 62 4711 251 4760; x_wconf 78' lang='lat' dir='ltr'>quam</span> <span class='ocrx_word' id='word_1_16' title='bbox 284 4695 393 4746; x_wconf 74' lang='lat' dir='ltr'>ani-</span> 
     </span>
     <span class='ocr_line' id='line_1_11' title="bbox 59 4758 406 4811; baseline -0.009 -1"><span class='ocrx_word' id='word_1_17' title='bbox 59 4776 158 4811; x_wconf 75' lang='lat' dir='ltr'>ma</span> <span class='ocrx_word' id='word_1_18' title='bbox 201 4758 406 4810; x_wconf 74' lang='lat' dir='ltr'>Christi</span> 
     </span>
     <span class='ocr_line' id='line_1_12' title="bbox 55 4838 415 4896; baseline 0 -22"><span class='ocrx_word' id='word_1_19' title='bbox 55 4839 196 4874; x_wconf 88' lang='lat' dir='ltr'>cum</span> <span class='ocrx_word' id='word_1_20' title='bbox 223 4838 415 4896; x_wconf 77' lang='lat' dir='ltr'>aequn-</span> 
     </span>
     <span class='ocr_line' id='line_1_13' title="bbox 93 4889 375 4951; baseline 0.011 -17"><span class='ocrx_word' id='word_1_21' title='bbox 93 4889 132 4936; x_wconf 80' lang='lat' dir='ltr'>ti</span> <span class='ocrx_word' id='word_1_22' title='bbox 170 4893 375 4951; x_wconf 71' lang='lat' dir='ltr'>gratia.</span> 
     </span>
    </p>
   </div>
   <div class='ocr_carea' id='block_1_4' title="bbox 1503 463 2611 543">
    <p class='ocr_par' dir='ltr' id='par_1_5' title="bbox 1503 463 2611 543">
     <span class='ocr_line' id='line_1_14' title="bbox 1503 463 2611 543; baseline 0 -10"><span class='ocrx_word' id='word_1_23' title='bbox 1503 466 1728 534; x_wconf 90' lang='lat' dir='ltr'><strong>DIST.</strong></span> <span class='ocrx_word' id='word_1_24' title='bbox 1779 465 1968 532; x_wconf 83' lang='lat' dir='ltr'><strong>XIII.</strong></span> <span class='ocrx_word' id='word_1_25' title='bbox 2022 463 2441 543; x_wconf 86' lang='lat' dir='ltr'>QUAESTIO</span> <span class='ocrx_word' id='word_1_26' title='bbox 2490 463 2611 533; x_wconf 86' lang='lat'><strong>111.</strong></span> 
     </span>
    </p>
   </div>
   <div class='ocr_carea' id='block_1_5' title="bbox 441 643 1989 955">
    <p class='ocr_par' dir='ltr' id='par_1_6' title="bbox 441 643 1989 955">
     <span class='ocr_line' id='line_1_15' title="bbox 441 643 1989 746; baseline -0.004 -27"><span class='ocrx_word' id='word_1_27' title='bbox 441 646 620 721; x_wconf 90' lang='lat' dir='ltr'>rior.</span> <span class='ocrx_word' id='word_1_28' title='bbox 660 645 1035 721; x_wconf 77' lang='lat' dir='ltr'>Similiter</span> <span class='ocrx_word' id='word_1_29' title='bbox 1074 644 1166 746; x_wconf 89' lang='lat' dir='ltr'>ad</span> <span class='ocrx_word' id='word_1_30' title='bbox 1218 643 1681 719; x_wconf 79' lang='lat' dir='ltr'>antecedens</span> <span class='ocrx_word' id='word_1_31' title='bbox 1740 648 1989 740; x_wconf 90' lang='lat' dir='ltr'>potest</span> 
     </span>
     <span class='ocr_line' id='line_1_16' title="bbox 441 757 1987 861; baseline -0.003 -25"><span class='ocrx_word' id='word_1_32' title='bbox 441 763 890 861; x_wconf 87' lang='lat' dir='ltr'>responderi</span> <span class='ocrx_word' id='word_1_33' title='bbox 954 763 1152 838; x_wconf 89' lang='lat' dir='ltr'>sicut</span> <span class='ocrx_word' id='word_1_34' title='bbox 1196 761 1411 860; x_wconf 90' lang='lat' dir='ltr'>prius</span> <span class='ocrx_word' id='word_1_35' title='bbox 1463 761 1555 835; x_wconf 93' lang='lat' dir='ltr'>de</span> <span class='ocrx_word' id='word_1_36' title='bbox 1626 757 1987 833; x_wconf 79' lang='lat' dir='ltr'>distantia</span> 
     </span>
     <span class='ocr_line' id='line_1_17' title="bbox 442 878 773 955; baseline -0.006 -1"><span class='ocrx_word' id='word_1_37' title='bbox 442 878 773 955; x_wconf 83' lang='lat' dir='ltr'>infinita.</span> 
     </span>
    </p>
   </div>
   <div class='ocr_carea' id='block_1_6' title="bbox 975 1124 1445 1182">
    <p class='ocr_par' dir='ltr' id='par_1_7' title="bbox 975 1124 1445 1182">
     <span class='ocr_line' id='line_1_18' title="bbox 975 1124 1445 1182; baseline -0.002 0"><span class='ocrx_word' id='word_1_38' title='bbox 975 1124 1336 1182; x_wconf 83' lang='lat' dir='ltr'>SCHOLIUM</span> <span class='ocrx_word' id='word_1_39' title='bbox 1379 1127 1445 1181; x_wconf 90' lang='lat' dir='ltr'>V.</span> 
     </span>
    </p>
   </div>
   <div class='ocr_carea' id='block_1_7' title="bbox 438 1274 1988 2512">
    <p class='ocr_par' dir='ltr' id='par_1_8' title="bbox 438 1274 1988 2512">
     <span class='ocr_line' id='line_1_19' title="bbox 516 1274 1988 1348; baseline -0.002 -16"><span class='ocrx_word' id='word_1_40' title='bbox 516 1277 622 1332; x_wconf 88' lang='lat' dir='ltr'>Pro</span> <span class='ocrx_word' id='word_1_41' title='bbox 654 1275 819 1333; x_wconf 79' lang='lat' dir='ltr'>tertia</span> <span class='ocrx_word' id='word_1_42' title='bbox 851 1276 1165 1348; x_wconf 80' lang='lat' dir='ltr'>quaestione</span> <span class='ocrx_word' id='word_1_43' title='bbox 1198 1274 1451 1348; x_wconf 86' lang='lat' dir='ltr'>primum</span> <span class='ocrx_word' id='word_1_44' title='bbox 1486 1275 1708 1331; x_wconf 87' lang='lat' dir='ltr'>dictum</span> <span class='ocrx_word' id='word_1_45' title='bbox 1743 1291 1756 1329; x_wconf 91' lang='lat'>:</span> <span class='ocrx_word' id='word_1_46' title='bbox 1803 1276 1988 1330; x_wconf 82' lang='lat' dir='ltr'>Potuit</span> 
     </span>
     <span class='ocr_line' id='line_1_20' title="bbox 444 1364 1987 1438; baseline -0.003 -17"><span class='ocrx_word' id='word_1_47' title='bbox 444 1365 696 1438; x_wconf 75' lang='lat' dir='ltr'>conferri</span> <span class='ocrx_word' id='word_1_48' title='bbox 723 1381 941 1420; x_wconf 74' lang='lat' dir='ltr'>summa</span> <span class='ocrx_word' id='word_1_49' title='bbox 975 1366 1177 1435; x_wconf 71' lang='lat' dir='ltr'>fruitio</span> <span class='ocrx_word' id='word_1_50' title='bbox 1206 1366 1414 1421; x_wconf 78' lang='lat' dir='ltr'>animae</span> <span class='ocrx_word' id='word_1_51' title='bbox 1443 1364 1675 1432; x_wconf 78' lang='lat' dir='ltr'>Christi,</span> <span class='ocrx_word' id='word_1_52' title='bbox 1711 1365 1813 1420; x_wconf 80' lang='lat' dir='ltr'>Deo</span> <span class='ocrx_word' id='word_1_53' title='bbox 1862 1379 1987 1433; x_wconf 78' lang='lat' dir='ltr'>sup·</span> 
     </span>
     <span class='ocr_line' id='line_1_21' title="bbox 441 1452 1982 1526; baseline -0.003 -17"><span class='ocrx_word' id='word_1_54' title='bbox 441 1456 626 1526; x_wconf 76' lang='lat' dir='ltr'>pleuto</span> <span class='ocrx_word' id='word_1_55' title='bbox 656 1456 824 1510; x_wconf 72' lang='lat' dir='ltr'>vicem</span> <span class='ocrx_word' id='word_1_56' title='bbox 853 1468 1042 1510; x_wconf 73' lang='lat' dir='ltr'>cousae</span> <span class='ocrx_word' id='word_1_57' title='bbox 1058 1452 1331 1509; x_wconf 75' lang='lat' dir='ltr'>secumtae.</span> <span class='ocrx_word' id='word_1_58' title='bbox 1363 1453 1695 1509; x_wconf 88' lang='lat' dir='ltr'>Secundum</span> <span class='ocrx_word' id='word_1_59' title='bbox 1721 1454 1940 1507; x_wconf 84' lang='lat' dir='ltr'>dictum</span> <span class='ocrx_word' id='word_1_60' title='bbox 1970 1468 1982 1506; x_wconf 91' lang='lat'>:</span> 
     </span>
     <span class='ocr_line' id='line_1_22' title="bbox 446 1541 1985 1612; baseline -0.003 -12"><span class='ocrx_word' id='word_1_61' title='bbox 446 1547 718 1601; x_wconf 78' lang='lat' dir='ltr'>Voluntas</span> <span class='ocrx_word' id='word_1_62' title='bbox 753 1544 966 1600; x_wconf 79' lang='lat' dir='ltr'>Christi</span> <span class='ocrx_word' id='word_1_63' title='bbox 994 1561 1116 1599; x_wconf 84' lang='lat' dir='ltr'>cum</span> <span class='ocrx_word' id='word_1_64' title='bbox 1147 1560 1361 1599; x_wconf 77' lang='lat' dir='ltr'>summa</span> <span class='ocrx_word' id='word_1_65' title='bbox 1379 1543 1570 1612; x_wconf 62' lang='lat' dir='ltr'>qratia</span> <span class='ocrx_word' id='word_1_66' title='bbox 1598 1559 1707 1599; x_wconf 82' lang='lat' dir='ltr'>non</span> <span class='ocrx_word' id='word_1_67' title='bbox 1759 1541 1985 1597; x_wconf 65' lang='lat' dir='ltr'>eliceret</span> 
     </span>
     <span class='ocr_line' id='line_1_23' title="bbox 442 1633 1983 1707; baseline -0.005 -15"><span class='ocrx_word' id='word_1_68' title='bbox 442 1637 707 1707; x_wconf 78' lang='lat' dir='ltr'>aequatem</span> <span class='ocrx_word' id='word_1_69' title='bbox 733 1634 1068 1705; x_wconf 74' lang='lat' dir='ltr'>fruitionem</span> <span class='ocrx_word' id='word_1_70' title='bbox 1097 1650 1220 1688; x_wconf 78' lang='lat' dir='ltr'>cum</span> <span class='ocrx_word' id='word_1_71' title='bbox 1273 1634 1475 1703; x_wconf 66' lang='lat' dir='ltr'>Anqeto</span> <span class='ocrx_word' id='word_1_72' title='bbox 1522 1633 1751 1688; x_wconf 78' lang='lat' dir='ltr'>habente</span> <span class='ocrx_word' id='word_1_73' title='bbox 1795 1647 1983 1703; x_wconf 76' lang='lat' dir='ltr'>aequa-</span> 
     </span>
     <span class='ocr_line' id='line_1_24' title="bbox 444 1722 1982 1799; baseline -0.002 -18"><span class='ocrx_word' id='word_1_74' title='bbox 444 1727 550 1781; x_wconf 80' lang='lat' dir='ltr'>tem</span> <span class='ocrx_word' id='word_1_75' title='bbox 580 1725 852 1799; x_wconf 76' lang='lat' dir='ltr'>qratiam.</span> <span class='ocrx_word' id='word_1_76' title='bbox 887 1725 972 1779; x_wconf 85' lang='lat' dir='ltr'>lta</span> <span class='ocrx_word' id='word_1_77' title='bbox 1000 1723 1162 1779; x_wconf 84' lang='lat' dir='ltr'>Doct.</span> <span class='ocrx_word' id='word_1_78' title='bbox 1199 1723 1292 1778; x_wconf 78' lang='lat' dir='ltr'>bfo</span> <span class='ocrx_word' id='word_1_79' title='bbox 1323 1728 1380 1777; x_wconf 86' lang='lat' dir='ltr'>et</span> <span class='ocrx_word' id='word_1_80' title='bbox 1425 1723 1478 1777; x_wconf 88' lang='lat'>4.</span> <span class='ocrx_word' id='word_1_81' title='bbox 1533 1723 1671 1778; x_wconf 82' lang='lat' dir='ltr'>dist.</span> <span class='ocrx_word' id='word_1_82' title='bbox 1719 1722 1809 1777; x_wconf 89' lang='lat'>50.</span> <span class='ocrx_word' id='word_1_83' title='bbox 1839 1738 1894 1792; x_wconf 89' lang='lat' dir='ltr'>q.</span> <span class='ocrx_word' id='word_1_84' title='bbox 1927 1723 1982 1778; x_wconf 88' lang='grc'>6.</span> 
     </span>
     <span class='ocr_line' id='line_1_25' title="bbox 443 1811 1982 1883; baseline -0.003 -12"><span class='ocrx_word' id='word_1_85' title='bbox 443 1817 598 1871; x_wconf 84' lang='lat' dir='ltr'>Idem</span> <span class='ocrx_word' id='word_1_86' title='bbox 633 1818 831 1869; x_wconf 88' lang='lat' dir='ltr'>tenent</span> <span class='ocrx_word' id='word_1_87' title='bbox 861 1813 1133 1869; x_wconf 82' lang='lat' dir='ltr'>Richard.</span> <span class='ocrx_word' id='word_1_88' title='bbox 1167 1811 1244 1867; x_wconf 87' lang='lat' dir='ltr'>ibi</span> <span class='ocrx_word' id='word_1_89' title='bbox 1276 1818 1385 1868; x_wconf 81' lang='lat' dir='ltr'>art.</span> <span class='ocrx_word' id='word_1_90' title='bbox 1417 1815 1472 1869; x_wconf 85' lang='lat'><strong>2.</strong></span> <span class='ocrx_word' id='word_1_91' title='bbox 1508 1829 1564 1883; x_wconf 89' lang='lat' dir='ltr'>q.</span> <span class='ocrx_word' id='word_1_92' title='bbox 1597 1813 1652 1866; x_wconf 89' lang='lat'>8.</span> <span class='ocrx_word' id='word_1_93' title='bbox 1703 1817 1759 1867; x_wconf 84' lang='lat' dir='ltr'>et</span> <span class='ocrx_word' id='word_1_94' title='bbox 1787 1818 1895 1868; x_wconf 82' lang='lat' dir='ltr'>art.</span> <span class='ocrx_word' id='word_1_95' title='bbox 1929 1812 1982 1867; x_wconf 91' lang='lat'>3.</span> 
     </span>
     <span class='ocr_line' id='line_1_26' title="bbox 441 1898 1986 1973; baseline -0.003 -16"><span class='ocrx_word' id='word_1_96' title='bbox 441 1906 649 1973; x_wconf 81' lang='lat' dir='ltr'>quaest.</span> <span class='ocrx_word' id='word_1_97' title='bbox 680 1902 736 1954; x_wconf 89' lang='grc'><strong>2.</strong></span> <span class='ocrx_word' id='word_1_98' title='bbox 771 1900 908 1956; x_wconf 85' lang='lat' dir='ltr'>Dur.</span> <span class='ocrx_word' id='word_1_99' title='bbox 945 1901 1085 1955; x_wconf 82' lang='lat' dir='ltr'>dist.</span> <span class='ocrx_word' id='word_1_100' title='bbox 1122 1900 1209 1955; x_wconf 68' lang='grc'><strong>14.</strong></span> <span class='ocrx_word' id='word_1_101' title='bbox 1242 1916 1299 1970; x_wconf 86' lang='lat' dir='ltr'>q.</span> <span class='ocrx_word' id='word_1_102' title='bbox 1334 1916 1372 1956; x_wconf 89' lang='lat'><strong>1.</strong></span> <span class='ocrx_word' id='word_1_103' title='bbox 1407 1898 1610 1954; x_wconf 82' lang='lat' dir='ltr'>Palud.</span> <span class='ocrx_word' id='word_1_104' title='bbox 1644 1916 1701 1970; x_wconf 87' lang='lat' dir='ltr'>q.</span> <span class='ocrx_word' id='word_1_105' title='bbox 1729 1912 1764 1952; x_wconf 87' lang='grc' dir='ltr'><strong>ι.</strong></span> <span class='ocrx_word' id='word_1_106' title='bbox 1802 1898 1986 1968; x_wconf 81' lang='lat' dir='ltr'>Maj0r</span> 
     </span>
     <span class='ocr_line' id='line_1_27' title="bbox 444 1988 1986 2061; baseline -0.002 -15"><span class='ocrx_word' id='word_1_107' title='bbox 444 1992 534 2047; x_wconf 75' lang='lat' dir='ltr'>bfo</span> <span class='ocrx_word' id='word_1_108' title='bbox 564 2008 617 2061; x_wconf 90' lang='lat' dir='ltr'>q.</span> <span class='ocrx_word' id='word_1_109' title='bbox 649 2007 687 2045; x_wconf 84' lang='lat'><strong>1.</strong></span> <span class='ocrx_word' id='word_1_110' title='bbox 725 1990 824 2046; x_wconf 87' lang='lat' dir='ltr'>fin.</span> <span class='ocrx_word' id='word_1_111' title='bbox 850 1989 1027 2060; x_wconf 59' lang='lat' dir='ltr'>Cajet.</span> <span class='ocrx_word' id='word_1_112' title='bbox 1066 1988 1119 2046; x_wconf 90' lang='grc'>3.</span> <span class='ocrx_word' id='word_1_113' title='bbox 1155 2005 1211 2061; x_wconf 89' lang='lat' dir='ltr'>p.</span> <span class='ocrx_word' id='word_1_114' title='bbox 1243 2005 1301 2060; x_wconf 88' lang='lat' dir='ltr'>q.</span> <span class='ocrx_word' id='word_1_115' title='bbox 1337 1989 1422 2043; x_wconf 88' lang='lat'><strong>10.</strong></span> <span class='ocrx_word' id='word_1_116' title='bbox 1458 1994 1565 2044; x_wconf 80' lang='lat' dir='ltr'>art.</span> <span class='ocrx_word' id='word_1_117' title='bbox 1601 1989 1650 2043; x_wconf 82' lang='lat'><strong>4.</strong></span> <span class='ocrx_word' id='word_1_118' title='bbox 1699 1995 1755 2043; x_wconf 88' lang='lat' dir='ltr'>et</span> <span class='ocrx_word' id='word_1_119' title='bbox 1784 2004 1986 2044; x_wconf 86' lang='lat' dir='ltr'>omnes</span> 
     </span>
     <span class='ocr_line' id='line_1_28' title="bbox 442 2079 1982 2151; baseline 0 -14"><span class='ocrx_word' id='word_1_120' title='bbox 442 2081 722 2137; x_wconf 82' lang='lat' dir='ltr'>Scotistae.</span> <span class='ocrx_word' id='word_1_121' title='bbox 757 2080 1098 2151; x_wconf 71' lang='lat' dir='ltr'>Oppositum</span> <span class='ocrx_word' id='word_1_122' title='bbox 1131 2085 1324 2135; x_wconf 88' lang='lat' dir='ltr'>tenent</span> <span class='ocrx_word' id='word_1_123' title='bbox 1364 2079 1676 2134; x_wconf 80' lang='lat' dir='ltr'>Themistae</span> <span class='ocrx_word' id='word_1_124' title='bbox 1724 2096 1763 2134; x_wconf 92' lang='lat'><strong>1.</strong></span> <span class='ocrx_word' id='word_1_125' title='bbox 1817 2097 1871 2150; x_wconf 89' lang='lat' dir='ltr'><strong>p.</strong></span> <span class='ocrx_word' id='word_1_126' title='bbox 1923 2096 1982 2150; x_wconf 88' lang='lat' dir='ltr'><strong>q.</strong></span> 
     </span>
     <span class='ocr_line' id='line_1_29' title="bbox 445 2171 1981 2243; baseline -0.001 -15"><span class='ocrx_word' id='word_1_127' title='bbox 445 2173 531 2229; x_wconf 86' lang='lat'><strong>12.</strong></span> <span class='ocrx_word' id='word_1_128' title='bbox 565 2181 672 2226; x_wconf 82' lang='lat' dir='ltr'>art.</span> <span class='ocrx_word' id='word_1_129' title='bbox 701 2172 756 2226; x_wconf 86' lang='grc'><strong>6.</strong></span> <span class='ocrx_word' id='word_1_130' title='bbox 790 2176 952 2226; x_wconf 82' lang='lat' dir='ltr'>Suar.</span> <span class='ocrx_word' id='word_1_131' title='bbox 985 2171 1038 2227; x_wconf 91' lang='lat'><strong>3.</strong></span> <span class='ocrx_word' id='word_1_132' title='bbox 1073 2188 1130 2243; x_wconf 88' lang='lat' dir='ltr'><strong>p.</strong></span> <span class='ocrx_word' id='word_1_133' title='bbox 1164 2187 1220 2242; x_wconf 91' lang='lat' dir='ltr'><strong>q.</strong></span> <span class='ocrx_word' id='word_1_134' title='bbox 1254 2171 1339 2225; x_wconf 90' lang='grc'><strong>10.</strong></span> <span class='ocrx_word' id='word_1_135' title='bbox 1373 2178 1484 2225; x_wconf 81' lang='lat' dir='ltr'>art.</span> <span class='ocrx_word' id='word_1_136' title='bbox 1515 2172 1569 2224; x_wconf 80' lang='lat'><strong>4.</strong></span> <span class='ocrx_word' id='word_1_137' title='bbox 1619 2174 1790 2242; x_wconf 80' lang='lat' dir='ltr'>Vasq.</span> <span class='ocrx_word' id='word_1_138' title='bbox 1839 2188 1874 2225; x_wconf 91' lang='grc' dir='ltr'><strong>ι.</strong></span> <span class='ocrx_word' id='word_1_139' title='bbox 1924 2187 1981 2241; x_wconf 89' lang='lat' dir='ltr'><strong>p.</strong></span> 
     </span>
     <span class='ocr_line' id='line_1_30' title="bbox 441 2260 1985 2320; baseline 0.001 -5"><span class='ocrx_word' id='word_1_140' title='bbox 441 2264 499 2319; x_wconf 67' lang='lat' dir='ltr'>al.</span> <span class='ocrx_word' id='word_1_141' title='bbox 553 2264 638 2320; x_wconf 85' lang='lat'><strong>47.</strong></span> <span class='ocrx_word' id='word_1_142' title='bbox 690 2261 948 2317; x_wconf 80' lang='lat' dir='ltr'>Tertium</span> <span class='ocrx_word' id='word_1_143' title='bbox 999 2263 1267 2317; x_wconf 85' lang='lat' dir='ltr'>dictum:</span> <span class='ocrx_word' id='word_1_144' title='bbox 1310 2261 1507 2316; x_wconf 78' lang='lat' dir='ltr'>Anima</span> <span class='ocrx_word' id='word_1_145' title='bbox 1557 2260 1766 2316; x_wconf 72' lang='lat' dir='ltr'>Christi</span> <span class='ocrx_word' id='word_1_146' title='bbox 1794 2260 1985 2316; x_wconf 81' lang='lat' dir='ltr'>habuit</span> 
     </span>
     <span class='ocr_line' id='line_1_31' title="bbox 438 2349 1981 2425; baseline -0.001 -18"><span class='ocrx_word' id='word_1_147' title='bbox 438 2369 714 2408; x_wconf 77' lang='lat' dir='ltr'>summam</span> <span class='ocrx_word' id='word_1_148' title='bbox 758 2352 1085 2425; x_wconf 71' lang='lat' dir='ltr'>fruitionem</span> <span class='ocrx_word' id='word_1_149' title='bbox 1140 2350 1206 2407; x_wconf 79' lang='lat' dir='ltr'>de</span> <span class='ocrx_word' id='word_1_150' title='bbox 1251 2353 1419 2421; x_wconf 76' lang='lat' dir='ltr'>sacto.</span> <span class='ocrx_word' id='word_1_151' title='bbox 1479 2352 1642 2406; x_wconf 85' lang='lat' dir='ltr'>Patet</span> <span class='ocrx_word' id='word_1_152' title='bbox 1688 2365 1755 2405; x_wconf 86' lang='lat' dir='ltr'>ex</span> <span class='ocrx_word' id='word_1_153' title='bbox 1784 2349 1981 2406; x_wconf 79' lang='lat' dir='ltr'>allatis</span> 
     </span>
     <span class='ocr_line' id='line_1_32' title="bbox 442 2443 709 2512; baseline 0 -16"><span class='ocrx_word' id='word_1_154' title='bbox 442 2456 543 2511; x_wconf 88' lang='lat' dir='ltr'>pro</span> <span class='ocrx_word' id='word_1_155' title='bbox 569 2458 621 2512; x_wconf 77' lang='lat' dir='ltr'>q.</span> <span class='ocrx_word' id='word_1_156' title='bbox 657 2443 709 2496; x_wconf 80' lang='lat'><strong>2.</strong></span> 
     </span>
    </p>
   </div>
   <div class='ocr_carea' id='block_1_8' title="bbox 437 2615 1983 5764">
    <p class='ocr_par' dir='ltr' id='par_1_9' title="bbox 437 2615 1983 4333">
     <span class='ocr_line' id='line_1_33' title="bbox 536 2615 1979 2714; baseline -0.003 -21"><span class='ocrx_word' id='word_1_157' title='bbox 536 2618 647 2693; x_wconf 90' lang='lat' dir='ltr'>Ad</span> <span class='ocrx_word' id='word_1_158' title='bbox 672 2617 970 2692; x_wconf 89' lang='lat' dir='ltr'>tertiam</span> <span class='ocrx_word' id='word_1_159' title='bbox 992 2616 1532 2714; x_wconf 70' lang='lat' dir='ltr'>quaestionem,</span> <span class='ocrx_word' id='word_1_160' title='bbox 1571 2616 1740 2690; x_wconf 90' lang='lat' dir='ltr'>dico</span> <span class='ocrx_word' id='word_1_161' title='bbox 1773 2615 1979 2713; x_wconf 91' lang='lat' dir='ltr'>quod</span> 
     </span>
     <span class='ocr_line' id='line_1_34' title="bbox 442 2733 1981 2836; baseline -0.003 -25"><span class='ocrx_word' id='word_1_162' title='bbox 442 2736 804 2836; x_wconf 84' lang='lat' dir='ltr'>possibile</span> <span class='ocrx_word' id='word_1_163' title='bbox 873 2736 1014 2809; x_wconf 89' lang='lat' dir='ltr'>fuit</span> <span class='ocrx_word' id='word_1_164' title='bbox 1075 2735 1407 2809; x_wconf 90' lang='lat' dir='ltr'>animam</span> <span class='ocrx_word' id='word_1_165' title='bbox 1471 2733 1750 2806; x_wconf 83' lang='lat' dir='ltr'>Christi</span> <span class='ocrx_word' id='word_1_166' title='bbox 1832 2734 1981 2807; x_wconf 87' lang='lat' dir='ltr'>frui</span> 
     </span>
     <span class='ocr_line' id='line_1_35' title="bbox 441 2849 1979 2948; baseline -0.002 -21"><span class='ocrx_word' id='word_1_167' title='bbox 441 2850 1155 2927; x_wconf 80' lang='lat' dir='ltr'>summafruitione</span> <span class='ocrx_word' id='word_1_168' title='bbox 1196 2857 1472 2934; x_wconf 88' lang='lat' dir='ltr'>creata,</span> <span class='ocrx_word' id='word_1_169' title='bbox 1535 2849 1719 2948; x_wconf 89' lang='lat' dir='ltr'>quia</span> <span class='ocrx_word' id='word_1_170' title='bbox 1770 2850 1979 2924; x_wconf 91' lang='lat' dir='ltr'>Deus</span> 
     </span>
     <span class='ocr_line' id='line_1_36' title="bbox 439 2966 1983 3068; baseline -0.001 -25"><span class='ocrx_word' id='word_1_171' title='bbox 439 2978 687 3068; x_wconf 85' lang='lat' dir='ltr'>potest</span> <span class='ocrx_word' id='word_1_172' title='bbox 758 2992 1076 3044; x_wconf 78' lang='lat' dir='ltr'>causare</span> <span class='ocrx_word' id='word_1_173' title='bbox 1172 2967 1338 3042; x_wconf 91' lang='lat' dir='ltr'>sine</span> <span class='ocrx_word' id='word_1_174' title='bbox 1414 2990 1650 3041; x_wconf 88' lang='lat' dir='ltr'>causa</span> <span class='ocrx_word' id='word_1_175' title='bbox 1731 2966 1983 3042; x_wconf 90' lang='lat' dir='ltr'>media</span> 
     </span>
     <span class='ocr_line' id='line_1_37' title="bbox 438 3085 1975 3184; baseline -0.003 -22"><span class='ocrx_word' id='word_1_176' title='bbox 438 3085 815 3162; x_wconf 84' lang='lat' dir='ltr'>efficiente</span> <span class='ocrx_word' id='word_1_177' title='bbox 874 3086 1418 3184; x_wconf 90' lang='lat' dir='ltr'>quodcumque</span> <span class='ocrx_word' id='word_1_178' title='bbox 1506 3085 1975 3181; x_wconf 89' lang='lat' dir='ltr'>absolutum,</span> 
     </span>
     <span class='ocr_line' id='line_1_38' title="bbox 440 3207 1982 3305; baseline -0.001 -24"><span class='ocrx_word' id='word_1_179' title='bbox 440 3207 646 3305; x_wconf 90' lang='lat' dir='ltr'>quod</span> <span class='ocrx_word' id='word_1_180' title='bbox 678 3215 925 3304; x_wconf 89' lang='lat' dir='ltr'>potest</span> <span class='ocrx_word' id='word_1_181' title='bbox 974 3228 1291 3280; x_wconf 79' lang='lat' dir='ltr'>causare</span> <span class='ocrx_word' id='word_1_182' title='bbox 1343 3229 1518 3280; x_wconf 91' lang='lat' dir='ltr'>cum</span> <span class='ocrx_word' id='word_1_183' title='bbox 1573 3228 1805 3279; x_wconf 89' lang='lat' dir='ltr'>causa</span> <span class='ocrx_word' id='word_1_184' title='bbox 1871 3227 1982 3279; x_wconf 91' lang='lat' dir='ltr'>se-</span> 
     </span>
     <span class='ocr_line' id='line_1_39' title="bbox 439 3321 1982 3418; baseline -0.003 -21"><span class='ocrx_word' id='word_1_185' title='bbox 439 3324 747 3417; x_wconf 84' lang='lat' dir='ltr'>cunda3</span> <span class='ocrx_word' id='word_1_186' title='bbox 794 3323 928 3397; x_wconf 87' lang='lat' dir='ltr'>sed</span> <span class='ocrx_word' id='word_1_187' title='bbox 957 3321 1215 3396; x_wconf 82' lang='lat' dir='ltr'>fruitio</span> <span class='ocrx_word' id='word_1_188' title='bbox 1257 3330 1374 3396; x_wconf 89' lang='lat' dir='ltr'>est</span> <span class='ocrx_word' id='word_1_189' title='bbox 1418 3322 1813 3413; x_wconf 88' lang='lat' dir='ltr'>absoluta;</span> <span class='ocrx_word' id='word_1_190' title='bbox 1849 3322 1982 3418; x_wconf 82' lang='lat' dir='ltr'>igi-</span> 
     </span>
     <span class='ocr_line' id='line_1_40' title="bbox 439 3440 1979 3516; baseline -0.001 -1"><span class='ocrx_word' id='word_1_191' title='bbox 439 3451 563 3515; x_wconf 89' lang='lat' dir='ltr'>tur</span> <span class='ocrx_word' id='word_1_192' title='bbox 647 3463 1027 3515; x_wconf 88' lang='lat' dir='ltr'>summam</span> <span class='ocrx_word' id='word_1_193' title='bbox 1126 3440 1565 3514; x_wconf 84' lang='lat' dir='ltr'>fruitionem</span> <span class='ocrx_word' id='word_1_194' title='bbox 1647 3449 1979 3516; x_wconf 88' lang='lat' dir='ltr'>creatam</span> 
     </span>
     <span class='ocr_line' id='line_1_41' title="bbox 437 3556 1979 3655; baseline 0 -23"><span class='ocrx_word' id='word_1_195' title='bbox 437 3567 686 3655; x_wconf 89' lang='lat' dir='ltr'>potest</span> <span class='ocrx_word' id='word_1_196' title='bbox 759 3580 1078 3632; x_wconf 82' lang='lat' dir='ltr'>causare</span> <span class='ocrx_word' id='word_1_197' title='bbox 1150 3556 1618 3651; x_wconf 85' lang='lat' dir='ltr'>immediate,</span> <span class='ocrx_word' id='word_1_198' title='bbox 1673 3566 1747 3631; x_wconf 91' lang='lat' dir='ltr'>et</span> <span class='ocrx_word' id='word_1_199' title='bbox 1835 3556 1979 3632; x_wconf 91' lang='lat' dir='ltr'>ista</span> 
     </span>
     <span class='ocr_line' id='line_1_42' title="bbox 438 3671 1982 3771; baseline -0.005 -17"><span class='ocrx_word' id='word_1_200' title='bbox 438 3673 905 3771; x_wconf 86' lang='lat' dir='ltr'>receptibilis</span> <span class='ocrx_word' id='word_1_201' title='bbox 948 3682 1063 3747; x_wconf 90' lang='lat' dir='ltr'>est</span> <span class='ocrx_word' id='word_1_202' title='bbox 1120 3673 1214 3747; x_wconf 92' lang='lat' dir='ltr'>ab</span> <span class='ocrx_word' id='word_1_203' title='bbox 1278 3671 1540 3748; x_wconf 89' lang='lat' dir='ltr'>anima</span> <span class='ocrx_word' id='word_1_204' title='bbox 1606 3696 1982 3770; x_wconf 90' lang='lat' dir='ltr'>quacum-</span> 
     </span>
     <span class='ocr_line' id='line_1_43' title="bbox 438 3789 1978 3890; baseline 0.001 -26"><span class='ocrx_word' id='word_1_205' title='bbox 438 3815 616 3890; x_wconf 86' lang='lat' dir='ltr'>que,</span> <span class='ocrx_word' id='word_1_206' title='bbox 676 3791 874 3864; x_wconf 87' lang='lat' dir='ltr'>sicut</span> <span class='ocrx_word' id='word_1_207' title='bbox 922 3813 1227 3864; x_wconf 88' lang='lat' dir='ltr'>summa</span> <span class='ocrx_word' id='word_1_208' title='bbox 1273 3789 1544 3885; x_wconf 82' lang='lat' dir='ltr'>gratia,</span> <span class='ocrx_word' id='word_1_209' title='bbox 1621 3800 1700 3864; x_wconf 88' lang='lat' dir='ltr'>ut</span> <span class='ocrx_word' id='word_1_210' title='bbox 1764 3791 1978 3888; x_wconf 88' lang='lat' dir='ltr'>prius</span> 
     </span>
     <span class='ocr_line' id='line_1_44' title="bbox 437 3907 1981 4005; baseline -0.001 -23"><span class='ocrx_word' id='word_1_211' title='bbox 437 3908 842 4005; x_wconf 83' lang='lat' dir='ltr'>probatum</span> <span class='ocrx_word' id='word_1_212' title='bbox 919 3915 1060 3999; x_wconf 90' lang='lat' dir='ltr'>est,</span> <span class='ocrx_word' id='word_1_213' title='bbox 1131 3930 1307 3980; x_wconf 92' lang='lat' dir='ltr'>cum</span> <span class='ocrx_word' id='word_1_214' title='bbox 1357 3930 1662 3980; x_wconf 90' lang='lat' dir='ltr'>summa</span> <span class='ocrx_word' id='word_1_215' title='bbox 1736 3907 1981 4002; x_wconf 81' lang='lat' dir='ltr'>gratia</span> 
     </span>
     <span class='ocr_line' id='line_1_45' title="bbox 438 4023 1972 4117; baseline -0.003 -17"><span class='ocrx_word' id='word_1_216' title='bbox 438 4027 835 4100; x_wconf 79' lang='lat' dir='ltr'>ordinetur</span> <span class='ocrx_word' id='word_1_217' title='bbox 891 4025 981 4098; x_wconf 91' lang='lat' dir='ltr'>ad</span> <span class='ocrx_word' id='word_1_218' title='bbox 1027 4048 1405 4098; x_wconf 90' lang='lat' dir='ltr'>summam</span> <span class='ocrx_word' id='word_1_219' title='bbox 1479 4023 1972 4117; x_wconf 84' lang='lat' dir='ltr'>fruitionem3</span> 
     </span>
     <span class='ocr_line' id='line_1_46' title="bbox 438 4138 1980 4240; baseline -0.004 -23"><span class='ocrx_word' id='word_1_220' title='bbox 438 4144 674 4240; x_wconf 84' lang='lat' dir='ltr'>igitur</span> <span class='ocrx_word' id='word_1_221' title='bbox 753 4142 964 4216; x_wconf 89' lang='lat' dir='ltr'>Deus</span> <span class='ocrx_word' id='word_1_222' title='bbox 1048 4138 1295 4238; x_wconf 90' lang='lat' dir='ltr'>potuit</span> <span class='ocrx_word' id='word_1_223' title='bbox 1370 4161 1689 4213; x_wconf 83' lang='lat' dir='ltr'>causare</span> <span class='ocrx_word' id='word_1_224' title='bbox 1777 4162 1980 4212; x_wconf 90' lang='lat' dir='ltr'>sum-</span> 
     </span>
     <span class='ocr_line' id='line_1_47' title="bbox 442 4254 1874 4333; baseline -0.006 1"><span class='ocrx_word' id='word_1_225' title='bbox 442 4283 639 4333; x_wconf 89' lang='lat' dir='ltr'>mam</span> <span class='ocrx_word' id='word_1_226' title='bbox 689 4259 1121 4332; x_wconf 82' lang='lat' dir='ltr'>fruitionem</span> <span class='ocrx_word' id='word_1_227' title='bbox 1166 4255 1239 4328; x_wconf 92' lang='lat' dir='ltr'>in</span> <span class='ocrx_word' id='word_1_228' title='bbox 1277 4255 1537 4330; x_wconf 90' lang='lat' dir='ltr'>anima</span> <span class='ocrx_word' id='word_1_229' title='bbox 1565 4254 1874 4328; x_wconf 88' lang='lat' dir='ltr'>Christi.</span> 
     </span>
    </p>

    <p class='ocr_par' dir='ltr' id='par_1_10' title="bbox 439 4356 1983 5620">
     <span class='ocr_line' id='line_1_48' title="bbox 538 4356 1980 4451; baseline -0.005 0"><span class='ocrx_word' id='word_1_230' title='bbox 538 4377 683 4451; x_wconf 86' lang='lat' dir='ltr'>Sed</span> <span class='ocrx_word' id='word_1_231' title='bbox 713 4375 776 4450; x_wconf 92' lang='lat' dir='ltr'>si</span> <span class='ocrx_word' id='word_1_232' title='bbox 811 4374 1067 4448; x_wconf 83' lang='lat' dir='ltr'>fruitio</span> <span class='ocrx_word' id='word_1_233' title='bbox 1100 4374 1198 4448; x_wconf 87' lang='lat' dir='ltr'>sit</span> <span class='ocrx_word' id='word_1_234' title='bbox 1228 4396 1274 4447; x_wconf 89' lang='lat' dir='ltr'>a</span> <span class='ocrx_word' id='word_1_235' title='bbox 1294 4375 1691 4447; x_wconf 89' lang='lat' dir='ltr'>voluntate</span> <span class='ocrx_word' id='word_1_236' title='bbox 1724 4356 1980 4446; x_wconf 86' lang='lat' dir='ltr'>creata</span> 
     </span>
     <span class='ocr_line' id='line_1_49' title="bbox 440 4487 1979 4586; baseline -0.004 -18"><span class='ocrx_word' id='word_1_237' title='bbox 440 4493 712 4585; x_wconf 87' lang='lat' dir='ltr'>active,</span> <span class='ocrx_word' id='word_1_238' title='bbox 780 4515 932 4564; x_wconf 89' lang='lat' dir='ltr'>non</span> <span class='ocrx_word' id='word_1_239' title='bbox 988 4490 1290 4564; x_wconf 87' lang='lat' dir='ltr'>videtur</span> <span class='ocrx_word' id='word_1_240' title='bbox 1355 4487 1559 4586; x_wconf 91' lang='lat' dir='ltr'>quod</span> <span class='ocrx_word' id='word_1_241' title='bbox 1623 4491 1979 4562; x_wconf 88' lang='lat' dir='ltr'>voluntas</span> 
     </span>
     <span class='ocr_line' id='line_1_50' title="bbox 441 4605 1983 4703; baseline -0.004 -19"><span class='ocrx_word' id='word_1_242' title='bbox 441 4609 721 4684; x_wconf 79' lang='lat' dir='ltr'>animae</span> <span class='ocrx_word' id='word_1_243' title='bbox 765 4605 1046 4680; x_wconf 88' lang='lat' dir='ltr'>Christi</span> <span class='ocrx_word' id='word_1_244' title='bbox 1130 4605 1367 4703; x_wconf 89' lang='lat' dir='ltr'>possit</span> <span class='ocrx_word' id='word_1_245' title='bbox 1428 4614 1716 4678; x_wconf 88' lang='lat' dir='ltr'>tantam</span> <span class='ocrx_word' id='word_1_246' title='bbox 1806 4628 1983 4679; x_wconf 90' lang='lat' dir='ltr'>cau-</span> 
     </span>
     <span class='ocr_line' id='line_1_51' title="bbox 443 4721 1979 4824; baseline -0.002 -24"><span class='ocrx_word' id='word_1_247' title='bbox 443 4748 642 4818; x_wconf 88' lang='lat' dir='ltr'>sare,</span> <span class='ocrx_word' id='word_1_248' title='bbox 704 4723 887 4821; x_wconf 90' lang='lat' dir='ltr'>quia</span> <span class='ocrx_word' id='word_1_249' title='bbox 954 4723 1128 4796; x_wconf 89' lang='lat' dir='ltr'>licet</span> <span class='ocrx_word' id='word_1_250' title='bbox 1179 4721 1424 4824; x_wconf 85' lang='lat' dir='ltr'>gratia</span> <span class='ocrx_word' id='word_1_251' title='bbox 1495 4730 1569 4795; x_wconf 89' lang='lat' dir='ltr'>et</span> <span class='ocrx_word' id='word_1_252' title='bbox 1618 4723 1979 4797; x_wconf 90' lang='lat' dir='ltr'>voluntas</span> 
     </span>
     <span class='ocr_line' id='line_1_52' title="bbox 444 4839 1981 4936; baseline -0.003 -20"><span class='ocrx_word' id='word_1_253' title='bbox 444 4850 942 4933; x_wconf 85' lang='lat' dir='ltr'>concurrunt,</span> <span class='ocrx_word' id='word_1_254' title='bbox 989 4840 1345 4913; x_wconf 88' lang='lat' dir='ltr'>voluntas</span> <span class='ocrx_word' id='word_1_255' title='bbox 1371 4847 1484 4912; x_wconf 89' lang='lat' dir='ltr'>est</span> <span class='ocrx_word' id='word_1_256' title='bbox 1515 4861 1749 4912; x_wconf 85' lang='lat' dir='ltr'>causa</span> <span class='ocrx_word' id='word_1_257' title='bbox 1778 4839 1981 4936; x_wconf 88' lang='lat' dir='ltr'>prin-</span> 
     </span>
     <span class='ocr_line' id='line_1_53' title="bbox 442 4953 1975 5055; baseline -0.003 -23"><span class='ocrx_word' id='word_1_258' title='bbox 442 4957 763 5055; x_wconf 85' lang='lat' dir='ltr'>cipalior</span> <span class='ocrx_word' id='word_1_259' title='bbox 796 4985 815 5048; x_wconf 91' lang='lat'>;</span> <span class='ocrx_word' id='word_1_260' title='bbox 862 4955 1095 5051; x_wconf 85' lang='lat' dir='ltr'>igitur</span> <span class='ocrx_word' id='word_1_261' title='bbox 1136 4955 1200 5027; x_wconf 91' lang='lat' dir='ltr'>si</span> <span class='ocrx_word' id='word_1_262' title='bbox 1233 4954 1361 5026; x_wconf 87' lang='lat' dir='ltr'>illa</span> <span class='ocrx_word' id='word_1_263' title='bbox 1400 4953 1498 5026; x_wconf 90' lang='lat' dir='ltr'>sit</span> <span class='ocrx_word' id='word_1_264' title='bbox 1538 4954 1975 5051; x_wconf 80' lang='lat' dir='ltr'>inaequaliS,</span> 
     </span>
     <span class='ocr_line' id='line_1_54' title="bbox 439 5073 1978 5174; baseline -0.001 -24"><span class='ocrx_word' id='word_1_265' title='bbox 439 5086 688 5174; x_wconf 92' lang='lat' dir='ltr'>potest</span> <span class='ocrx_word' id='word_1_266' title='bbox 728 5074 1042 5149; x_wconf 87' lang='lat' dir='ltr'>effectus</span> <span class='ocrx_word' id='word_1_267' title='bbox 1106 5096 1274 5148; x_wconf 92' lang='lat' dir='ltr'>esse</span> <span class='ocrx_word' id='word_1_268' title='bbox 1334 5073 1772 5170; x_wconf 63' lang='lat' dir='ltr'>inaequalis.</span> <span class='ocrx_word' id='word_1_269' title='bbox 1827 5074 1978 5148; x_wconf 90' lang='lat' dir='ltr'>Sed</span> 
     </span>
     <span class='ocr_line' id='line_1_55' title="bbox 441 5192 1981 5291; baseline -0.001 -23"><span class='ocrx_word' id='word_1_270' title='bbox 441 5198 799 5270; x_wconf 89' lang='lat' dir='ltr'>voluntas</span> <span class='ocrx_word' id='word_1_271' title='bbox 839 5194 1111 5291; x_wconf 85' lang='lat' dir='ltr'>Angeli</span> <span class='ocrx_word' id='word_1_272' title='bbox 1147 5200 1261 5268; x_wconf 90' lang='lat' dir='ltr'>est</span> <span class='ocrx_word' id='word_1_273' title='bbox 1284 5192 1692 5289; x_wconf 85' lang='lat' dir='ltr'>perfectius</span> <span class='ocrx_word' id='word_1_274' title='bbox 1732 5194 1981 5267; x_wconf 88' lang='lat' dir='ltr'>activa</span> 
     </span>
     <span class='ocr_line' id='line_1_56' title="bbox 441 5309 1977 5412; baseline -0.002 -26"><span class='ocrx_word' id='word_1_275' title='bbox 441 5336 671 5412; x_wconf 89' lang='lat' dir='ltr'>quam</span> <span class='ocrx_word' id='word_1_276' title='bbox 747 5313 1109 5385; x_wconf 89' lang='lat' dir='ltr'>voluntas</span> <span class='ocrx_word' id='word_1_277' title='bbox 1177 5309 1458 5384; x_wconf 62' lang='lat' dir='ltr'>animae</span> <span class='ocrx_word' id='word_1_278' title='bbox 1542 5309 1823 5383; x_wconf 90' lang='lat' dir='ltr'>Christi</span> <span class='ocrx_word' id='word_1_279' title='bbox 1902 5310 1977 5383; x_wconf 92' lang='lat' dir='ltr'>in</span> 
     </span>
     <span class='ocr_line' id='line_1_57' title="bbox 443 5425 1980 5524; baseline -0.002 -22"><span class='ocrx_word' id='word_1_280' title='bbox 443 5439 719 5503; x_wconf 88' lang='lat' dir='ltr'>natura</span> <span class='ocrx_word' id='word_1_281' title='bbox 747 5452 889 5502; x_wconf 89' lang='lat' dir='ltr'>sua</span> <span class='ocrx_word' id='word_1_282' title='bbox 926 5456 944 5521; x_wconf 83' lang='lat'><em>3</em></span> <span class='ocrx_word' id='word_1_283' title='bbox 981 5427 1216 5523; x_wconf 84' lang='lat' dir='ltr'>igitur</span> <span class='ocrx_word' id='word_1_284' title='bbox 1272 5425 1684 5523; x_wconf 90' lang='lat' dir='ltr'>perfectius</span> <span class='ocrx_word' id='word_1_285' title='bbox 1735 5436 1980 5524; x_wconf 84' lang='lat' dir='ltr'>potest</span> 
     </span>
     <span class='ocr_line' id='line_1_58' title="bbox 441 5546 613 5620; baseline -0.035 0"><span class='ocrx_word' id='word_1_286' title='bbox 441 5546 613 5620; x_wconf 87' lang='lat' dir='ltr'>frui.</span> 
     </span>
    </p>

    <p class='ocr_par' dir='ltr' id='par_1_11' title="bbox 537 5660 1977 5764">
     <span class='ocr_line' id='line_1_59' title="bbox 537 5660 1977 5764; baseline -0.002 -26"><span class='ocrx_word' id='word_1_287' title='bbox 537 5663 726 5739; x_wconf 91' lang='lat' dir='ltr'>Dico</span> <span class='ocrx_word' id='word_1_288' title='bbox 773 5662 978 5764; x_wconf 90' lang='lat' dir='ltr'>quod</span> <span class='ocrx_word' id='word_1_289' title='bbox 1020 5660 1084 5735; x_wconf 92' lang='lat' dir='ltr'>si</span> <span class='ocrx_word' id='word_1_290' title='bbox 1152 5670 1570 5759; x_wconf 85' lang='lat' dir='ltr'>poneretur</span> <span class='ocrx_word' id='word_1_291' title='bbox 1619 5660 1977 5735; x_wconf 90' lang='lat' dir='ltr'>voluntas</span> 
     </span>
    </p>
   </div>
   <div class='ocr_carea' id='block_1_9' title="bbox 3516 457 3637 525">
    <p class='ocr_par' dir='ltr' id='par_1_12' title="bbox 3516 457 3637 525">
     <span class='ocr_line' id='line_1_60' title="bbox 3516 457 3637 525; baseline -0.025 -1"><span class='ocrx_word' id='word_1_292' title='bbox 3516 457 3637 525; x_wconf 76' lang='lat'>341</span> 
     </span>
    </p>
   </div>
   <div class='ocr_carea' id='block_1_10' title="bbox 2090 636 3639 853">
    <p class='ocr_par' dir='ltr' id='par_1_13' title="bbox 2090 636 3639 853">
     <span class='ocr_line' id='line_1_61' title="bbox 2096 636 3635 737; baseline -0.005 -24"><span class='ocrx_word' id='word_1_293' title='bbox 2096 639 2403 737; x_wconf 90' lang='lat' dir='ltr'>penitus</span> <span class='ocrx_word' id='word_1_294' title='bbox 2451 638 2784 737; x_wconf 85' lang='lat' dir='ltr'>passiva,</span> <span class='ocrx_word' id='word_1_295' title='bbox 2841 639 3162 714; x_wconf 87' lang='lat' dir='ltr'>faciliter</span> <span class='ocrx_word' id='word_1_296' title='bbox 3227 636 3635 720; x_wconf 88' lang='lat' dir='ltr'>diceretur,</span> 
     </span>
     <span class='ocr_line' id='line_1_62' title="bbox 2090 750 3639 853; baseline -0.005 -24"><span class='ocrx_word' id='word_1_297' title='bbox 2090 765 2348 830; x_wconf 87' lang='lat' dir='ltr'>tamen</span> <span class='ocrx_word' id='word_1_298' title='bbox 2384 757 2515 853; x_wconf 90' lang='lat' dir='ltr'>qui</span> <span class='ocrx_word' id='word_1_299' title='bbox 2551 756 2818 831; x_wconf 87' lang='lat' dir='ltr'>dicunt</span> <span class='ocrx_word' id='word_1_300' title='bbox 2854 757 3061 853; x_wconf 89' lang='lat' dir='ltr'>quod</span> <span class='ocrx_word' id='word_1_301' title='bbox 3109 753 3467 830; x_wconf 77' lang='lat' dir='ltr'>essentiae</span> <span class='ocrx_word' id='word_1_302' title='bbox 3507 750 3639 823; x_wconf 91' lang='lat' dir='ltr'>dif-</span> 
     </span>
    </p>
   </div>
   <div class='ocr_carea' id='block_1_11' title="bbox 2091 869 3741 969">
    <p class='ocr_par' dir='ltr' id='par_1_14' title="bbox 2091 869 3741 969">
     <span class='ocr_line' id='line_1_63' title="bbox 2091 869 3741 969; baseline -0.002 -25"><span class='ocrx_word' id='word_1_303' title='bbox 2091 872 2350 945; x_wconf 85' lang='lat' dir='ltr'>ferunt</span> <span class='ocrx_word' id='word_1_304' title='bbox 2404 870 2660 968; x_wconf 90' lang='lat' dir='ltr'>specie</span> <span class='ocrx_word' id='word_1_305' title='bbox 2740 872 3013 969; x_wconf 85' lang='lat' dir='ltr'>Angeli</span> <span class='ocrx_word' id='word_1_306' title='bbox 3076 881 3149 946; x_wconf 92' lang='lat' dir='ltr'>et</span> <span class='ocrx_word' id='word_1_307' title='bbox 3206 869 3513 955; x_wconf 74' lang='lat' dir='ltr'>animae,</span> <span class='ocrx_word' id='word_1_308' title='bbox 3565 877 3639 942; x_wconf 89' lang='lat' dir='ltr'>et</span> <span class='ocrx_word' id='word_1_309' title='bbox 3727 899 3741 912; x_wconf 93' lang='lat'><strong>·</strong></span> 
     </span>
    </p>
   </div>
   <div class='ocr_carea' id='block_1_12' title="bbox 2090 985 3639 1433">
    <p class='ocr_par' dir='ltr' id='par_1_15' title="bbox 2090 985 3639 1433">
     <span class='ocr_line' id='line_1_64' title="bbox 2090 985 3639 1085; baseline -0.004 -24"><span class='ocrx_word' id='word_1_310' title='bbox 2090 987 2455 1085; x_wconf 80' lang='lat' dir='ltr'>potentiae</span> <span class='ocrx_word' id='word_1_311' title='bbox 2487 989 2767 1062; x_wconf 77' lang='lat' dir='ltr'>animae</span> <span class='ocrx_word' id='word_1_312' title='bbox 2809 998 2884 1062; x_wconf 88' lang='lat' dir='ltr'>et</span> <span class='ocrx_word' id='word_1_313' title='bbox 2923 987 3224 1084; x_wconf 81' lang='lat' dir='ltr'>Angeli,</span> <span class='ocrx_word' id='word_1_314' title='bbox 3287 985 3639 1060; x_wconf 87' lang='lat' dir='ltr'>similiter</span> 
     </span>
     <span class='ocr_line' id='line_1_65' title="bbox 2091 1101 3637 1180; baseline -0.003 -1"><span class='ocrx_word' id='word_1_315' title='bbox 2091 1105 2564 1179; x_wconf 90' lang='lat' dir='ltr'>conveniens</span> <span class='ocrx_word' id='word_1_316' title='bbox 2596 1115 2711 1180; x_wconf 90' lang='lat' dir='ltr'>est</span> <span class='ocrx_word' id='word_1_317' title='bbox 2742 1105 2853 1180; x_wconf 86' lang='lat' dir='ltr'>eis</span> <span class='ocrx_word' id='word_1_318' title='bbox 2894 1105 3147 1180; x_wconf 90' lang='lat' dir='ltr'>dicere</span> <span class='ocrx_word' id='word_1_319' title='bbox 3189 1127 3282 1178; x_wconf 85' lang='lat' dir='ltr'>ex</span> <span class='ocrx_word' id='word_1_320' title='bbox 3320 1101 3637 1177; x_wconf 86' lang='lat' dir='ltr'>diversi-</span> 
     </span>
     <span class='ocr_line' id='line_1_66' title="bbox 2091 1219 3638 1314; baseline -0.003 -20"><span class='ocrx_word' id='word_1_321' title='bbox 2091 1230 2242 1296; x_wconf 89' lang='lat' dir='ltr'>tate</span> <span class='ocrx_word' id='word_1_322' title='bbox 2283 1221 2701 1296; x_wconf 86' lang='lat' dir='ltr'>voluntatis</span> <span class='ocrx_word' id='word_1_323' title='bbox 2755 1246 2800 1297; x_wconf 89' lang='lat' dir='ltr'>a</span> <span class='ocrx_word' id='word_1_324' title='bbox 2862 1224 3288 1314; x_wconf 89' lang='lat' dir='ltr'>voluntate,</span> <span class='ocrx_word' id='word_1_325' title='bbox 3350 1219 3414 1294; x_wconf 91' lang='lat' dir='ltr'>si</span> <span class='ocrx_word' id='word_1_326' title='bbox 3481 1227 3638 1292; x_wconf 88' lang='lat' dir='ltr'>tota</span> 
     </span>
     <span class='ocr_line' id='line_1_67' title="bbox 2090 1334 3631 1433; baseline -0.002 -22"><span class='ocrx_word' id='word_1_327' title='bbox 2090 1338 2440 1411; x_wconf 88' lang='lat' dir='ltr'>activitas</span> <span class='ocrx_word' id='word_1_328' title='bbox 2497 1339 2593 1412; x_wconf 93' lang='lat' dir='ltr'>sit</span> <span class='ocrx_word' id='word_1_329' title='bbox 2647 1364 2692 1412; x_wconf 91' lang='lat' dir='ltr'>a</span> <span class='ocrx_word' id='word_1_330' title='bbox 2764 1341 3161 1412; x_wconf 86' lang='lat' dir='ltr'>voluntate</span> <span class='ocrx_word' id='word_1_331' title='bbox 3229 1346 3303 1411; x_wconf 90' lang='lat' dir='ltr'>et</span> <span class='ocrx_word' id='word_1_332' title='bbox 3360 1334 3631 1433; x_wconf 80' lang='lat' dir='ltr'>gratia,</span> 
     </span>
    </p>
   </div>
   <div class='ocr_carea' id='block_1_13' title="bbox 2090 1453 3709 1554">
    <p class='ocr_par' dir='ltr' id='par_1_16' title="bbox 2090 1453 3709 1554">
     <span class='ocr_line' id='line_1_68' title="bbox 2090 1453 3709 1554; baseline -0.003 -25"><span class='ocrx_word' id='word_1_333' title='bbox 2090 1456 2297 1554; x_wconf 89' lang='lat' dir='ltr'>quod</span> <span class='ocrx_word' id='word_1_334' title='bbox 2366 1457 2621 1531; x_wconf 82' lang='lat' dir='ltr'>fruitio</span> <span class='ocrx_word' id='word_1_335' title='bbox 2690 1456 2962 1554; x_wconf 83' lang='lat' dir='ltr'>Angeli</span> <span class='ocrx_word' id='word_1_336' title='bbox 3040 1466 3153 1531; x_wconf 89' lang='lat' dir='ltr'>est</span> <span class='ocrx_word' id='word_1_337' title='bbox 3232 1453 3639 1553; x_wconf 85' lang='lat' dir='ltr'>perfectior</span> <span class='ocrx_word' id='word_1_338' title='bbox 3705 1498 3709 1503; x_wconf 94' lang='lat'>-</span> 
     </span>
    </p>
   </div>
   <div class='ocr_carea' id='block_1_14' title="bbox 2081 1573 3638 3890">
    <p class='ocr_par' dir='ltr' id='par_1_17' title="bbox 2081 1573 3638 3890">
     <span class='ocr_line' id='line_1_69' title="bbox 2091 1573 3638 1671; baseline -0.001 -23"><span class='ocrx_word' id='word_1_339' title='bbox 2091 1596 2324 1671; x_wconf 91' lang='lat' dir='ltr'>quam</span> <span class='ocrx_word' id='word_1_340' title='bbox 2380 1574 2798 1648; x_wconf 83' lang='lat' dir='ltr'>voluntatis</span> <span class='ocrx_word' id='word_1_341' title='bbox 2852 1574 3163 1668; x_wconf 80' lang='lat' dir='ltr'>animae,</span> <span class='ocrx_word' id='word_1_342' title='bbox 3207 1573 3389 1671; x_wconf 89' lang='lat' dir='ltr'>quia</span> <span class='ocrx_word' id='word_1_343' title='bbox 3449 1596 3638 1670; x_wconf 92' lang='lat' dir='ltr'>ope-</span> 
     </span>
     <span class='ocr_line' id='line_1_70' title="bbox 2092 1688 3636 1787; baseline -0.001 -25"><span class='ocrx_word' id='word_1_344' title='bbox 2092 1689 2429 1783; x_wconf 77' lang='lat' dir='ltr'>rationes</span> <span class='ocrx_word' id='word_1_345' title='bbox 2533 1689 3117 1786; x_wconf 81' lang='lat' dir='ltr'>distinguuntur</span> <span class='ocrx_word' id='word_1_346' title='bbox 3192 1688 3474 1787; x_wconf 89' lang='lat' dir='ltr'>specie,</span> <span class='ocrx_word' id='word_1_347' title='bbox 3546 1711 3636 1762; x_wconf 86' lang='lat' dir='ltr'>ex</span> 
     </span>
     <span class='ocr_line' id='line_1_71' title="bbox 2093 1805 3636 1904; baseline -0.002 -24"><span class='ocrx_word' id='word_1_348' title='bbox 2093 1808 2236 1880; x_wconf 87' lang='lat' dir='ltr'>hoc</span> <span class='ocrx_word' id='word_1_349' title='bbox 2297 1806 2503 1904; x_wconf 88' lang='lat' dir='ltr'>quod</span> <span class='ocrx_word' id='word_1_350' title='bbox 2584 1806 2964 1904; x_wconf 91' lang='lat' dir='ltr'>principia</span> <span class='ocrx_word' id='word_1_351' title='bbox 3046 1806 3303 1904; x_wconf 88' lang='lat' dir='ltr'>priora</span> <span class='ocrx_word' id='word_1_352' title='bbox 3361 1805 3636 1879; x_wconf 90' lang='lat' dir='ltr'>distin-</span> 
     </span>
     <span class='ocr_line' id='line_1_72' title="bbox 2081 1923 3634 2029; baseline -0.002 -31"><span class='ocrx_word' id='word_1_353' title='bbox 2081 1934 2438 2029; x_wconf 74' lang='lat' dir='ltr'>guuntur</span> <span class='ocrx_word' id='word_1_354' title='bbox 2522 1924 2804 2022; x_wconf 92' lang='lat' dir='ltr'>specie.</span> <span class='ocrx_word' id='word_1_355' title='bbox 2878 1923 3026 1999; x_wconf 89' lang='lat' dir='ltr'>Sed</span> <span class='ocrx_word' id='word_1_356' title='bbox 3126 1933 3349 1998; x_wconf 91' lang='lat' dir='ltr'>teneo</span> <span class='ocrx_word' id='word_1_357' title='bbox 3429 1923 3634 2020; x_wconf 87' lang='lat' dir='ltr'>quod</span> 
     </span>
     <span class='ocr_line' id='line_1_73' title="bbox 2093 2042 3638 2139; baseline -0.002 -22"><span class='ocrx_word' id='word_1_358' title='bbox 2093 2043 2350 2117; x_wconf 88' lang='lat' dir='ltr'>fruitio</span> <span class='ocrx_word' id='word_1_359' title='bbox 2384 2043 2664 2118; x_wconf 72' lang='lat' dir='ltr'>animae</span> <span class='ocrx_word' id='word_1_360' title='bbox 2707 2052 2778 2118; x_wconf 90' lang='lat' dir='ltr'>et</span> <span class='ocrx_word' id='word_1_361' title='bbox 2818 2042 3093 2139; x_wconf 86' lang='lat' dir='ltr'>Angeli</span> <span class='ocrx_word' id='word_1_362' title='bbox 3128 2066 3281 2117; x_wconf 92' lang='lat' dir='ltr'>non</span> <span class='ocrx_word' id='word_1_363' title='bbox 3316 2051 3498 2116; x_wconf 90' lang='lat' dir='ltr'>sunt</span> <span class='ocrx_word' id='word_1_364' title='bbox 3536 2042 3638 2115; x_wconf 89' lang='lat' dir='ltr'>al-</span> 
     </span>
     <span class='ocr_line' id='line_1_74' title="bbox 2097 2156 3637 2256; baseline 0 -25"><span class='ocrx_word' id='word_1_365' title='bbox 2097 2158 2331 2233; x_wconf 89' lang='lat' dir='ltr'>terius</span> <span class='ocrx_word' id='word_1_366' title='bbox 2371 2158 2683 2256; x_wconf 90' lang='lat' dir='ltr'>speciei,</span> <span class='ocrx_word' id='word_1_367' title='bbox 2729 2158 2913 2255; x_wconf 87' lang='lat' dir='ltr'>quia</span> <span class='ocrx_word' id='word_1_368' title='bbox 2953 2158 3016 2232; x_wconf 94' lang='lat' dir='ltr'>si</span> <span class='ocrx_word' id='word_1_369' title='bbox 3059 2158 3195 2250; x_wconf 94' lang='lat' dir='ltr'>sic,</span> <span class='ocrx_word' id='word_1_370' title='bbox 3243 2156 3637 2256; x_wconf 86' lang='lat' dir='ltr'>quodlibet</span> 
     </span>
     <span class='ocr_line' id='line_1_75' title="bbox 2091 2273 3637 2372; baseline 0 -26"><span class='ocrx_word' id='word_1_371' title='bbox 2091 2274 2578 2349; x_wconf 89' lang='lat' dir='ltr'>individuum</span> <span class='ocrx_word' id='word_1_372' title='bbox 2616 2274 2846 2349; x_wconf 91' lang='lat' dir='ltr'>unius</span> <span class='ocrx_word' id='word_1_373' title='bbox 2895 2273 3180 2371; x_wconf 89' lang='lat' dir='ltr'>speciei</span> <span class='ocrx_word' id='word_1_374' title='bbox 3215 2282 3415 2348; x_wconf 89' lang='lat' dir='ltr'>esset</span> <span class='ocrx_word' id='word_1_375' title='bbox 3457 2296 3637 2372; x_wconf 92' lang='lat' dir='ltr'>per-</span> 
     </span>
     <span class='ocr_line' id='line_1_76' title="bbox 2090 2389 3637 2488; baseline -0.001 -25"><span class='ocrx_word' id='word_1_376' title='bbox 2090 2389 2361 2464; x_wconf 90' lang='lat' dir='ltr'>fectius</span> <span class='ocrx_word' id='word_1_377' title='bbox 2393 2390 2739 2488; x_wconf 89' lang='lat' dir='ltr'>quolibet</span> <span class='ocrx_word' id='word_1_378' title='bbox 2784 2390 3124 2479; x_wconf 89' lang='lat' dir='ltr'>alterius,</span> <span class='ocrx_word' id='word_1_379' title='bbox 3171 2399 3246 2464; x_wconf 89' lang='lat' dir='ltr'>et</span> <span class='ocrx_word' id='word_1_380' title='bbox 3283 2413 3420 2488; x_wconf 91' lang='lat' dir='ltr'>per</span> <span class='ocrx_word' id='word_1_381' title='bbox 3459 2413 3637 2464; x_wconf 90' lang='lat' dir='ltr'>con-</span> 
     </span>
     <span class='ocr_line' id='line_1_77' title="bbox 2089 2507 3637 2605; baseline 0.001 -25"><span class='ocrx_word' id='word_1_382' title='bbox 2089 2529 2426 2605; x_wconf 89' lang='lat' dir='ltr'>sequens</span> <span class='ocrx_word' id='word_1_383' title='bbox 2465 2509 2588 2581; x_wconf 91' lang='lat' dir='ltr'>vel</span> <span class='ocrx_word' id='word_1_384' title='bbox 2648 2507 2973 2605; x_wconf 88' lang='lat' dir='ltr'>quilibet</span> <span class='ocrx_word' id='word_1_385' title='bbox 3031 2509 3260 2581; x_wconf 90' lang='lat' dir='ltr'>homo</span> <span class='ocrx_word' id='word_1_386' title='bbox 3319 2508 3637 2581; x_wconf 89' lang='lat' dir='ltr'>haberet</span> 
     </span>
     <span class='ocr_line' id='line_1_78' title="bbox 2093 2614 3630 2722; baseline -0.001 -23"><span class='ocrx_word' id='word_1_387' title='bbox 2093 2626 2623 2722; x_wconf 86' lang='lat' dir='ltr'>perfectiorem</span> <span class='ocrx_word' id='word_1_388' title='bbox 2667 2646 2900 2722; x_wconf 87' lang='lat' dir='ltr'>quam</span> <span class='ocrx_word' id='word_1_389' title='bbox 2953 2614 3233 2720; x_wconf 90' lang='lat' dir='ltr'>aliquis</span> <span class='ocrx_word' id='word_1_390' title='bbox 3260 2626 3630 2720; x_wconf 79' lang='lat' dir='ltr'>AngeluS,</span> 
     </span>
     <span class='ocr_line' id='line_1_79' title="bbox 2088 2742 3635 2837; baseline 0.002 -25"><span class='ocrx_word' id='word_1_391' title='bbox 2088 2742 2211 2815; x_wconf 91' lang='lat' dir='ltr'>vel</span> <span class='ocrx_word' id='word_1_392' title='bbox 2254 2764 2294 2814; x_wconf 97' lang='lat' dir='ltr'>e</span> <span class='ocrx_word' id='word_1_393' title='bbox 2328 2750 2622 2834; x_wconf 88' lang='lat' dir='ltr'>contra,</span> <span class='ocrx_word' id='word_1_394' title='bbox 2667 2763 2995 2837; x_wconf 89' lang='lat' dir='ltr'>quorum</span> <span class='ocrx_word' id='word_1_395' title='bbox 3046 2749 3461 2837; x_wconf 89' lang='lat' dir='ltr'>utrumque</span> <span class='ocrx_word' id='word_1_396' title='bbox 3521 2750 3635 2815; x_wconf 90' lang='lat' dir='ltr'>est</span> 
     </span>
     <span class='ocr_line' id='line_1_80' title="bbox 2092 2858 3636 2956; baseline 0 -24"><span class='ocrx_word' id='word_1_397' title='bbox 2092 2858 2606 2956; x_wconf 88' lang='lat' dir='ltr'>falsum,quia</span> <span class='ocrx_word' id='word_1_398' title='bbox 2638 2858 2927 2933; x_wconf 90' lang='lat' dir='ltr'>erimus</span> <span class='ocrx_word' id='word_1_399' title='bbox 2985 2859 3326 2955; x_wconf 76' lang='lat' dir='ltr'>aequales</span> <span class='ocrx_word' id='word_1_400' title='bbox 3376 2860 3636 2955; x_wconf 80' lang='lat' dir='ltr'>Ange-</span> 
     </span>
     <span class='ocr_line' id='line_1_81' title="bbox 2090 2975 3636 3074; baseline 0 -25"><span class='ocrx_word' id='word_1_401' title='bbox 2090 2976 2212 3070; x_wconf 91' lang='lat' dir='ltr'>lis,</span> <span class='ocrx_word' id='word_1_402' title='bbox 2248 2999 2420 3051; x_wconf 91' lang='lat' dir='ltr'>cum</span> <span class='ocrx_word' id='word_1_403' title='bbox 2476 2976 2567 3050; x_wconf 91' lang='lat' dir='ltr'>ad</span> <span class='ocrx_word' id='word_1_404' title='bbox 2620 2976 3040 3074; x_wconf 90' lang='lat' dir='ltr'>quemlibet</span> <span class='ocrx_word' id='word_1_405' title='bbox 3081 2975 3402 3072; x_wconf 82' lang='lat' dir='ltr'>gradum</span> <span class='ocrx_word' id='word_1_406' title='bbox 3470 2978 3636 3050; x_wconf 80' lang='lat' dir='ltr'>An-</span> 
     </span>
     <span class='ocr_line' id='line_1_82' title="bbox 2088 3091 3637 3191; baseline -0.001 -22"><span class='ocrx_word' id='word_1_407' title='bbox 2088 3095 2438 3191; x_wconf 84' lang='lat' dir='ltr'>gelorum</span> <span class='ocrx_word' id='word_1_408' title='bbox 2495 3092 2647 3167; x_wconf 90' lang='lat' dir='ltr'>sint</span> <span class='ocrx_word' id='word_1_409' title='bbox 2706 3091 2942 3191; x_wconf 91' lang='lat' dir='ltr'>aliqui</span> <span class='ocrx_word' id='word_1_410' title='bbox 2988 3091 3344 3167; x_wconf 90' lang='lat' dir='ltr'>homines</span> <span class='ocrx_word' id='word_1_411' title='bbox 3410 3114 3637 3167; x_wconf 87' lang='lat' dir='ltr'>assu-</span> 
     </span>
     <span class='ocr_line' id='line_1_83' title="bbox 2088 3208 3634 3308; baseline -0.001 -24"><span class='ocrx_word' id='word_1_412' title='bbox 2088 3209 2375 3299; x_wconf 89' lang='lat' dir='ltr'>mendi,</span> <span class='ocrx_word' id='word_1_413' title='bbox 2421 3218 2496 3284; x_wconf 89' lang='lat' dir='ltr'>et</span> <span class='ocrx_word' id='word_1_414' title='bbox 2570 3233 2706 3307; x_wconf 89' lang='lat' dir='ltr'>per</span> <span class='ocrx_word' id='word_1_415' title='bbox 2781 3229 3266 3308; x_wconf 89' lang='lat' dir='ltr'>consequens</span> <span class='ocrx_word' id='word_1_416' title='bbox 3329 3208 3634 3283; x_wconf 87' lang='lat' dir='ltr'>fruitio-</span> 
     </span>
     <span class='ocr_line' id='line_1_84' title="bbox 2087 3324 3476 3422; baseline -0.003 -20"><span class='ocrx_word' id='word_1_417' title='bbox 2087 3350 2227 3402; x_wconf 92' lang='lat' dir='ltr'>nes</span> <span class='ocrx_word' id='word_1_418' title='bbox 2261 3349 2529 3401; x_wconf 90' lang='lat' dir='ltr'>eorum</span> <span class='ocrx_word' id='word_1_419' title='bbox 2572 3334 2795 3400; x_wconf 88' lang='lat' dir='ltr'>erunt</span> <span class='ocrx_word' id='word_1_420' title='bbox 2827 3347 3049 3422; x_wconf 80' lang='lat' dir='ltr'>aeque</span> <span class='ocrx_word' id='word_1_421' title='bbox 3090 3324 3476 3422; x_wconf 83' lang='lat' dir='ltr'>perfectae.</span> 
     </span>
     <span class='ocr_line' id='line_1_85' title="bbox 2188 3440 3630 3530; baseline -0.001 -14"><span class='ocrx_word' id='word_1_422' title='bbox 2188 3443 2501 3518; x_wconf 71' lang='lat' dir='ltr'>Praeter</span> <span class='ocrx_word' id='word_1_423' title='bbox 2552 3444 2746 3530; x_wconf 83' lang='lat' dir='ltr'>haec,</span> <span class='ocrx_word' id='word_1_424' title='bbox 2845 3442 2909 3515; x_wconf 89' lang='lat' dir='ltr'>si</span> <span class='ocrx_word' id='word_1_425' title='bbox 2985 3440 3383 3516; x_wconf 89' lang='lat' dir='ltr'>fruitiones</span> <span class='ocrx_word' id='word_1_426' title='bbox 3474 3441 3630 3516; x_wconf 90' lang='lat' dir='ltr'>sint</span> 
     </span>
     <span class='ocr_line' id='line_1_86' title="bbox 2086 3559 3628 3660; baseline -0.003 -23"><span class='ocrx_word' id='word_1_427' title='bbox 2086 3561 2433 3660; x_wconf 85' lang='lat' dir='ltr'>ejusdem</span> <span class='ocrx_word' id='word_1_428' title='bbox 2493 3559 2803 3658; x_wconf 91' lang='lat' dir='ltr'>speciei,</span> <span class='ocrx_word' id='word_1_429' title='bbox 2863 3559 3166 3633; x_wconf 90' lang='lat' dir='ltr'>videtur</span> <span class='ocrx_word' id='word_1_430' title='bbox 3209 3559 3412 3657; x_wconf 91' lang='lat' dir='ltr'>quod</span> <span class='ocrx_word' id='word_1_431' title='bbox 3485 3584 3628 3633; x_wconf 91' lang='lat' dir='ltr'>vo-</span> 
     </span>
     <span class='ocr_line' id='line_1_87' title="bbox 2088 3674 3627 3773; baseline -0.001 -21"><span class='ocrx_word' id='word_1_432' title='bbox 2088 3681 2421 3752; x_wconf 88' lang='lat' dir='ltr'>luntates</span> <span class='ocrx_word' id='word_1_433' title='bbox 2461 3685 2643 3751; x_wconf 91' lang='lat' dir='ltr'>sunt</span> <span class='ocrx_word' id='word_1_434' title='bbox 2683 3676 3026 3772; x_wconf 89' lang='lat' dir='ltr'>ejusdem</span> <span class='ocrx_word' id='word_1_435' title='bbox 3070 3674 3382 3773; x_wconf 90' lang='lat' dir='ltr'>speciei,</span> <span class='ocrx_word' id='word_1_436' title='bbox 3444 3676 3627 3773; x_wconf 89' lang='lat' dir='ltr'>quia</span> 
     </span>
     <span class='ocr_line' id='line_1_88' title="bbox 2085 3791 3628 3890; baseline -0.002 -22"><span class='ocrx_word' id='word_1_437' title='bbox 2085 3793 2490 3868; x_wconf 88' lang='lat' dir='ltr'>diversitas</span> <span class='ocrx_word' id='word_1_438' title='bbox 2550 3816 2807 3866; x_wconf 82' lang='lat' dir='ltr'>causae</span> <span class='ocrx_word' id='word_1_439' title='bbox 2873 3791 3323 3890; x_wconf 89' lang='lat' dir='ltr'>principalis</span> <span class='ocrx_word' id='word_1_440' title='bbox 3373 3792 3628 3886; x_wconf 85' lang='lat' dir='ltr'>arguit</span> 
     </span>
    </p>
   </div>
   <div class='ocr_carea' id='block_1_15' title="bbox 2086 3898 3709 3994">
    <p class='ocr_par' dir='ltr' id='par_1_18' title="bbox 2086 3898 3709 3994">
     <span class='ocr_line' id='line_1_89' title="bbox 2086 3898 3709 3994; baseline -0.003 -9"><span class='ocrx_word' id='word_1_441' title='bbox 2086 3911 2602 3986; x_wconf 87' lang='lat' dir='ltr'>diversitatem</span> <span class='ocrx_word' id='word_1_442' title='bbox 2659 3909 2730 3981; x_wconf 88' lang='lat' dir='ltr'>in</span> <span class='ocrx_word' id='word_1_443' title='bbox 2805 3907 3132 3994; x_wconf 80' lang='lat' dir='ltr'>effectu3</span> <span class='ocrx_word' id='word_1_444' title='bbox 3214 3907 3386 3982; x_wconf 89' lang='lat' dir='ltr'>ideo</span> <span class='ocrx_word' id='word_1_445' title='bbox 3455 3907 3624 3981; x_wconf 90' lang='lat' dir='ltr'>dico</span> <span class='ocrx_word' id='word_1_446' title='bbox 3701 3898 3709 3904; x_wconf 66' lang='grc'><strong>’</strong></span> 
     </span>
    </p>
   </div>
   <div class='ocr_carea' id='block_1_16' title="bbox 2082 4023 3631 5756">
    <p class='ocr_par' dir='ltr' id='par_1_19' title="bbox 2082 4023 3631 5756">
     <span class='ocr_line' id='line_1_90' title="bbox 2085 4023 3623 4125; baseline -0.001 -24"><span class='ocrx_word' id='word_1_447' title='bbox 2085 4027 2291 4125; x_wconf 88' lang='lat' dir='ltr'>quod</span> <span class='ocrx_word' id='word_1_448' title='bbox 2369 4027 2728 4100; x_wconf 89' lang='lat' dir='ltr'>voluntas</span> <span class='ocrx_word' id='word_1_449' title='bbox 2803 4024 3075 4119; x_wconf 80' lang='lat' dir='ltr'>Angeli</span> <span class='ocrx_word' id='word_1_450' title='bbox 3144 4033 3220 4098; x_wconf 90' lang='lat' dir='ltr'>et</span> <span class='ocrx_word' id='word_1_451' title='bbox 3285 4023 3623 4099; x_wconf 90' lang='lat' dir='ltr'>hominis</span> 
     </span>
     <span class='ocr_line' id='line_1_91' title="bbox 2085 4137 3623 4237; baseline -0.001 -22"><span class='ocrx_word' id='word_1_452' title='bbox 2085 4166 2241 4215; x_wconf 89' lang='lat' dir='ltr'>non</span> <span class='ocrx_word' id='word_1_453' title='bbox 2283 4140 2648 4215; x_wconf 85' lang='lat' dir='ltr'>differunt</span> <span class='ocrx_word' id='word_1_454' title='bbox 2687 4137 2970 4237; x_wconf 89' lang='lat' dir='ltr'>specie,</span> <span class='ocrx_word' id='word_1_455' title='bbox 3036 4147 3110 4212; x_wconf 90' lang='lat' dir='ltr'>et</span> <span class='ocrx_word' id='word_1_456' title='bbox 3139 4148 3397 4212; x_wconf 89' lang='lat' dir='ltr'>tamen</span> <span class='ocrx_word' id='word_1_457' title='bbox 3449 4140 3623 4213; x_wconf 91' lang='lat' dir='ltr'>sub·</span> 
     </span>
     <span class='ocr_line' id='line_1_92' title="bbox 2085 4255 3625 4353; baseline -0.005 -18"><span class='ocrx_word' id='word_1_458' title='bbox 2085 4259 2388 4335; x_wconf 76' lang='lat' dir='ltr'>stantiae</span> <span class='ocrx_word' id='word_1_459' title='bbox 2414 4280 2679 4333; x_wconf 90' lang='lat' dir='ltr'>eorum</span> <span class='ocrx_word' id='word_1_460' title='bbox 2708 4255 3072 4331; x_wconf 85' lang='lat' dir='ltr'>differunt</span> <span class='ocrx_word' id='word_1_461' title='bbox 3102 4256 3483 4353; x_wconf 84' lang='lat' dir='ltr'>specie.Et</span> <span class='ocrx_word' id='word_1_462' title='bbox 3517 4257 3625 4329; x_wconf 86' lang='lat' dir='ltr'>si-</span> 
     </span>
     <span class='ocr_line' id='line_1_93' title="bbox 2086 4372 3629 4470; baseline -0.001 -21"><span class='ocrx_word' id='word_1_463' title='bbox 2086 4377 2289 4450; x_wconf 92' lang='lat' dir='ltr'>milis</span> <span class='ocrx_word' id='word_1_464' title='bbox 2320 4373 2730 4448; x_wconf 82' lang='lat' dir='ltr'>difficultas</span> <span class='ocrx_word' id='word_1_465' title='bbox 2762 4383 2876 4447; x_wconf 93' lang='lat' dir='ltr'>est</span> <span class='ocrx_word' id='word_1_466' title='bbox 2909 4372 3001 4447; x_wconf 90' lang='lat' dir='ltr'>de</span> <span class='ocrx_word' id='word_1_467' title='bbox 3034 4372 3402 4470; x_wconf 81' lang='lat' dir='ltr'>recipere,</span> <span class='ocrx_word' id='word_1_468' title='bbox 3442 4373 3629 4470; x_wconf 90' lang='lat' dir='ltr'>quia</span> 
     </span>
     <span class='ocr_line' id='line_1_94' title="bbox 2085 4491 3627 4592; baseline -0.001 -22"><span class='ocrx_word' id='word_1_469' title='bbox 2085 4496 2146 4570; x_wconf 92' lang='lat' dir='ltr'>si</span> <span class='ocrx_word' id='word_1_470' title='bbox 2209 4496 2301 4571; x_wconf 91' lang='lat' dir='ltr'>ad</span> <span class='ocrx_word' id='word_1_471' title='bbox 2382 4496 2525 4568; x_wconf 90' lang='lat' dir='ltr'>hoc</span> <span class='ocrx_word' id='word_1_472' title='bbox 2604 4493 2809 4592; x_wconf 89' lang='lat' dir='ltr'>quod</span> <span class='ocrx_word' id='word_1_473' title='bbox 2881 4502 3188 4590; x_wconf 85' lang='lat' dir='ltr'>recepta</span> <span class='ocrx_word' id='word_1_474' title='bbox 3261 4491 3627 4568; x_wconf 82' lang='lat' dir='ltr'>differunt</span> 
     </span>
     <span class='ocr_line' id='line_1_95' title="bbox 2085 4608 3626 4709; baseline -0.002 -24"><span class='ocrx_word' id='word_1_475' title='bbox 2085 4611 2369 4709; x_wconf 90' lang='lat' dir='ltr'>specie,</span> <span class='ocrx_word' id='word_1_476' title='bbox 2455 4618 2911 4708; x_wconf 89' lang='lat' dir='ltr'>sequeretur</span> <span class='ocrx_word' id='word_1_477' title='bbox 2973 4608 3423 4706; x_wconf 85' lang='lat' dir='ltr'>recipientia</span> <span class='ocrx_word' id='word_1_478' title='bbox 3496 4609 3626 4682; x_wconf 82' lang='lat' dir='ltr'>dif-</span> 
     </span>
     <span class='ocr_line' id='line_1_96' title="bbox 2086 4727 3628 4826; baseline -0.003 -22"><span class='ocrx_word' id='word_1_479' title='bbox 2086 4732 2281 4804; x_wconf 86' lang='lat' dir='ltr'>ferre</span> <span class='ocrx_word' id='word_1_480' title='bbox 2314 4727 2596 4826; x_wconf 91' lang='lat' dir='ltr'>specie,</span> <span class='ocrx_word' id='word_1_481' title='bbox 2643 4735 3017 4826; x_wconf 90' lang='lat' dir='ltr'>ponentes</span> <span class='ocrx_word' id='word_1_482' title='bbox 3054 4727 3524 4801; x_wconf 86' lang='lat' dir='ltr'>voluntatem</span> <span class='ocrx_word' id='word_1_483' title='bbox 3555 4736 3628 4801; x_wconf 89' lang='lat' dir='ltr'>et</span> 
     </span>
     <span class='ocr_line' id='line_1_97' title="bbox 2087 4843 3628 4940; baseline -0.003 -19"><span class='ocrx_word' id='word_1_484' title='bbox 2087 4848 2557 4921; x_wconf 89' lang='lat' dir='ltr'>intellectum</span> <span class='ocrx_word' id='word_1_485' title='bbox 2593 4843 2897 4918; x_wconf 83' lang='lat' dir='ltr'>differre</span> <span class='ocrx_word' id='word_1_486' title='bbox 2948 4844 3228 4940; x_wconf 91' lang='lat' dir='ltr'>specie,</span> <span class='ocrx_word' id='word_1_487' title='bbox 3303 4853 3376 4917; x_wconf 90' lang='lat' dir='ltr'>et</span> <span class='ocrx_word' id='word_1_488' title='bbox 3451 4868 3628 4918; x_wconf 87' lang='lat' dir='ltr'>cum</span> 
     </span>
     <span class='ocr_line' id='line_1_98' title="bbox 2087 4961 3631 5061; baseline -0.003 -21"><span class='ocrx_word' id='word_1_489' title='bbox 2087 4968 2232 5040; x_wconf 90' lang='lat' dir='ltr'>hoc</span> <span class='ocrx_word' id='word_1_490' title='bbox 2299 4963 2540 5061; x_wconf 69' lang='lat' dir='ltr'>,recipi</span> <span class='ocrx_word' id='word_1_491' title='bbox 2610 4962 3048 5036; x_wconf 87' lang='lat' dir='ltr'>immediate</span> <span class='ocrx_word' id='word_1_492' title='bbox 3134 4961 3209 5033; x_wconf 88' lang='lat' dir='ltr'>in</span> <span class='ocrx_word' id='word_1_493' title='bbox 3296 4962 3631 5035; x_wconf 88' lang='lat' dir='ltr'>essentia</span> 
     </span>
     <span class='ocr_line' id='line_1_99' title="bbox 2085 5077 3623 5176; baseline -0.005 -20"><span class='ocrx_word' id='word_1_494' title='bbox 2085 5081 2396 5172; x_wconf 75' lang='lat' dir='ltr'>animae,</span> <span class='ocrx_word' id='word_1_495' title='bbox 2482 5088 2857 5176; x_wconf 88' lang='lat' dir='ltr'>ponerent</span> <span class='ocrx_word' id='word_1_496' title='bbox 2941 5077 3623 5176; x_wconf 87' lang='lat' dir='ltr'>incompossibilia.</span> 
     </span>
     <span class='ocr_line' id='line_1_100' title="bbox 2085 5197 3629 5293; baseline -0.003 -21"><span class='ocrx_word' id='word_1_497' title='bbox 2085 5198 2454 5272; x_wconf 86' lang='lat' dir='ltr'>Similiter</span> <span class='ocrx_word' id='word_1_498' title='bbox 2484 5206 2875 5293; x_wconf 88' lang='lat' dir='ltr'>receptum</span> <span class='ocrx_word' id='word_1_499' title='bbox 2929 5204 3178 5293; x_wconf 88' lang='lat' dir='ltr'>potest</span> <span class='ocrx_word' id='word_1_500' title='bbox 3210 5219 3376 5270; x_wconf 92' lang='lat' dir='ltr'>esse</span> <span class='ocrx_word' id='word_1_501' title='bbox 3419 5197 3629 5290; x_wconf 87' lang='lat' dir='ltr'>ejus-</span> 
     </span>
     <span class='ocr_line' id='line_1_101' title="bbox 2082 5309 3629 5409; baseline -0.003 -22"><span class='ocrx_word' id='word_1_502' title='bbox 2082 5314 2256 5387; x_wconf 89' lang='lat' dir='ltr'>dem</span> <span class='ocrx_word' id='word_1_503' title='bbox 2319 5311 2630 5409; x_wconf 89' lang='lat' dir='ltr'>speciei,</span> <span class='ocrx_word' id='word_1_504' title='bbox 2715 5319 2788 5384; x_wconf 90' lang='lat' dir='ltr'>et</span> <span class='ocrx_word' id='word_1_505' title='bbox 2851 5309 3301 5406; x_wconf 85' lang='lat' dir='ltr'>recipientia</span> <span class='ocrx_word' id='word_1_506' title='bbox 3367 5312 3629 5383; x_wconf 90' lang='lat' dir='ltr'>imme-</span> 
     </span>
     <span class='ocr_line' id='line_1_102' title="bbox 2084 5425 3627 5523; baseline -0.003 -21"><span class='ocrx_word' id='word_1_507' title='bbox 2084 5431 2289 5503; x_wconf 87' lang='lat' dir='ltr'>diata</span> <span class='ocrx_word' id='word_1_508' title='bbox 2346 5427 2828 5502; x_wconf 86' lang='lat' dir='ltr'>diversarum</span> <span class='ocrx_word' id='word_1_509' title='bbox 2907 5427 3370 5523; x_wconf 89' lang='lat' dir='ltr'>specierum,</span> <span class='ocrx_word' id='word_1_510' title='bbox 3443 5425 3627 5523; x_wconf 85' lang='lat' dir='ltr'>quia</span> 
     </span>
     <span class='ocr_line' id='line_1_103' title="bbox 2083 5541 3628 5640; baseline -0.003 -21"><span class='ocrx_word' id='word_1_511' title='bbox 2083 5545 2340 5619; x_wconf 89' lang='lat' dir='ltr'>album</span> <span class='ocrx_word' id='word_1_512' title='bbox 2413 5543 2491 5615; x_wconf 92' lang='lat' dir='ltr'>in</span> <span class='ocrx_word' id='word_1_513' title='bbox 2562 5542 2770 5636; x_wconf 82' lang='lat' dir='ltr'>ligno</span> <span class='ocrx_word' id='word_1_514' title='bbox 2829 5551 2900 5615; x_wconf 88' lang='lat' dir='ltr'>et</span> <span class='ocrx_word' id='word_1_515' title='bbox 2971 5541 3218 5640; x_wconf 90' lang='lat' dir='ltr'>lapide</span> <span class='ocrx_word' id='word_1_516' title='bbox 3261 5551 3375 5615; x_wconf 86' lang='lat' dir='ltr'>est</span> <span class='ocrx_word' id='word_1_517' title='bbox 3432 5541 3628 5637; x_wconf 87' lang='lat' dir='ltr'>ejus-</span> 
     </span>
     <span class='ocr_line' id='line_1_104' title="bbox 2082 5654 3623 5756; baseline -0.003 -23"><span class='ocrx_word' id='word_1_518' title='bbox 2082 5659 2253 5734; x_wconf 85' lang='lat' dir='ltr'>dem</span> <span class='ocrx_word' id='word_1_519' title='bbox 2330 5655 2641 5756; x_wconf 90' lang='lat' dir='ltr'>speciei,</span> <span class='ocrx_word' id='word_1_520' title='bbox 2686 5666 2760 5731; x_wconf 88' lang='lat' dir='ltr'>et</span> <span class='ocrx_word' id='word_1_521' title='bbox 2810 5656 3132 5731; x_wconf 89' lang='lat' dir='ltr'>ulterius</span> <span class='ocrx_word' id='word_1_522' title='bbox 3173 5654 3623 5755; x_wconf 83' lang='lat' dir='ltr'>superficies</span> 
     </span>
    </p>
   </div>
   <div class='ocr_carea' id='block_1_17' title="bbox 3773 3471 3881 3538">
    <p class='ocr_par' dir='ltr' id='par_1_20' title="bbox 3773 3471 3881 3538">
     <span class='ocr_line' id='line_1_105' title="bbox 3773 3471 3881 3538; baseline -0.019 0"><span class='ocrx_word' id='word_1_523' title='bbox 3773 3471 3881 3538; x_wconf 83' lang='lat'><strong>23.</strong></span> 
     </span>
    </p>
   </div>
  </div>
 </body>
</html>
