4295 6326
605 399 732 465 220

2015 399 2251 467 LIBRI
2300 401 2388 472 11.

618 593 769 668 que
840 574 1411 671 comparatione
1481 576 1573 649 ad
1643 574 1878 662 aliud,
1948 582 2020 647 et
2074 572 2169 646 ab
2274 577 2637 651 voluntas
2677 585 2791 651 est
2831 598 3231 667 conversa,
3277 595 3427 646 non
3473 567 3829 662 intelligit

623 688 1139 765 intellectione
1210 692 1416 766 illius
1500 702 1745 790 potest
1813 693 2172 765 voluntas

627 814 969 879 avertere
1032 808 1529 882 intellectum.

726 923 1005 997 Contra
1100 925 1453 1000 ultimum
1544 927 1884 1019 modum,
1970 925 2175 1021 quod

631 1039 757 1112 ille
802 1065 955 1113 non
1000 1041 1305 1126 suffieit,
1355 1044 1767 1140 probatur:
1816 1042 1895 1116 Si
1955 1042 2174 1135 illud,

630 1157 835 1253 quod
895 1159 1309 1255 requiritur
1351 1160 1441 1233 ad
1500 1160 1962 1252 discursum,
2022 1182 2177 1231 non

628 1282 742 1347 est
786 1273 863 1346 in
915 1284 1285 1372 potestate
1335 1277 1780 1370 voluntatiS,
1836 1299 1977 1350 nec
2018 1275 2180 1373 ipse

629 1388 1025 1464 discursus
1084 1402 1196 1466 est
1253 1391 1329 1464 in
1393 1402 1762 1490 potestate
1823 1394 2186 1465 volunta-

626 1505 721 1579 tis
750 1532 769 1599 3
806 1505 1202 1582 discursus
1229 1518 1485 1583 autem
1519 1507 1954 1583 necessario
1996 1531 2187 1606 prae·

630 1623 1001 1720 supponit
1073 1625 1591 1722 cognitionem
1675 1624 2186 1723 apprehensi-

628 1761 804 1811 vam
840 1739 1142 1836 objecti,
1189 1754 1263 1815 et
1294 1741 1425 1816 illa
1463 1742 1789 1840 simplex
1841 1741 2188 1815 intellec-

633 1853 737 1927 tio
778 1854 1084 1952 objecti,
1121 1857 1214 1931 ad
1249 1858 1453 1956 quod
1485 1858 1711 1933 debet
1748 1858 2188 1932 intellectus

635 1971 1093 2067 discurrere,
1139 1999 1294 2049 non
1356 1986 1467 2050 est
1500 1975 1578 2050 in
1611 1984 1982 2074 potestate
2048 2000 2191 2050 vo-

635 2087 982 2182 luntatiS,
1069 2099 1438 2188 utsupra
1520 2091 1925 2189 probatum
2009 2100 2186 2184 est3

636 2226 820 2300 ergo
881 2229 1022 2282 nec
1073 2208 1494 2283 discursus.

742 2321 1024 2396 Contra
1063 2347 1333 2398 omnes
1376 2325 1642 2399 modos
1682 2325 1911 2399 simul
1950 2347 1965 2398 :
2011 2323 2195 2398 Nul-

643 2439 763 2512 lus
840 2439 1043 2513 enim
1124 2441 1426 2515 illorum
1498 2451 1747 2541 potest
1799 2442 2192 2539 assignare

644 2557 982 2653 aliquem
1033 2568 1285 2632 aetum
1326 2558 1804 2656 intelligendi
1860 2561 1936 2633 in
1980 2561 2197 2636 intel-

642 2683 845 2748 tectu
889 2674 966 2747 in
1032 2675 1296 2750 eodem
1359 2676 1671 2751 instanti
1732 2676 1810 2750 in
1856 2701 2009 2775 quo
2054 2701 2197 2750 vo-

641 2791 898 2865 luntas
939 2792 1214 2867 avertit
1243 2793 1715 2868 intellectum
1757 2817 1801 2867 a
1853 2794 2196 2868 conside-

641 2908 937 2982 ratione
1025 2909 1282 3002 uniuS,
1346 2910 1442 2984 ad
1497 2910 2191 2985 considerationem

640 3023 980 3110 alterius,
1055 3033 1128 3097 et
1222 3025 1556 3122 priorem
1644 3035 1946 3100 natura.
2020 3026 2193 3099 Non

642 3139 940 3235 primus
1000 3142 1274 3216 modus
1314 3142 1406 3217 de
1465 3142 1902 3239 cognitione
1971 3142 2197 3218 habi-

640 3258 859 3351 tuali,
919 3259 1103 3358 quia
1160 3261 1285 3335 ille
1328 3262 1626 3335 nullum
1688 3270 1939 3337 aetum
1982 3261 2200 3359 ponit

642 3374 720 3447 in
790 3375 1209 3452 intellectu.

370 929 470 994 12.

275 1045 339 1094 Et
381 1044 596 1093 demum

339 1108 546 1170 quinta.

285 2322 480 2372 Omnes
518 2319 603 2369 hae

303 2383 587 2458 opiniones

289 2444 578 2559 ‹ziffitttsst

740 3492 908 3567 Non
956 3496 1345 3569 secundus
1399 3495 1491 3570 de
1537 3495 1976 3593 cognitione
2038 3498 2201 3570 uni·
2254 3486 2275 3502 “

641 3611 952 3705 versali,
1017 3613 1201 3709 quia
1255 3612 1520 3686 volitio
1576 3622 1691 3687 est
1765 3614 1843 3686 in
1899 3637 1979 3688 se
2039 3614 2187 3689 dis-

642 3730 928 3812 tincta:
1009 3731 1140 3806 sed
1216 3739 1459 3823 aetUS,
1521 3732 1644 3805 vel
1720 3731 2054 3828 cognitio
2120 3732 2198 3805 in

646 3846 1069 3922 universali
1124 3856 1236 3923 est
1295 3846 1770 3922 indistincta.
1843 3848 2001 3922 Nec
2049 3858 2200 3923 ter-

646 3965 794 4043 tius
887 3964 977 4039 de
1074 3963 1524 4039 remissione
1629 3963 2196 4056 intellectioniffi

647 4082 829 4180 quia
875 4081 1050 4155 talis
1093 4080 1445 4155 remissio
1496 4103 1650 4154 non
1694 4081 1907 4179 ponit
1948 4082 2204 4178 cogni-

646 4198 933 4272 tionem
995 4197 1312 4272 alterius
1352 4197 1660 4293 obJecti‚
1709 4199 1856 4272 nisi
1898 4223 1943 4273 a
1983 4218 2195 4275 casu.

644 4316 805 4390 Nee
881 4323 1202 4411 quartus
1270 4315 1545 4388 modus
1605 4314 1697 4389 de
1765 4316 2201 4411 cognitione

648 4431 1033 4524 collativa,
1092 4430 1275 4527 quia
1314 4453 1579 4527 quaero
1623 4432 1826 4506 unde
1858 4441 2022 4506 erat
2053 4456 2203 4506 ma·

650 4552 766 4649 gis
798 4551 872 4623 in
911 4558 1281 4647 potestate
1304 4549 1720 4624 voluntatis
1745 4550 2027 4625 habere
2056 4553 2204 4625 col-

649 4667 988 4759 lativam,
1061 4688 1292 4762 quam
1350 4665 1944 4741 intellectionem
2013 4667 2203 4741 sim-

647 4785 924 4882 plicem
995 4782 1319 4881 primam
1405 4781 1498 4856 ad
1564 4804 1794 4878 quam
1878 4784 2193 4858 confert.

648 4902 1060 4991 Praeterea,
1107 4899 1415 4997 quando
1472 4898 1815 4996 intelligo
1867 4900 2196 4997 lapidem

648 5019 1025 5109 absolute,
1070 5041 1230 5089 non
1267 5016 1513 5091 habeo
1547 5016 2195 5113 comparationem

649 5138 1048 5237 praeviam,
1132 5159 1272 5210 nec
1348 5135 1698 5209 absoluta
1787 5136 2199 5211 intellectio

652 5252 935 5329 sufficit
975 5251 1068 5325 ad
1113 5252 1255 5324 hoe
1298 5250 1503 5346 quod
1547 5250 1729 5324 velit
1757 5251 2205 5349 comparati-

648 5394 850 5445 vam.

748 5486 905 5559 Nec
966 5483 1282 5584 quintus
1318 5483 1587 5556 modus
1619 5482 1709 5556 de
1766 5482 2201 5578 cognitione

652 5602 1106 5695 discursiva,
1171 5599 1352 5698 quia
1407 5599 1482 5672 in
1553 5599 1862 5673 instanti
1906 5600 1983 5673 in
2044 5622 2197 5696 quo

2280 703 2702 769 extremum
2748 717 2790 768 a
2845 717 2998 792 quo
3056 690 3441 781 discurrit,
3499 687 3679 784 quia
3734 683 3826 758 ab

2282 810 2798 885 intellectione
2859 808 3102 907 ipsius
3144 806 3469 898 avertit3
3516 826 3657 876 nee
3703 799 3834 874 ali-

2284 928 2490 1025 quod
2549 936 2974 1000 extremum
3026 926 3118 1000 ad
3170 923 3374 1022 quod
3443 916 3827 1009 discurrit,

2286 1044 2470 1142 quia
2528 1043 2734 1117 illius
2789 1041 3204 1117 intellectio
3273 1049 3386 1115 est
3461 1034 3835 1135 posterior

2287 1170 2565 1235 natura
2619 1159 2984 1234 volitione
3022 1186 3040 1252 ;
3087 1167 3233 1231 stat
3295 1179 3478 1250 ergo
3519 1151 3838 1226 difficul-

2289 1289 2428 1368 taS,
2477 1278 2861 1377 quomodo
2902 1277 3262 1349 voluntas
3311 1280 3559 1371 potest
3615 1292 3840 1377 aver-

2290 1406 2448 1471 tere
2546 1394 3014 1469 intellectum
3096 1416 3141 1467 a
3224 1385 3839 1466 consideratione

2294 1509 2527 1585 unius
2603 1509 2696 1583 ad
2736 1506 3429 1584 considerationem
3490 1501 3831 1577 alteriuS.

2816 1818 3178 1876 SCIIOLIUM
3220 1816 3315 1874 111.

2368 1973 2647 2030 Voluntas
2688 1971 2940 2043 imperat
2987 1968 3346 2042 cogitationi,
3395 1966 3484 2023 vel
3522 1967 3729 2022 avortit
3757 1966 3843 2021 in·

2298 2064 2613 2131 tellectum,
2647 2064 2878 2136 quando
2910 2063 2966 2117 in
2999 2062 3199 2132 aliqua
3249 2058 3453 2115 notitia
3504 2057 3844 2129 imperfecta

2298 2171 2371 2211 ex
2402 2154 2668 2225 pluribus
2697 2152 2993 2210 similibus
3025 2151 3082 2207 in
3133 2150 3426 2207 intellectu
3472 2149 3642 2204 simul
3691 2147 3847 2203 exis-

2299 2246 2587 2310 tentibus,
2620 2245 2966 2316 complacet,
2995 2241 3127 2315 quia
3158 2246 3303 2297 tuno
3351 2239 3451 2297 ilio
3500 2240 3705 2296 notitia
3750 2239 3842 2295 in-

2300 2337 2574 2402 tenditur,
2649 2340 2705 2391 et
2776 2333 2900 2390 aliae
2975 2332 3380 2399 remittuntur,
3456 2330 3543 2387 vel
3602 2329 3842 2387 omnino

2300 2432 2552 2480 cessant.
2584 2424 2873 2478 suadetur
2900 2423 3003 2479 iste
3032 2424 3244 2478 modus
3283 2436 3352 2477 ox
3405 2419 3847 2491 impugnatione

2300 2513 2546 2569 aliorum
2581 2513 2860 2584 quinque.
2900 2510 3043 2567 Vide
3078 2516 3375 2568 Doctorum
3423 2509 3481 2564 in
3531 2511 3707 2564 Oxon.
3755 2507 3846 2562 hio

2301 2618 2334 2656 a
2365 2618 2525 2656 num.
2561 2601 2646 2656 102
2679 2605 2736 2655 et
2766 2599 2959 2656 collat.
2989 2600 3044 2658 2.

2399 2804 2857 2904 Respondeo
2917 2802 3149 2899 igitur
3206 2802 3300 2875 ad
3343 2801 3674 2900 primum
3720 2823 3847 2875 ar-

2300 2923 2651 3015 ticulum,
2697 2928 2771 2995 et
2827 2917 3207 3017 praemitto
3275 2926 3430 2993 tres
3494 2919 3913 3017 proposi-¹³

2300 3038 2577 3131 tioneS,
2623 3059 2715 3110 ex
2756 3033 3039 3133 quibus
3079 3043 3284 3132 patet
3334 3035 3844 3132 propositum,

2302 3178 2628 3252 quarum
2714 3150 2964 3250 prima
3038 3160 3178 3244 est,
3240 3150 3442 3249 quod
3509 3175 3662 3225 una
3728 3150 3852 3224 in-

2300 3269 2735 3344 tellectione
2810 3267 3180 3342 existente
3274 3266 3351 3340 in
3430 3266 3851 3363 intellectu,

2303 3388 2568 3460 multae
2637 3392 2960 3483 possunt
3034 3405 3203 3458 esse
3260 3381 3724 3458 indistinctae
3783 3393 3858 3458 et

2304 3500 2795 3600 imperfectae.
2862 3499 3026 3573 Hoc
3092 3508 3299 3597 patet
3355 3498 3431 3571 in
3502 3501 3851 3599 exemplo

2303 3617 2397 3691 de
2428 3617 2629 3709 visu,
2676 3614 2859 3713 quia
2888 3613 3149 3689 omnia
3180 3637 3353 3712 quae
3386 3614 3857 3711 objiciuntur

2306 3734 2529 3808 oculo
2571 3732 2714 3806 sub
2767 3754 2927 3806 una
2966 3729 3362 3830 pyramide
3403 3730 3637 3826 videt,
3703 3755 3858 3808 una

2305 3861 2561 3925 tamen
2606 3858 2720 3924 est
2780 3847 2975 3922 visio
3036 3848 3369 3947 perfecta
3425 3848 3659 3940 illius,
3705 3848 3857 3923 sei-

2307 3966 2485 4042 licet
2515 3965 2776 4064 puncti
2812 3964 2887 4037 in
2919 3987 3113 4038 cono
3146 3962 3610 4061 pyramidis3
3652 3965 3853 4040 unde

2307 4082 2497 4156 illud
2543 4105 2777 4180 super
2816 4080 3022 4177 quod
3064 4079 3264 4153 eadit
3314 4079 3476 4154 axis
3518 4080 3860 4180 pyrami-

2308 4198 2452 4291 dis,
2514 4197 2816 4272 videtur
2872 4195 3279 4291 distinete3
3342 4196 3670 4271 aliorum
3719 4221 3860 4271 au-

2312 4325 2458 4390 tem
2528 4314 2605 4387 in
2677 4314 2807 4388 illa
2864 4312 3259 4411 pyramide
3332 4322 3514 4388 sunt
3590 4314 3855 4412 plures

2306 4431 2647 4506 visiones
2713 4429 3092 4505 distinetae
3127 4458 3146 4524 ;
3219 4429 3353 4505 sed
3420 4428 3481 4504 si
3534 4432 3680 4505 hoc
3746 4440 3862 4505 est

2308 4547 2672 4646 possibile
2731 4546 2810 4620 in
2871 4568 3131 4634 sensu,
3192 4546 3432 4620 multo
3475 4546 3720 4643 magis
3778 4548 3856 4621 in

2307 4664 2724 4740 intellectu.

2406 4779 2764 4854 Secunda
2811 4787 2950 4867 est,
2997 4777 3201 4875 quod
3257 4776 3853 4856 intellectionem

2308 4896 2873 4988 inexistentem,
2955 4893 3131 4968 lieet
3205 4916 3359 4968 non
3438 4896 3853 4993 cognitam,

2309 5023 2393 5089 ut
2457 5013 2870 5110 objectum,
2933 5020 3180 5109 potest
3235 5013 3596 5089 voluntas
3662 5016 3859 5091 velle

2309 5141 2383 5207 et
2470 5131 2948 5228 complacere
3015 5128 3157 5203 sibi
3228 5128 3309 5202 in
3378 5129 3572 5226 il1a3
3643 5133 3862 5209 aliter

2308 5248 2515 5324 enim
2571 5249 2926 5322 voluntas
2966 5270 3120 5319 non
3183 5258 3440 5344 posset
3496 5253 3861 5348 copulare

2309 5376 2702 5465 parentem
2745 5388 2917 5439 cum
2971 5364 3214 5462 prole,
3269 5366 3474 5461 quod
3517 5377 3632 5442 est
3687 5391 3863 5443 con-

2309 5493 2425 5557 tra
2481 5480 2993 5578 Augustinum
3067 5481 3160 5554 de
3217 5481 3579 5559 Trinitate
3621 5485 3859 5561 ferme

2314 5599 2626 5697 ubique,
2687 5597 3018 5674 maxime
3072 5621 3255 5673 vero
3309 5596 3502 5673 libro
3560 5599 3629 5673 9.

3968 2802 4079 2870 13.

3917 2920 4054 2970 rima
4084 2934 4212 2986 pro-

3919 2983 4140 3047 positio.

3918 4790 4191 4848 secunda.
