4295 6326
1438 428 1669 499 DIST.
1718 426 1908 500 XVI.
1960 370 2378 506 QUAESTIO
2433 427 2667 498 UNIC.
3546 424 3624 491 71

170 598 400 708 {3333
446 614 632 665 unus
664 594 944 671 Doctor
973 602 1177 697 quod
1223 602 1415 674 nihil
1458 600 1614 697 agit
1653 622 1790 697 per
1855 621 1969 672 es·
2080 599 2375 673 Anima
2439 599 2814 673 dividitur
2879 600 2960 673 in
2995 598 3379 696 potentias
3434 596 3632 668 sicut

167 722 397 785 dupliciter·
438 710 774 801 sentiam,
833 714 980 788 nisi
1058 719 1271 792 solus
1344 718 1575 802 DeuS,
1637 725 1711 789 et
1802 715 1965 811 ipsc
2079 722 2318 788 totum
2406 717 2487 789 z'n
2550 724 2833 812 partes.
2907 716 3017 789 Ad
3090 716 3232 788 hoc
3326 712 3629 785 videtur

204 4784 253 4851 9.

434 849 724 924 semper
798 832 978 927 agit.
1039 833 1178 907 Vel
1248 843 1498 933 potest
1553 833 1699 907 dici
1759 831 1963 929 quod

416 964 551 1037 per
589 949 995 1024 essentiam
1030 961 1278 1048 potest
1339 951 1580 1049 accipi
1645 947 1964 1047 duplici-

423 1067 552 1133 ter:
592 1063 1027 1160 Aliquando
1073 1068 1673 1165 utdistinguitur
1696 1075 1961 1140 contra

414 1174 621 1271 illud,
660 1183 866 1277 quod
900 1194 1015 1259 est
1056 1208 1195 1282 per
1225 1185 1891 1284 participationem
1931 1212 1950 1277 ;

416 1292 821 1391 aliquando
921 1311 1002 1376 ut
1105 1302 1606 1398 distinguitur
1689 1310 1958 1375 contra

400 1432 537 1505 per
626 1415 1005 1491 accidens.
1096 1417 1356 1493 Primo
1454 1420 1705 1509 mod0,
1778 1416 1949 1492 dico

411 1528 608 1622 quod
688 1531 878 1606 nihil
938 1543 1053 1607 est
1127 1558 1265 1632 per
1329 1535 1737 1611 essentiam
1801 1532 1951 1608 nisi

408 1642 638 1737 Deus,
674 1646 859 1743 quia
888 1650 1141 1723 omnis
1173 1651 1486 1746 veritaS,
1541 1661 1616 1726 et
1673 1651 1950 1726 entitas

404 1770 656 1836 creata
693 1774 809 1839 est
857 1767 1030 1841 talis
1064 1791 1199 1865 per
1249 1768 1944 1867 participationem,

402 1886 469 1949 et
504 1877 654 1953 isto
727 1883 955 1957 modo
1021 1908 1261 1981 agens
1312 1909 1448 1984 per
1533 1887 1944 1961 essentiam

401 2018 704 2094 semper
759 1999 940 2095 agit.
1006 2001 1363 2077 Secundo
1435 2003 1659 2077 modo
1709 2028 1946 2100 agens

401 2138 528 2212 per
553 2118 1003 2213 essentiam,
1042 2122 1186 2195 boc
1237 2133 1375 2209 est,
1416 2147 1570 2197 non
1637 2146 1775 2221 per
1831 2147 1946 2198 ac·

400 2233 690 2325 cidens,
730 2260 881 2310 non
917 2261 1222 2336 semper
1260 2240 1417 2336 agit
1474 2242 1935 2316 necessario,

395 2350 497 2422 Ad
559 2352 713 2425 hoc
790 2363 903 2427 est
976 2355 1373 2430 Avicenna
1447 2357 1518 2430 6.
1591 2358 1935 2457 Metaplz.

395 2489 553 2562 cap.
621 2467 691 2539 2.
754 2468 1019 2544 dicens
1079 2473 1285 2569 quod
1346 2473 1700 2571 quaedam
1765 2485 1947 2549 sunt

394 2582 711 2658 virtutes
733 2586 1002 2661 activae
1038 2588 1459 2663 secundum
1537 2591 1940 2665 essentiam

389 2722 638 2788 suam,
684 2702 1036 2798 quaedam
1069 2728 1249 2778 non.

482 2815 599 2888 Ad
659 2816 869 2891 aliud
928 2841 1104 2893 cum
1183 2819 1489 2914 dicitur,
1552 2822 1751 2897 sicut
1816 2845 1941 2897 es-

391 2933 643 3006 sentia
668 2933 764 3006 ad
823 2956 1010 3028 esse,
1068 2936 1172 3010 ita
1228 2937 1571 3034 potentia
1626 2938 1719 3012 ad
1776 2963 1944 3036 ope-

390 3049 577 3141 rari,
621 3048 898 3123 salsum
924 3059 1065 3144 est,
1111 3052 1294 3148 quia
1338 3076 1496 3128 esse
1562 3062 1677 3128 est
1737 3053 1938 3129 idem

390 3166 704 3240 realiter
792 3167 1180 3262 essentiae,
1236 3170 1546 3267 operari
1601 3193 1782 3245 vero
1829 3180 1942 3246 est

388 3281 709 3357 effectus
740 3283 1105 3379 potentiae
1131 3313 1150 3378 3
1180 3286 1312 3360 sed
1346 3287 1514 3361 haec
1547 3297 1661 3361 est
1690 3310 1875 3362 vera
1920 3314 1935 3359 ι

392 3398 621 3473 δέεαι
648 3401 977 3475 essentia
1043 3403 1147 3476 ad
1182 3425 1377 3496 esse,
1412 3404 1523 3477 sic
1589 3404 1944 3501 potentia

391 3516 488 3590 ad
548 3539 782 3614 posse
851 3519 1184 3614 operari,
1249 3529 1322 3593 et
1397 3528 1581 3595 tunc
1640 3543 1944 3618 permu-

392 3635 628 3708 tando
653 3634 955 3708 nullum
986 3634 1543 3711 inconveniens
1565 3639 1938 3735 sequitur.

485 3753 604 3827 Ad
737 3753 1231 3830 auctoritates
1357 3756 1947 3854 respondebitur

392 3868 741 3944 inferius.

920 4180 1278 4242 SCHOLIUM
1318 4183 1415 4240 ΙΙΙ.

461 4335 771 4392 Sententia
825 4336 1146 4394 asserentis
1203 4340 1496 4410 potentias
1558 4356 1682 4397 esse
1754 4353 1945 4413 partes

392 4424 606 4478 animae
639 4424 790 4479 inter
821 4440 883 4480 se
915 4424 1146 4481 realiter
1192 4426 1519 4494 distinctas,
1571 4429 1847 4502 rationes,
1889 4436 1946 4487 et

393 4528 595 4569 earum
642 4513 1044 4580 refutationes,
1119 4515 1344 4590 videtur
1385 4517 1454 4572 D.
1512 4518 1824 4577 Bonavent.
1873 4522 1933 4579 2.

394 4603 533 4659 dist.
562 4604 655 4659 24.
691 4607 800 4662 nrt.
831 4607 887 4660 2.
912 4610 1115 4674 quaest.
1149 4621 1186 4660 1.
1220 4607 1316 4662 sed
1348 4608 1629 4665 obscurus
1659 4616 1765 4665 est.

491 4777 643 4850 Pro
712 4778 1053 4853 secunda
1124 4779 1486 4877 opinione
1563 4782 1939 4879 arguitur,

119 4895 365 4966 *mum-rto
393 4894 688 4970 scilicet
746 4895 951 4992 quod
1010 4896 1374 4993 potentiae
1433 4899 1585 4972 sint
1639 4899 1945 4974 distinc-

116 4968 219 5019 θρῖα.
240 4963 281 5014 2.
312 4967 362 5019 8.

150 5022 304 5079 Rom.
390 5023 489 5089 tae
556 5014 754 5089 inter
828 5038 937 5108 se,
1010 5015 1143 5089 sed
1206 5041 1360 5091 non
1440 5018 1534 5092 ab
1610 5019 1943 5094 essentia

390 5132 700 5225 animae,
764 5132 971 5230 quod
1030 5132 1391 5230 potentiae
1450 5144 1631 5209 sunt
1686 5145 1940 5234 partes

389 5251 693 5343 animae,
780 5258 861 5323 ut
919 5250 1243 5326 habetur
1309 5252 1529 5327 tertio
1606 5253 1697 5328 de
1763 5254 1939 5328 Ani-

391 5390 544 5457 ma,
611 5375 790 5442 text.
868 5367 935 5442 1.
997 5367 1119 5443 De
1172 5376 1398 5468 parte
1464 5378 1714 5446 autem
1777 5373 1937 5448 ani-

388 5506 561 5570 mae,
609 5493 753 5559 etc.

488 5600 702 5697 ltem,
784 5601 1100 5679 Boetius
1187 5604 1263 5678 in
1352 5605 1922 5710 divisionibus:

2075 830 2556 926 Augustinus
2651 831 2764 917 15.
2841 830 2933 903 de
3031 829 3303 902 Trintt.
3405 826 3473 897 7.
3554 836 3627 899 et

2074 949 2486 1021 Anselmus
2540 948 2632 1021 de
2702 946 3075 1021 Concord.
3124 954 3315 1040 grat.
3372 953 3443 1017 et
3489 941 3615 1016 lib.

2073 1074 2212 1138 art.
2287 1087 2452 1163 cap.
2541 1065 2655 1137 19.
2742 1065 2945 1162 quod
3022 1062 3370 1160 potentia
3446 1065 3626 1133 sunt

2070 1182 2153 1257 in
2193 1184 2477 1269 anima,
2521 1183 2717 1257 sicut
2757 1183 2836 1256 in
2890 1204 3205 1279 corpore
3245 1175 3613 1251 membra.

2167 1299 2447 1372 Contra
2523 1298 2745 1373 istam
2815 1297 3017 1371 viam
3094 1295 3394 1369 videtur
3454 1296 3617 1368 Au-

2065 1416 2425 1512 gustinus
2510 1416 2579 1489 9.
2684 1415 2775 1491 de
2864 1414 3127 1488 Trinit.
3209 1413 3278 1485 5.
3366 1410 3615 1489 Nulla

2053 1555 2242 1629 pars
2295 1533 2826 1632 complectitur
2889 1540 3126 1607 totum
3181 1535 3400 1630 cujus
3458 1536 3566 1604 est
3592 1558 3616 1615 ,-

2061 1648 2195 1722 sed
2263 1649 2629 1746 quaelibet
2705 1648 3021 1723 istarum
3093 1646 3607 1745 potentiarum

2059 1766 2392 1863 partium
2463 1765 2990 1864 complectitur
3052 1774 3288 1840 totam
3346 1785 3609 1837 essen-

2056 1881 2240 1956 tiam
2312 1884 2620 1958 animae.

2157 2000 2374 2094 Item,
2454 2009 2730 2098 partes
2781 2000 3077 2096 origine
3158 1998 3605 2097 praecedunt
3662 2009 3923 2121 ggssefflffi

2447 2118 2806 2216 potentiae
2909 2141 3063 2190 non
3164 2116 3608 2233 praecedunt
3638 2137 3956 2248 parmeni-

2054 2125 2295 2191 totum
2346 2149 2362 2208 ;

2053 2234 2468 2308 essentiam
2512 2234 2816 2310 animae.

2152 2351 2369 2443 Item,
2452 2350 2515 2425 si
2603 2351 2756 2424 sint
2857 2360 3138 2448 partes,
3211 2360 3344 2423 aut
3403 2348 3603 2422 intc-

2051 2467 2332 2563 grales,
2393 2475 2525 2540 aut
2572 2464 3090 2541 essentiales?
3145 2465 3225 2539 Si
3276 2465 3602 2562 integra-

2052 2583 2191 2677 leS,
2265 2582 2499 2679 igitur
2568 2592 2867 2681 oportet
2953 2582 3135 2657 dare
3202 2583 3411 2656 aliud
3504 2582 3598 2656 ab

2052 2698 2201 2793 his,
2262 2699 2543 2798 quibus
2593 2707 2775 2774 sunt
2842 2723 3112 2786 unum,
3183 2698 3367 2797 quia
3424 2721 3601 2796 par-

2048 2824 2164 2890 tes
2203 2815 2617 2913 integrales
2677 2838 3076 2912 nunquam
3133 2824 3313 2890 sunt
3354 2839 3596 2891 unum

2050 2955 2190 3030 per
2227 2955 2336 3027 se,
2381 2932 2531 3007 nisi
2563 2932 2772 3008 aliud
2805 2941 3213 3008 concurrat
3251 2934 3596 3029 formale,

2054 3058 2136 3123 ut
2175 3058 2381 3147 patet
2419 3050 2501 3125 in
2538 3047 2696 3147 fine
2737 3051 2806 3123 7.
2850 3049 3194 3148 Metaplz.
3249 3056 3432 3125 teoet.
3478 3050 3599 3125 60.

2054 3162 2133 3238 Si
2217 3165 2370 3239 sint
2455 3174 2710 3264 partes
2803 3165 3279 3274 essentialeS,
3373 3165 3606 3263 igitur

2055 3305 2211 3356 una
2278 3280 2576 3380 perficit
2617 3281 2877 3376 aliam,
2934 3281 3132 3356 sicut
3188 3292 3404 3356 actus
3468 3307 3608 3381 po-

2051 3399 2398 3485 tentiam,
2511 3408 2585 3472 et
2709 3408 2893 3473 tunc
3007 3408 3305 3496 oportet
3425 3399 3605 3474 dare

2052 3540 2289 3591 unam
2358 3517 2806 3613 potentiam,
2866 3539 3042 3615 quae
3098 3517 3193 3591 sit
3252 3516 3603 3591 infimum

2052 3633 2523 3731 perfectibile
2601 3633 2697 3707 ab
2765 3634 2941 3727 alia,
3045 3643 3119 3708 et
3199 3657 3336 3733 per
3418 3658 3608 3708 con-

2053 3773 2391 3848 sequens
2505 3750 2674 3849 ipsa
2792 3775 2946 3825 non
3056 3762 3170 3826 est
3269 3752 3609 3850 potentia

2055 3867 2454 3966 operandi.

2151 3983 2378 4078 Dicit,
2444 3985 2782 4060 materiae
2824 3985 3105 4061 animae
3176 3996 3289 4061 est
3357 4010 3609 4086 recep-

2054 4101 2294 4176 tivum
2356 4111 2705 4200 respectu
2767 4103 3204 4200 cujuslibet,
3269 4114 3343 4179 et
3390 4106 3606 4180 nulla

2053 4218 2569 4317 potentiarum
2650 4230 2998 4318 respectu
3060 4222 3401 4296 alterius.

2151 4335 2458 4425 Contra,
2518 4335 2754 4432 igitur
2819 4337 3033 4411 nulla
3095 4337 3413 4412 istarum
3482 4363 3608 4437 po-

2053 4451 2465 4528 tentiarum
2572 4452 2714 4527 erit
2820 4453 3063 4550 magis
3159 4453 3604 4552 dependens

2052 4569 2149 4644 ab
2204 4568 2381 4656 alia,
2441 4591 2670 4666 quam
2718 4569 2819 4645 sit
2868 4569 3070 4666 ignis
3114 4599 3132 4664 3
3192 4572 3322 4647 sed
3377 4583 3605 4647 erunt

2054 4683 2208 4758 illae
2275 4694 2429 4759 tres
2486 4684 2848 4783 potentiae
2914 4710 3113 4761 unus
3182 4696 3385 4761 totus
3471 4711 3604 4763 ac-

2052 4808 2203 4893 tus,
2263 4801 2447 4897 quia
2504 4802 2978 4899 impossibile
3029 4816 3143 4878 est
3196 4805 3402 4901 quod
3453 4807 3600 4880 ali-

2052 4917 2235 5015 quid
2293 4918 2388 4991 sit
2437 4928 2678 5012 actus,
2742 4929 2815 4993 et
2872 4930 3127 4994 tamen
3188 4923 3391 5018 quod
3445 4946 3597 4997 non

2052 5034 2448 5132 quodlibet
2496 5035 2662 5132 ejus
2720 5036 2818 5110 sit
2876 5046 3116 5131 actuS,
3171 5039 3353 5136 quia
3413 5050 3594 5115 tunc

2049 5162 2308 5248 posset
2374 5151 2883 5250 compositum
2947 5177 3038 5227 ex
3097 5164 3265 5230 actu
3331 5166 3404 5230 et
3468 5183 3596 5257 po-

2047 5268 2285 5342 tentia
2351 5292 2517 5344 esse
2585 5281 2800 5346 actus
2868 5271 3205 5347 alterius.

3645 1283 3698 1358 S:
3729 1283 3932 1335 Bonav.

3664 1360 3940 1410 impugna-

3760 1416 3862 1461 tur.
