4295 6326
163 2460 227 2525 pt

50 3622 317 3684 Principia
348 3661 354 3668 .

95 3702 204 3738 mer
220 3689 281 3738 iti

86 3761 278 3812 Christi

32 3831 144 3874 sunt
163 3825 341 3876 finita.

1403 439 1629 507 DIST.
1682 436 1870 505 XIX.
1924 438 2343 518 QUAESTlo
2393 440 2627 509 UNIC.

386 590 1043 705 acc'eptabilitatiS,
1089 618 1162 685 et
1229 619 1411 684 ‘tunc
1462 611 1538 684 in
1582 619 1930 708 accepta-

385 722 674 799 bilitate
745 750 896 798 non
960 736 1161 801 esset
1229 725 1658 801 differentia
1733 726 1930 800 inter

384 837 578 913 velle
608 840 869 930 Verbi,
907 854 977 916 et
1017 842 1212 917 velle
1254 843 1462 918 illius
1510 853 1806 918 naturae
1852 844 1927 916 in

384 957 665 1051 Vei-bc,
712 966 894 1056 quia
927 984 1018 1035 ex
1056 971 1264 1058 parte
1300 960 1928 1058 acceptabilitatis

386 1099 540 1148 non
575 1086 689 1150 est
741 1077 982 1170 major
1039 1078 1607 1175 acceptabilium
1654 1104 1669 1162 ;
1744 1100 1927 1173 ergo

385 1190 725 1265 Verbum
813 1193 1204 1267 voluntate
1272 1193 1502 1280 bona,
1594 1193 1929 1267 circum-

386 1307 667 1406 scripta
709 1318 984 1384 natura
1024 1321 1445 1407 assumpta,
1493 1320 1739 1407 potest
1783 1333 1929 1384 me·

388 1424 564 1519 reri,
610 1426 814 1522 quod
872 1427 1146 1501 falsum
1207 1437 1343 1501 est.
1393 1428 1483 1500 Et
1549 1428 1746 1499 ultra
1803 1450 1930 1501 se-

387 1542 650 1639 quitur
690 1544 893 1641 quod
928 1544 993 1617 si
1021 1545 1275 1642 passio
1311 1544 1592 1618 Christi
1632 1553 1924 1618 tantum

386 1658 485 1732 sit
523 1668 914 1757 acceptata
989 1684 1032 1735 a
1088 1660 1476 1754 Trinitate,
1550 1671 1922 1760 quantum

389 1798 717 1874 persona
756 1778 924 1875 ejus
955 1776 1325 1874 diligitur,
1362 1778 1566 1875 quod
1598 1776 1926 1853 Trinitas

393 1902 681 1968 tantum
739 1894 1092 1991 diligeret
1174 1894 1369 1969 velle
1445 1904 1741 1971 natura?
1801 1921 1929 1970 as-

386 2011 742 2108 sumptae,
788 2011 984 2086 sicut
1051 2010 1247 2086 velle
1284 2012 1517 2087 Verbi
1577 2012 1921 2100 increati,

388 2130 591 2228 quod
633 2129 824 2203 nihil
859 2137 972 2204 est
1012 2128 1293 2223 dicere,
1331 2128 1514 2227 quia
1566 2131 1709 2223 hoc
1772 2154 1923 2204 non

388 2258 502 2322 est
533 2248 682 2322 nisi
728 2270 1009 2346 ponere
1066 2257 1394 2322 creatam
1456 2246 1926 2342 diligibilita-

391 2375 538 2439 tem
582 2365 778 2437 sicut
806 2364 1249 2438 increatam.

486 2480 892 2568 Praeterea,
919 2504 1072 2552 non
1106 2487 1221 2553 est
1249 2477 1446 2553 velle
1487 2478 1719 2574 hujus
1751 2480 1925 2575 plus

384 2605 863 2693 acceptatum
960 2618 1191 2691 quam
1263 2604 1376 2669 est
1464 2594 1783 2668 bonum.
1848 2595 1923 2667 Si

382 2735 566 2807 ergo
600 2711 675 2784 in
720 2710 1108 2784 infinitum
1143 2717 1240 2784 sit
1272 2719 1747 2807 acceptatum
1786 2734 1922 2807 pro

381 2825 732 2918 infinitis,
778 2837 960 2900 tunc
1001 2824 1197 2899 velle
1273 2826 1462 2898 illud
1540 2849 1711 2899 cum
1773 2848 1924 2899 res-

381 2953 601 3042 pectu
642 2952 934 3017 naturae
969 2942 1060 3017 ad
1131 2941 1613 3039 suppositum
1657 2941 1917 3037 Verbi,

379 3060 523 3135 fuit
555 3060 970 3135 formaliter
1043 3058 1429 3132 infinitum
1470 3086 1489 3153 3
1534 3082 1717 3156 ergo
1778 3059 1920 3133 isto

377 3178 578 3254 velle
618 3202 791 3253 cum
825 3178 956 3253 tali
993 3186 1341 3276 respectu
1388 3177 1632 3275 potuit
1665 3178 1923 3253 anima

380 3296 664 3371 Christi
754 3295 899 3370 frui
998 3295 1196 3390 Deo,
1296 3295 1493 3370 sicut
1578 3296 1919 3371 Verbum

377 3412 579 3489 velle
620 3412 927 3511 proprio
1005 3411 1179 3506 sibi,
1251 3412 1455 3509 quod
1528 3412 1714 3486 nihil
1777 3423 1916 3504 est,

381 3529 535 3604 nisi
569 3529 923 3627 ponendo
957 3528 1291 3602 animam
1329 3551 1496 3602 esse
1548 3528 1916 3603 Verbum.

483 3645 890 3728 Praeterea,
930 3666 1067 3740 per
1097 3666 1176 3716 se
1220 3642 1683 3740 principium
1716 3643 1923 3718 illius

377 3760 580 3837 velle
611 3784 784 3834 cum
819 3759 1206 3851 omnibus,
1244 3782 1420 3854 quae
1454 3767 1924 3833 concurrunt

379 3879 478 3952 ad
539 3877 909 3952 rationem
984 3874 1343 3972 principii
1413 3875 1619 3950 illius
1674 3887 1919 3969 actuS,

379 4003 496 4069 est
540 3992 841 4066 finitum
879 4018 896 4084 ;
936 4015 1112 4064 nam
1165 3991 1409 4087 gratia
1454 4001 1527 4065 et
1566 3995 1924 4067 voluntas

378 4108 552 4204 ejus
585 4105 801 4179 finita
831 4114 970 4197 est,
1017 4105 1080 4177 si
1141 4105 1471 4179 sumitur
1538 4129 1709 4179 cum
1772 4130 1927 4179 om-

377 4224 615 4298 nibus
700 4232 771 4297 et
874 4221 1493 4318 quibuscumque
1573 4221 1928 4319 respecti-

377 4342 530 4417 bus
562 4340 650 4415 ad
713 4339 1046 4414 Verbum
1088 4367 1105 4432 ;
1142 4361 1324 4434 ergo
1403 4348 1476 4412 et
1532 4336 1730 4412 velle
1790 4338 1927 4413 fuit

380 4458 688 4531 finitum
768 4453 1212 4548 formaliter,
1248 4464 1323 4530 et
1383 4455 1816 4549 limitatum,
1854 4464 1929 4530 et

377 4598 523 4674 per
587 4595 1074 4670 consequens
1141 4569 1353 4645 finite
1415 4581 1918 4670 acceptatum.

377 4694 544 4769 Nec
588 4691 855 4766 habuit
883 4690 1221 4765 Verbum
1266 4690 1600 4788 aliquam
1666 4715 1925 4767 causa-

378 4812 671 4887 litatem
771 4831 1003 4905 super
1107 4808 1292 4881 illud
1379 4807 1599 4901 velle,
1691 4832 1923 4906 quam

379 4954 541 5003 non
625 4925 894 5001 habuit
986 4934 1137 4998 tota
1237 4924 1617 5018 Trinitas3
1712 4937 1785 5000 et
1861 4926 1924 5001 si

382 5048 612 5121 detur
643 5042 848 5141 quod
910 5040 1177 5116 habuit
1217 5041 1627 5138 specialem
1670 5042 1928 5117 effica-

382 5164 583 5238 ciam
680 5182 915 5258 super
1008 5167 1290 5250 actum,
1362 5159 1613 5233 adbuc
1712 5170 1927 5235 actus

381 5279 809 5355 formaliter
868 5275 1246 5369 infinitus,
1311 5285 1384 5350 et
1449 5275 1747 5352 infinite
1811 5302 1929 5352 ac-

381 5408 762 5496 ceptam&
832 5419 987 5469 non
1084 5403 1333 5492 potest
1420 5395 1930 5470 essentialiter

380 5513 823 5611 dependere
899 5511 993 5585 ab
1062 5511 1450 5609 aliquibus
1534 5511 1929 5609 principiis

381 5628 628 5704 finitis
695 5628 770 5701 in
869 5627 1333 5728 perfectione
1411 5651 1584 5702 cum
1699 5651 1930 5702 causa

3454 446 3584 512 403

2035 607 2253 684 finita
2319 620 2713 707 coagente.
2788 612 3006 706 Dico,
3092 637 3245 686 non
3336 621 3588 711 polest

2033 726 2542 801 essentialiter
2641 728 3097 826 dependere,
3171 730 3274 804 ita
3378 732 3578 827 quod

2035 853 2374 916 creatum
2404 844 2631 918 habet
2662 847 3144 920 essentialem
3187 848 3585 920 causalita-

2039 969 2185 1033 tem
2223 984 2374 1034 non
2413 961 2957 1037 accidentalem
3029 973 3352 1050 tantum,
3388 965 3584 1038 sicut

2035 1076 2305 1149 habuit
2345 1101 2578 1175 super
2616 1076 2812 1153 velle
2862 1079 3093 1153 Verbi
3148 1090 3425 1154 natura
3455 1105 3582 1155 as-

2036 1202 2368 1290 sumpta,
2442 1194 2639 1267 sicut
2733 1196 3005 1270 albedo
3125 1197 3197 1269 in
3290 1196 3579 1271 artifice

2034 1333 2269 1407 super
2326 1310 2738 1404 aedificio3
2825 1338 3006 1410 ergo
3127 1316 3381 1388 adhuc
3468 1325 3581 1390 est

2035 1427 2238 1522 quod
2283 1427 2621 1502 Verbum
2693 1430 3128 1526 specialiter
3195 1432 3436 1528 egerit
3476 1431 3578 1505 ibi

2036 1541 2257 1615 aliter
2296 1564 2524 1639 quam
2581 1544 2938 1638 TrinitaS,
3005 1544 3158 1618 non
3230 1545 3581 1643 sequitur

2036 1658 2241 1756 quod
2285 1668 2498 1733 actus
2537 1658 2677 1735 iste
2723 1660 2998 1735 habeat
3039 1663 3238 1736 unde
3308 1661 3578 1735 inlini-

2033 1784 2105 1849 te
2177 1787 2641 1874 acceptatur,
2701 1779 3129 1852 secundum
3200 1778 3582 1865 sufficien-

2033 1891 2216 1965 tiam
2252 1894 2501 1967 valeat
2544 1917 2677 1991 pro
2719 1893 3043 1967 infinitis
3105 1895 3414 1970 mundis
3458 1919 3580 1970 re-

2034 2007 2445 2100 dimendis,
2506 2008 2641 2083 sed
2712 2009 2909 2082 sicut
2988 2010 3342 2084 meritum
3440 2012 3581 2084 fuit

2035 2124 2366 2218 finitum,
2442 2125 2543 2198 ita
2632 2123 2845 2200 finite
2912 2137 3067 2201 'est
3158 2127 3580 2202 retribuen-

2033 2242 2292 2335 dum3
2365 2265 2548 2338 ergo
2631 2267 2782 2316 non
2893 2243 3175 2318 meruit
3278 2244 3575 2320 infinite

2033 2358 2459 2432 secundum
2503 2357 3041 2434 sufficientiam
3110 2360 3184 2433 in
3221 2372 3577 2459 accepta-

2038 2473 2238 2547 tione
2282 2473 2570 2567 divina,
2615 2473 2814 2548 sicut
2881 2498 3019 2549 nec
3081 2475 3218 2549 fuit
3274 2475 3572 2551 infinite

2032 2599 2460 2687 acceptum,
2497 2590 2679 2687 quia
2709 2590 2780 2662 in
2827 2614 2908 2664 se
2952 2589 3285 2666 finitum.

2131 2705 2541 2795 Praeterea,
2575 2729 2727 2779 non
2773 2706 2913 2780 suit
2951 2709 3189 2784 homo
3259 2709 3398 2783 iste
3464 2709 3574 2782 in·
3729 2762 3768 2827 6

2032 2820 2297 2895 finitus
2329 2821 2790 2915 formaliter3
2838 2846 3009 2897 cum
3082 2846 3264 2920 ergo
3300 2826 3573 2899 huma·
3778 2812 3792 2828 ⁶

2030 2939 2229 3013 nitas
2258 2939 2387 3013 illa
2430 2939 2868 3014 immediate
2914 2940 3129 3015 unita
3160 2941 3270 3015 illi
3304 2967 3574 3040 perso-

2031 3079 2153 3131 nae
2233 3056 2373 3129 suit
2458 3080 2694 3131 causa
2762 3057 3040 3151 meriti,
3154 3081 3338 3156 ergo
3429 3085 3573 3136 nec

2034 3173 2389 3249 meritum
2472 3174 2609 3248 fuit
2667 3174 2743 3247 in
2815 3198 2895 3248 se
2965 3174 3384 3273 inlinitum,
3432 3203 3571 3255 nec

2031 3300 2403 3389 quantum
2449 3291 2543 3364 ad
2586 3288 3157 3366 sufficientiam.

2128 3409 2408 3482 Contra
2554 3408 2980 3488 secundum
3097 3412 3565 3505 membrum,
3618 3433 3927 3499 Rejicitse-

2031 3526 2237 3624 quod
2290 3526 2578 3600 scilicet
2645 3550 2799 3600 non
2873 3528 3151 3601 meruit
3209 3531 3570 3607 omnibus
3648 3500 3878 3624 {auaiffi'u‘

2031 3641 2458 3717 secundum
2502 3640 2950 3737 efficaciam,
2996 3643 3178 3741 quia
3219 3669 3369 3719 non
3414 3649 3580 3745 agit·
3619 3629 3920 3738 ‘gfssssffffi

2031 3783 2271 3855 agens
2304 3759 2450 3833 nisi
2484 3759 2557 3832 in
2626 3759 3020 3857 disposito,
3068 3784 3332 3858 quaero
3364 3789 3410 3840 a
3465 3776 3567 3862 te,

2038 3887 2288 3949 utrum
2361 3884 2657 3949 tantum
2741 3877 3043 3971 meruit,
3079 3888 3162 3952 ut
3201 3881 3575 3958 habentes

2032 3991 2356 4088 gratiam
2449 4014 2940 4088 quocumque
3021 3995 3274 4087 mode,
3347 3998 3573 4072 etiam

2035 4109 2407 4183 haberent
2437 4107 2759 4203 gloriam
2793 4131 2885 4181 ex
2922 4109 3190 4183 merito
3221 4112 3499 4188 Christi
3539 4114 3580 4186 ‘2

2033 4233 2105 4298 et
2173 4224 2234 4297 si
2285 4225 2534 4298 solum
2599 4225 2769 4312 hoc,
2816 4234 2999 4299 tunc
3072 4250 3225 4299 non
3300 4230 3580 4305 meruit

2033 4339 2357 4436 gratiam
2392 4339 2718 4437 primam
2764 4340 3006 4428 nobiS,
3060 4365 3202 4416 nec
3252 4346 3576 4441 gratiam

2035 4455 2570 4553 baptismalem
2646 4455 2721 4528 in
2790 4479 2990 4529 novo
3058 4457 3572 4556 TestamentO,

2035 4595 2177 4646 nec
2205 4571 2524 4668 gratiam
2555 4571 2811 4644 datam
2833 4571 2906 4644 in
2936 4571 3572 4674 Circumcisione,

2035 4701 2108 4765 et
2150 4689 2226 4762 in
2261 4687 2656 4763 sacrificiis
2689 4689 3184 4786 antiquorum
3230 4693 3572 4793 Patrum,

2036 4805 2239 4903 quod
2276 4805 2549 4879 falsum
2594 4814 2733 4897 est,
2770 4805 2954 4902 quia
3024 4809 3226 4883 unde
3278 4811 3579 4887 veniret

2039 4922 2261 4996 nobis
2328 4921 2572 5019 gratia
2640 4920 2769 4994 illa
2844 4922 3091 5018 prima
3145 4923 3185 4995 ‘2
3264 4927 3578 5025 Oportet
3607 4928 3727 5041 ‘fig'
3753 4942 3925 5040 fflffig

2037 5040 2270 5136 igitur
2311 5038 2513 5135 quod
2552 5036 2854 5127 meruit,
2892 5049 2974 5112 ut
3029 5063 3179 5112 non
3218 5044 3578 5140 conjunc·
3608 5054 3925 5127 “habemus

2038 5158 2086 5230 ti
2125 5155 2269 5229 sibi
2312 5154 2973 5250 conjungerentur
3012 5156 3103 5241 ei,
3147 5169 3217 5232 et
3280 5160 3355 5233 in
3430 5164 3573 5238 hoc
3645 5131 3889 5243 ἓῖἷιῗῖἓῗιῖ.

2039 5273 2433 5372 potissime
2477 5273 2943 5347 consistebat
2987 5277 3339 5351 meritum
3376 5281 3569 5377 ejus.

2037 5393 2209 5466 Non
2244 5414 2425 5487 ergo
2468 5392 2718 5464 solum
2754 5391 3033 5464 meruit
3075 5404 3156 5466 ut
3187 5397 3576 5493 conjuncti

2041 5507 2185 5586 sibi
2292 5506 2612 5580 ulterius
2706 5519 3241 5605 cooperentur,
3323 5523 3394 5587 et
3470 5515 3579 5589 sic

2042 5625 2573 5724 glorificentur
2603 5626 2941 5721 taudem,
2987 5630 3118 5703 sed
3190 5633 3469 5708 meruit
3502 5644 3584 5709 ut
