4295 6326
207 3615 208 3618 η
294 3578 387 3630 sed
412 3577 593 3629 defec-

647 441 776 510 174

642 620 758 687 ter
798 612 995 687 male
1035 613 1233 687 velle
1270 640 1289 706 ;
1334 611 1570 709 igitur
1621 610 1684 687 si
1725 611 2189 710 inquantum

635 729 997 804 voluntas
1036 728 1492 804 defectibilis
1558 753 1713 805 non
1781 729 2022 828 possit
2069 730 2195 805 be-

636 868 734 921 ne
766 847 991 940 velle,
1038 869 1192 919 non
1236 858 1495 943 posset
1539 848 1732 922 male
1774 848 2000 922 velle.

741 963 958 1057 Item,
1004 963 1147 1037 ista
1178 965 1536 1038 voluntas
1578 963 2038 1061 inquantum
2072 964 2195 1040 de-

644 1080 1023 1175 fectibilis,
1090 1105 1246 1154 non
1304 1091 1415 1156 est
1469 1080 1616 1156 nisi
1662 1082 2026 1156 voluntas
2083 1081 2195 1154 in-

643 1207 1026 1293 quantum
1113 1197 1417 1292 libera3
1490 1198 1725 1295 igitur
1798 1198 2001 1274 idem
2080 1207 2196 1274 est

643 1313 925 1407 dicere,
1017 1315 1222 1415 quod
1287 1316 1648 1389 voluntas
1732 1314 2194 1413 inquantum

642 1429 1096 1506 defectibilis
1139 1439 1256 1506 est
1301 1455 1537 1507 causa
1602 1429 1811 1525 mali,
1863 1439 1938 1507 et
1986 1430 2194 1529 quod

640 1550 1003 1622 voluntas
1060 1548 1522 1647 inquantum
1581 1548 1845 1624 libera.

739 1666 1021 1739 Contra
1078 1665 1533 1758 secundum,
1586 1664 1936 1762 sequitur
1987 1664 2194 1763 quod

637 1783 999 1857 voluntas
1042 1791 1156 1857 est
1221 1804 1457 1856 causa
1500 1781 1809 1855 fortuita
1869 1779 2194 1880 peccati,

640 1897 775 1973 sed
838 1921 992 1971 non
1072 1905 1382 1996 propter
1450 1898 1593 1971 hoc
1652 1904 1767 1972 est
1834 1897 2200 1971 voluntas

639 2013 1089 2112 simpliciter
1167 2014 1391 2104 mala,
1451 2035 1625 2110 quoe
1692 2022 1808 2088 est
1889 2012 2198 2088 fortuita

640 2152 875 2205 causa
945 2127 1150 2203 mali.

738 2246 956 2340 Item,
1030 2254 1484 2343 sequeretur
1542 2244 1751 2343 quod
1810 2244 2010 2319 sicut
2055 2269 2199 2319 vo-

640 2364 898 2438 luntas
983 2370 1239 2437 creata
1303 2370 1420 2436 est
1463 2384 1735 2443 ‚causa
1805 2359 2012 2454 mali,
2092 2360 2198 2435 ita

638 2479 998 2553 voluntas
1038 2477 1206 2571 Dei,
1241 2476 1426 2575 quia
1455 2477 1663 2552 Deus
1703 2478 1867 2551 vult
1898 2485 2190 2571 actum,

642 2592 785 2669 etsi
860 2616 1014 2668 non
1068 2591 1623 2668 deformitatem
1675 2591 1754 2665 in
1807 2601 1982 2667 actu
2014 2614 2199 2690 pec-

643 2709 897 2803 candi,
961 2718 1035 2784 et
1083 2708 1192 2782 sic
1233 2707 1511 2782 dicitur
1563 2707 1770 2805 quod
1836 2709 2196 2783 voluntas

644 2834 896 2901 creata
924 2826 1172 2900 solum
1218 2834 1331 2899 est
1362 2848 1596 2898 causa
1634 2823 1952 2921 peccati.

741 2940 913 3016 Alia
977 2940 1236 3039 opinio
1295 2940 1511 3038 ponit
1576 2940 1782 3038 quod
1858 2962 2014 3015 non
2081 2948 2196 3016 est

646 3057 1111 3157 inquirenda
1148 3081 1383 3132 causa
1413 3055 1762 3131 effectiva
1808 3056 2013 3147 mali,
2059 3056 2194 3132 sed

648 3198 881 3251 causa
924 3174 1321 3268 defectiva,
1357 3172 1539 3270 quia
1585 3175 1866 3247 malum
1901 3173 1977 3247 in
2020 3183 2191 3249 actu

648 3316 804 3367 non
881 3301 994 3366 est
1055 3289 1203 3364 nisi
1269 3289 1609 3364 carentia
1685 3288 2190 3384 rectitudiniS,

649 3434 824 3509 quae
874 3407 1136 3484 debuit
1184 3407 1529 3482 infuisse.
1567 3409 1657 3481 Et
1698 3409 1843 3482 hoc
1892 3407 2198 3483 videtur

648 3550 786 3627 per
832 3524 1350 3622 Augustinum
1409 3524 1524 3596 12.
1571 3523 1664 3598 de
1726 3522 1952 3598 Civit.
2014 3523 2192 3610 Dei,

648 3668 813 3742 cap.
851 3643 921 3716 7.
954 3642 1024 3715 8.
1070 3648 1142 3716 et
1179 3641 1250 3713 9.
1287 3638 1419 3738 qui
1460 3639 1642 3714 dicit
1673 3639 1878 3738 quod
1911 3637 2193 3714 bonum

643 3786 798 3837 non
831 3767 939 3836 est
976 3783 1206 3835 causa
1247 3755 1618 3855 effectiva,
1644 3756 1783 3832 sed
1817 3755 2196 3855 defectiva

637 3877 984 3964 malitiae,
1066 3885 1140 3951 et
1200 3882 1466 3974 postea
1551 3873 1757 3971 quod
1846 3897 2193 3971 quaerere

639 4017 950 4069 causam
1000 3990 1194 4066 mali
1233 3997 1346 4065 est
1380 4012 1726 4088 quaerere
1774 3994 2034 4064 utrum
2084 4013 2194 4063 sz-

639 4111 958 4187 lentium
1002 4113 1257 4207 potest
1291 4106 1572 4193 audiri,
1607 4112 1679 4181 et
1714 4103 2026 4181 tenebra
2071 4108 2193 4181 vi-

636 4229 831 4304 deri.

730 4348 840 4420 Ex
906 4344 1027 4419 his
1090 4339 1484 4439 colligitur
1550 4340 1755 4438 quod
1827 4340 1905 4415 in
1989 4342 2188 4415 malo

631 4462 1054 4539 includitur
1147 4458 1436 4556 aliquid
1544 4457 1755 4551 boni,
1847 4457 2189 4532 bonitate

630 4582 906 4680 prima,
970 4588 1044 4653 et
1097 4575 1440 4651 carentia
1496 4575 1863 4650 bonitatis
1905 4598 2190 4650 secun-

635 4698 781 4793 dae,
826 4718 1003 4794 quae
1058 4702 1172 4768 cst
1215 4690 1577 4789 perfectio
1631 4700 1812 4766 nata
1850 4690 2190 4767 inhaere-

633 4835 746 4907 re,
804 4821 878 4887 et
933 4820 1117 4884 tunc
1174 4816 1421 4905 potest
1486 4807 1758 4904 quaeri,
1816 4831 1993 4905 quae
2048 4831 2190 4905 po-

638 4939 782 5005 test
842 4950 1012 5004 esse
1081 4948 1314 5001 causa
1368 4924 1800 5021 negationis
1868 4925 1945 4998 in
2011 4935 2185 5000 actu

638 5048 867 5134 malo,
949 5044 1070 5118 vel
1167 5065 1401 5117 causa
1485 5041 1695 5117 illius
1789 5041 2182 5138 substrati,

633 5163 839 5265 quod
891 5160 1222 5237 subest?
1274 5159 1534 5234 Primo
1595 5159 1821 5234 modo
1864 5184 2016 5234 non
2059 5162 2190 5234 ha-

634 5282 761 5358 bet
828 5280 1112 5353 malum
1157 5300 1471 5351 causam
1532 5274 1987 5369 effectivam,
2050 5275 2186 5352 sed

631 5407 930 5474 tantum
973 5393 1464 5491 negationem
1506 5416 1790 5488 causae,
1826 5393 2024 5469 sicut
2062 5393 2188 5469 ab·

630 5516 880 5595 sentia
928 5522 1186 5589 nautae
1239 5522 1353 5587 est
1401 5536 1632 5587 causa
1699 5537 1852 5587 non
1915 5513 2185 5588 salutis

631 5634 878 5711 navis.
952 5630 1104 5706 Sed
1179 5629 1566 5727 quomodo
1633 5640 1747 5706 est
1820 5630 2183 5707 voluntas

414 2963 518 3030 12.

340 3076 586 3128 Secunda

292 3139 585 3254 οἷ’ῗιίἒιίιῖὶ

294 3269 341 3319 2.
364 3266 499 3316 det.
516 3270 614 3316 art.

320 3341 441 3441 Mtfli
470 3330 579 3440 {bn

326 3457 410 3503 est
438 3466 595 3503 causa

316 3515 583 3573 effectiva,

396 3640 521 3691 tiva.

2064 440 2308 511 LIBRI
2354 440 2441 512 11.

2305 637 2539 688 causa
2570 613 2936 690 deficiens
2977 624 3322 714 respectu
3372 613 3553 689 mali
3580 614 3621 685 ’ἲ
3660 610 3860 686 Dicit

2304 728 2432 805 ille
2472 732 2756 805 Doctor
2793 731 2997 829 quod
3040 730 3117 804 in
3172 730 3471 805 actione
3510 731 3860 804 volunta-

2305 847 2418 922 ria
2465 849 2752 924 malum
2795 859 2910 924 est
2962 873 3112 922 non
3172 848 3551 944 subjicere
3610 871 3691 922 se
3733 870 3858 920 re-

2302 965 2507 1062 gulae
2593 965 2711 1040 sui
2805 976 3048 1060 actuS,
3121 969 3252 1041 sed
3309 956 3498 1039 illud
3571 965 3855 1038 malum

2303 1103 2456 1154 non
2524 1090 2640 1155 est
2714 1083 2995 1180 culpa3
3056 1081 3189 1156 sed
3238 1105 3330 1157 ex
3393 1082 3538 1156 hoc
3592 1079 3857 1178 sequi-

2303 1205 2429 1271 tur
2469 1199 2721 1295 culpa,
2776 1221 2951 1273 cum
3010 1206 3398 1296 operatur,
3471 1220 3624 1271 non
3668 1195 3857 1270 sub-

2293 1313 2633 1410 jiciendo
2675 1338 2757 1390 se
2818 1317 3109 1413 regulae
3169 1338 3359 1390 suae.

2401 1432 2709 1527 Contra,
2772 1432 2836 1507 si
2894 1442 3198 1508 tenetur
3247 1433 3605 1506 voluntas
3666 1430 3855 1505 sub·
4003 1446 4111 1514 13.

2294 1547 2323 1645 j
2338 1548 2532 1624 icere
2574 1572 2654 1624 se
2696 1551 2986 1647 regulae
3028 1574 3193 1625 suae
3244 1573 3418 1625 cum
3461 1558 3850 1647 operatur,

2306 1687 2600 1762 quaero,
2663 1674 2797 1740 aut
2853 1675 3103 1764 potest
3166 1665 3547 1762 subjicere
3614 1687 3695 1739 se
3736 1687 3858 1740 re-

2305 1782 2746 1877 gulaesuae,
2799 1792 2932 1856 aut
2972 1805 3125 1855 non
3156 1781 3197 1853 Ῥ
3258 1780 3340 1855 Si
3388 1805 3541 1854 non
3578 1789 3851 1878 potest,

2305 1921 2464 1972 non
2516 1907 2825 1972 tenetur
2871 1898 2964 1973 ad
3007 1898 3080 1971 id
3123 1897 3326 1993 quod
3371 1920 3523 1970 non
3578 1904 3850 1993 potest.

2304 2014 2385 2090 Si
2462 2024 2738 2114 potest,
2817 2023 2891 2090 et
2984 2039 3134 2089 non
3233 2015 3435 2108 facit,
3515 2023 3780 2113 peccat
3833 2041 3852 2108 ;

2178 2166 2185 2171 ’
2305 2133 2540 2230 igitur
2586 2134 2766 2209 duae
2812 2142 2997 2209 sunt
3033 2135 3281 2232 culpae
3321 2132 3857 2229 quandocum-

2304 2273 2455 2347 que
2487 2259 2601 2326 est
2635 2274 2790 2326 una
2820 2252 3097 2350 culpa3
3132 2273 3290 2326 una
3320 2250 3397 2321 in
3432 2248 3851 2347 operandO,

2305 2388 2460 2440 non
2520 2365 3003 2462 subjiciendo
3054 2389 3137 2442 se
3196 2366 3514 2464 regulae,
3573 2373 3647 2439 et
3704 2364 3857 2439 alia

2303 2506 2460 2558 non
2544 2484 3052 2580 subjiciendO,
3148 2507 3323 2558 cum
3417 2481 3848 2560 tenebatur.

2304 2600 2483 2675 ldeo
2524 2599 2694 2673 dico
2739 2600 2943 2698 quod
3003 2598 3301 2698 primus
3368 2598 3711 2674 defectus
3775 2597 3855 2673 in

2302 2717 2696 2791 voluntate
2737 2724 2850 2790 est
2888 2739 3043 2789 non
3076 2716 3273 2790 velle
3323 2714 3622 2813 operari
3665 2738 3858 2789 con-

2303 2830 2634 2906 corditer
2700 2832 2991 2927 regulae
3031 2854 3223 2905 suae.

2402 2947 2600 3021 Hinc
2631 2971 3047 3044 possumus
3088 2947 3298 3044 loqui
3331 2946 3423 3021 de
3464 2946 3848 3021 substrato
3908 2956 4178 3009 voluutas

2303 3063 2503 3138 actui
2564 3064 2794 3157 malO,
2871 3072 2945 3137 et
2984 3063 3092 3137 sic
3141 3071 3389 3160 potest
3427 3062 3575 3136 dici
3643 3061 3849 3160 quod
3880 3024 4215 3146 οῗῶῗῖωἶί

2301 3184 2661 3255 voluntas
2701 3191 2816 3255 est
2854 3204 3083 3255 causa
3126 3203 3262 3278 per
3302 3180 3661 3255 accidens
3704 3205 3851 3254 ma·
3880 3158 4212 3271 3030?AEss

2304 3296 2383 3391 li,
2455 3296 2846 3372 accidente
2906 3322 2998 3371 ex
3055 3306 3269 3394 parte
3310 3319 3594 3400 causae,
3667 3296 3853 3393 quia
3906 3272 4185 3386 {¹2¹⁸m2‘1'3‘·

2301 3415 2660 3487 voluntas
2770 3399 3026 3488 creata
3104 3436 3241 3510 per
3340 3411 3850 3488 differentiam

2301 3551 2519 3603 suam
2618 3527 3054 3626 specificam
3146 3537 3262 3603 est
3335 3552 3571 3604 causa
3634 3540 3851 3604 actus

2305 3644 2509 3738 mali,
2542 3645 2749 3742 quod
2795 3653 2910 3720 est
2949 3644 3382 3743 oppositum
3431 3654 3696 3720 contra
3727 3670 3854 3720 vo-

2300 3762 2672 3836 luntatem
2769 3761 3184 3836 increatam
3232 3789 3251 3855 3
3324 3770 3398 3837 et
3479 3763 3588 3836 sic
3681 3762 3850 3838 dico

2300 3876 2505 3974 quod
2551 3878 2910 3951 voluntas
2972 3886 3228 3951 creata
3269 3900 3406 3975 per
3442 3900 3661 3952 suam
3710 3877 3853 3951 dif-

2299 3995 2697 4069 ferentiam
2786 3993 3224 4093 specificam
3309 4003 3426 4070 est
3504 3996 3853 4094 proxima

2296 4113 2488 4187 ratio
2522 4112 2978 4209 contingens
3011 4122 3227 4188 actus
3266 4112 3478 4206 boni,
3533 4123 3607 4188 et
3634 4124 3850 4189 actus

2298 4227 2504 4302 mali.
2559 4230 2651 4302 Et
2689 4229 2798 4304 sic
2848 4236 3097 4327 potest
3145 4228 3295 4302 dici
3336 4229 3539 4327 quod
3582 4232 3850 4305 volun-

2295 4357 2413 4421 tas
2452 4347 2802 4421 absolute
2835 4355 2949 4420 est
2980 4368 3213 4420 causa
3270 4369 3408 4444 per
3459 4344 3844 4440 accidenS,

2296 4461 2479 4560 quia
2528 4484 2665 4560 per
2709 4459 3218 4535 differentiam
3264 4459 3700 4558 specificam
3735 4472 3850 4536 est

2293 4601 2530 4653 causa
2567 4576 2942 4675 proxima,
2996 4585 3071 4651 et
3108 4576 3238 4651 illa
3282 4578 3666 4652 contrahit
3710 4603 3850 4653 vo-

2295 4697 2666 4771 luntatem
2736 4695 2810 4769 in
2875 4718 3185 4792 genere,
3244 4718 3421 4793 quae
3487 4698 3848 4773 voluntas

2293 4815 2641 4889 absolute
2698 4813 3204 4906 considerata,
3249 4822 3364 4888 est
3411 4836 3647 4889 causa
3710 4840 3849 4915 per

2293 4931 2651 5006 accidens
2718 4939 2934 5006 actus
2979 4961 2995 5022 ;
3069 4930 3266 5004 sicut
3308 4931 3585 5006 dicitur
3636 4932 3842 5031 quod

2294 5048 2722 5125 differentia
2781 5046 3055 5124 accidit
3108 5048 3399 5144 generi,
3472 5050 3655 5149 quia
3731 5060 3846 5126 est

2293 5175 2505 5241 extra
2562 5165 2730 5263 ejus
2791 5163 3293 5259 intellectum,
3330 5174 3403 5240 et
3461 5167 3845 5242 contrahit
3890 5237 4179 5290 omnum·

2291 5283 2542 5381 ipsum
2596 5280 2692 5357 ad
2733 5291 3015 5357 certam
3059 5280 3420 5379 speciem.
3468 5283 3647 5359 Ideo
3706 5285 3843 5360 de-
3905 5300 4030 5352 titas
4059 5315 4177 5353 nou

2293 5396 2725 5473 sectibilitas
2779 5420 2933 5472 non
3011 5404 3126 5471 est
3171 5397 3492 5496 ‚proprie
3562 5423 3843 5499 appro-
3900 5368 4181 5502 ⁰332?

2290 5512 2554 5613 prians
2585 5516 3088 5607 voluntatem,
3142 5525 3218 5589 ut
3251 5513 3346 5588 sit
3391 5540 3625 5591 causa
3655 5542 3846 5593 con-
3873 5503 4186 5611 ῑῖζζῗῗιῖεἶὲζ

2290 5631 2597 5729 tingens
2663 5628 3105 5706 immediata
3168 5640 3385 5707 actus
3470 5634 3842 5712 meritorii
3895 5620 4177 5732 ussuffiffif
