4295 6326
518 401 522 405 ⁴
620 423 751 492 528

624 588 1233 671 misericordiam
1265 581 1469 659 enim
1536 572 1912 651 exteriora
1988 592 2168 667 per·
2278 565 2350 639 in
2397 591 2536 641 suo
2583 564 2950 658 nomine3
3016 561 3522 663 temperantia
3582 558 3656 633 in
3721 558 3817 633 ti-

292 1732 557 1784 Charitas.

271 1804 352 1848 est
379 1811 487 1872 qua
514 1809 573 1846 e-

308 1873 542 1909 summus

282 1923 563 1987 justitiam.

368 5132 474 5196 11.

622 428 641 461 ἓ

625 709 1032 785 lectissime
1076 696 1745 780 communicantur
1782 686 2162 786 proximo,

623 827 807 926 quia
847 849 998 899 non
1057 830 1141 896 ut
1208 815 1599 905 rehabeat,
1659 831 1800 882 nec
1858 812 1940 878 ut
1996 811 2170 901 post

622 939 1236 1020 rebeneficietur.
1276 935 1493 1007 Hanc
1517 920 2164 1020 autemjustitiam

623 1063 974 1138 Salvator
1004 1052 1405 1153 expressit,
1440 1049 1673 1122 Lucae
1701 1043 1771 1116 8.
1807 1041 2001 1130 Cum
2037 1036 2167 1135 sa-

621 1181 731 1255 cis
761 1175 1227 1259 convivium,
1256 1178 1399 1245 etc.

718 1295 844 1370 Sic
920 1314 1105 1387 ergo
1185 1286 1562 1363 habemus
1638 1288 1792 1353 tres
1841 1274 2166 1349 virtutes

622 1413 954 1494 morales
994 1424 1395 1503 expressas
1437 1398 1513 1471 in
1556 1419 1665 1486 se,
1701 1392 1821 1466 vel
1883 1390 1956 1463 in
2003 1386 2166 1461 suis

624 1524 1057 1627 sp,eciebuS‚
1111 1519 1304 1593 duas
1354 1523 1608 1588 autem
1666 1502 2165 1600 Theologicas

626 1640 1007 1740 exprimit.
1072 1631 1533 1709 charitatem
1577 1621 1932 1723 exprimit
1988 1617 2091 1693 ibi
2141 1639 2157 1690 :

629 1761 861 1835 Beata·
898 1756 1032 1856 qui
1092 1751 1441 1828 esuriunt
1492 1754 1563 1820 et
1605 1743 1877 1817 sitiant
1922 1735 2164 1837 justi-

626 1880 843 1957 tiam.
899 1871 1207 1950 Esurire
1259 1865 1570 1966 quidem
1616 1884 1766 1934 non
1813 1865 1927 1931 est
1993 1853 2161 1927 sine

625 1989 1177 2080 misericordia,
1221 1983 1356 2060 sed
1399 1978 1705 2054 habitus
1745 1997 1897 2072 quo
1957 1968 2164 2044 elic'i-

618 2126 770 2201 tur,
818 2119 931 2185 est
962 2104 1320 2181 charitas.
1373 2091 1910 2193 Propriissime
1952 2085 2155 2161 enim

618 2228 952 2306 charitas
1006 2224 1152 2297 viae
1205 2228 1318 2294 est
1360 2213 1667 2291 habitus
1708 2232 1861 2306 quo
1907 2202 2160 2279 esuri-

619 2342 1214 2443 musjustitiam,
1255 2345 1328 2412 et
1368 2331 1761 2428 diligimus
1791 2327 2039 2400 Deum
2075 2321 2149 2394 in

613 2489 722 2553 se,
768 2461 899 2562 qui
941 2469 1056 2535 est
1108 2479 1290 2531 vera
1354 2448 1677 2547 justitia.
1751 2443 1981 2541 Spem
2036 2462 2157 2514 ex-

613 2581 899 2682 primit,
964 2577 1228 2650 dicens
1287 2597 1301 2646 :
1374 2566 1608 2642 Beati
1662 2563 1793 2663 qui
1862 2560 2145 2656 luqent.

609 2699 898 2773 Luctus
927 2704 1039 2770 est
1065 2689 1368 2766 habitus
1400 2678 1917 2770 desiderandi,
1946 2685 2019 2750 et
2041 2674 2152 2748 sic

609 2816 688 2888 in
736 2808 1341 2888 beatitudinibus
1398 2798 1933 2898 exprimuntur
1992 2792 2153 2865 vir-

606 2940 808 3005 tutes
866 2923 1334 3025 appetitivae,
1395 2918 1571 2991 duae
1632 2909 2143 3006 Theologicoe,

604 3058 677 3125 et
712 3058 862 3121 tres
905 3030 1262 3118 morales
1312 3032 1711 3133 acquisitae
1757 3028 1986 3118 ;duae
2041 3025 2151 3099 in-

600 3166 1079 3242 tellectuales
1138 3182 1293 3233 non
1353 3151 1918 3252 exprimuntur,
1994 3169 2150 3219 una

606 3280 1007 3379 acquisita,
1109 3270 1545 3373 prudentia,
1626 3267 1777 3342 alia
1860 3262 2141 3348 infusa,

603 3400 820 3474 fides.
868 3395 1071 3471 Satis
1098 3404 1355 3468 tamen
1398 3389 1622 3463 datur
1653 3380 1979 3477 intelligi
2014 3402 2150 3477 per

603 3513 1088 3614 appetitivas,
1148 3509 1331 3607 quia
1386 3529 1535 3579 non
1613 3512 1727 3578 est
1787 3499 2147 3573 voluntas

603 3633 888 3732 optime
921 3628 1292 3728 disposita
1322 3625 1487 3699 sine
1529 3622 1808 3732 virtute
1847 3639 2150 3691 corres-

603 3751 989 3852 pondente
1022 3748 1100 3820 in
1133 3745 1552 3819 intellectu.

1169 3939 1535 3999 SCHOLlUM
1580 3936 1647 3991 V.

672 4082 835 4138 Dona
867 4084 1089 4150 septem
1123 4074 1193 4130 de
1228 4072 1441 4145 quibus
1476 4067 1603 4124 lsai.
1642 4067 1724 4120 11.
1784 4079 1899 4119 non
1944 4061 2150 4118 distin-

598 4169 1116 4246 guiavirtutibuS,
1156 4172 1241 4219 est
1297 4167 1494 4217 contra
1552 4157 1619 4213 1).
1676 4155 1982 4221 Thomam‚
2044 4153 2145 4208 sed

600 4278 729 4318 cum
768 4261 1004 4316 Doctore
1039 4255 1097 4312 in
1128 4254 1258 4321 hoe,
1292 4258 1344 4307 et
1372 4253 1442 4305 de
1470 4244 1912 4303 indistinctione
1965 4241 2145 4297 beati·

598 4350 874 4406 tudinum
908 4363 941 4402 a
971 4343 1299 4406 virtunbus,
1361 4341 1563 4394 tenent
1609 4333 1751 4390 Gab.
1805 4332 1898 4387 hle
1938 4333 2144 4402 quaest.

605 4438 757 4495 unic.
792 4442 901 4494 art.
933 4436 987 4490 2.
1024 4433 1203 4504 Maj0r
1243 4432 1447 4502 quaest.
1498 4443 1538 4480 1.
1588 4422 1823 4480 ovando
1881 4418 2145 4493 proposi-

600 4529 763 4584 tione
806 4527 860 4581 3.
890 4523 1261 4594 Alm.quaest.
1286 4518 1441 4573 unic.
1476 4523 1529 4571 et
1559 4513 1612 4570 3.
1657 4509 1859 4568 Mor-al.
1914 4525 2039 4581 cap.
2089 4507 2145 4564 2.

604 4618 768 4675 Altis.
803 4619 855 4672 4.
888 4621 959 4671 tr.
994 4615 1049 4669 8.
1083 4615 1289 4682 quaest.
1322 4626 1362 4665 1.
1415 4605 1667 4664 Occbam
1714 4604 1765 4658 4.
1825 4606 2028 4675 quaest.
2089 4601 2143 4655 8.

604 4708 781 4779 Vasq.
809 4707 858 4761 1.
889 4709 944 4762 2.
976 4704 1035 4758 d.
1080 4703 1167 4756 39.
1202 4716 1329 4770 cap.
1360 4699 1415 4753 2.
1440 4696 1602 4752 Salas
1627 4694 1730 4762 ibi,
1765 4700 1924 4747 tract.
1971 4693 2052 4748 12.
2086 4690 2144 4746 d.

609 4797 759 4854 utile.
794 4804 936 4852 sect.
972 4810 1005 4849 ι.
1039 4789 1299 4863 Explicat
1329 4784 1616 4858 quomodo
1666 4782 1906 4836 virtutes
1951 4777 2006 4833 in
2059 4796 2142 4846 se,

609 4889 691 4945 vel
730 4887 782 4942 in
814 4886 938 4942 suis
970 4881 1295 4956 speciebuS,
1328 4878 1741 4934 enumerentur
1782 4871 1897 4927 illis
1953 4868 2142 4926 donia.

706 5017 790 5089 In
888 5010 1111 5087 donis
1205 5010 1714 5081 numerantur
1817 5007 2149 5096 quatuor

608 5136 931 5210 virtutes
999 5125 1453 5217 cardinaleS,
1545 5117 1978 5219 prudentia,
2065 5115 2142 5187 in

257 5251 441 5300 T¹¹¹¹⁰f
481 5259 577 5311 ¹³¹⁰
610 5256 811 5329 dono
880 5245 1207 5334 consilii,
1268 5237 1696 5316 consiliatio
1757 5234 1959 5311 enim
2031 5241 2145 5307 est

260 5311 575 5363 humilitate.

609 5384 807 5449 recte
909 5361 1358 5465 syllogizare
1455 5353 1827 5454 practice,
1941 5351 2141 5426 unde

605 5490 940 5575 habituS‚
978 5505 1131 5581 quo
1182 5475 1355 5574 quis
1422 5481 1534 5548 est
1581 5467 2135 5560 consiliativt1S,

604 5619 717 5684 est
767 5597 1200 5703 prudentia.
1257 5590 1648 5666 Fortitudo
1687 5585 2140 5688 exprimitur

2009 392 2249 463 LIBRI
2297 393 2416 460 111.

2279 707 2513 771 more,
2578 706 2752 781 quae
2817 682 3132 756 omnino
3202 682 3398 755 idem
3455 676 3814 776 estquod

2275 802 2694 876 humilitas.
2770 800 2988 875 Unde
3041 799 3351 897 quando
3420 796 3815 894 Scriptura

2274 919 2713 1015 frequenter
2762 917 3246 991 commendat
3291 916 3672 1007 timorem,
3732 922 3814 989 ut

2273 1034 2459 1108 illud
2500 1059 2514 1108 :
2550 1034 2876 1108 Initium
2920 1033 3325 1131 sapientiae
3381 1031 3614 1106 timor
3661 1030 3813 1105 Do-

2272 1153 2494 1246 mini,
2540 1152 2730 1225 nihil
2767 1152 2973 1227 aliud
3003 1161 3117 1226 est
3182 1151 3329 1224 nisi
3385 1149 3804 1239 humilitaS,

2272 1294 2448 1366 quae
2501 1280 2613 1344 est
2667 1269 3126 1368 principium
3180 1267 3526 1343 omnium
3582 1266 3812 1341 virtu-

2270 1395 2460 1461 tum.
2538 1377 2846 1462 Justiti'a
2920 1386 3372 1486 exprimitur
3447 1379 3523 1459 in
3606 1386 3808 1460 dono

2273 1502 2600 1599 pietatiS,
2633 1526 2808 1599 quae
2840 1502 3041 1601 apud
3078 1502 3550 1577 Salvatorem
3595 1525 3812 1575 voca-

2271 1629 2395 1693 tur
2435 1619 2986 1713 misericordia,
3045 1629 3115 1694 et
3175 1619 3319 1694 ista
3362 1629 3476 1694 est
3514 1619 3810 1718 species

2259 1737 2605 1834 justitiae.
2719 1738 3272 1836 Exprimuntur
3356 1760 3538 1834 ergo
3609 1737 3808 1811 inter

2270 1855 2472 1929 dona
2504 1865 2834 1953 quatuor
2884 1856 3204 1931 virtutes
3255 1855 3682 1930 cardinales
3724 1854 3797 1926 in

2269 1995 2377 2064 se,
2423 1974 2539 2046 vel
2576 1973 2654 2046 in
2689 1973 2850 2047 suis
2880 1973 3311 2074 speciebus.
3366 1973 3559 2047 Duae
3611 1973 3802 2047 infu-

2267 2112 2372 2162 sae
2406 2089 2963 2186 exprimuntur,
2996 2090 3329 2164 charitas
3375 2114 3510 2188 per
3567 2090 3798 2189 spiri-

2267 2212 2422 2278 tum
2486 2205 2911 2303 sapientiae.
2977 2206 3370 2305 Sapientia
3426 2206 3630 2281 enim
3684 2218 3799 2283 est

2263 2320 2622 2414 charitaS,
2678 2331 2791 2396 est
2822 2321 3027 2397 enim
3066 2322 3370 2397 habitus
3412 2346 3566 2420 quo
3599 2322 3797 2421 sapit

2263 2437 2570 2511 babenti
2615 2437 2802 2512 illud
2836 2439 3252 2537 objectum,
3303 2440 3506 2537 quod
3558 2450 3671 2514 est
3721 2440 3799 2513 in

2260 2576 2340 2628 se
2409 2553 2891 2652 sapiendum,
2974 2578 3126 2652 quo
3195 2553 3486 2629 scilicet
3551 2556 3800 2653 placet

2260 2670 2451 2743 mihi
2482 2670 2774 2744 bonum
2805 2670 2974 2768 ejus
3013 2671 3090 2744 in
3125 2695 3234 2761 se,
3274 2680 3348 2744 et
3389 2671 3578 2751 illud
3622 2672 3796 2746 volo

2260 2786 2471 2872 mihi,
2503 2795 2577 2862 et
2607 2810 2742 2885 per
2782 2789 2927 2861 hoc
2967 2812 3142 2886 spes
3173 2788 3398 2862 datur
3440 2787 3793 2885 intelligi,

2257 2928 2432 3002 quae
2462 2906 2811 3003 explicite
2867 2930 3017 2980 non
3074 2917 3596 2982 enumeratur.
3654 2906 3799 2980 Sa-

2256 3020 2545 3119 pientia
2610 3022 2817 3096 enim
2886 3032 3024 3118 est,
3106 3046 3261 3121 qua
3336 3024 3535 3121 sapit
3610 3022 3797 3097 mihi

2255 3137 2464 3214 Deus
2522 3137 2598 3213 in
2670 3163 2779 3234 se,
2851 3149 2925 3215 et
2984 3163 3138 3238 qua
3196 3139 3391 3239 sapit
3452 3139 3668 3234 mihi,
3718 3148 3799 3214 ut

2256 3257 2574 3351 bonum,
2621 3282 2798 3333 nam
2851 3258 2984 3356 qui
3035 3259 3258 3357 sapit,
3322 3268 3394 3335 et
3444 3282 3796 3358 saporem

2254 3372 2330 3446 in
2366 3398 2446 3448 se
2488 3374 2885 3472 approbat,
2919 3386 2992 3450 et
3024 3375 3172 3451 sibi
3213 3375 3525 3474 appetit.
3575 3376 3798 3451 Fides

2253 3490 2509 3566 infusa
2540 3491 2993 3590 exprimitur
3023 3517 3160 3591 per
3198 3492 3342 3567 alia
3385 3493 3537 3568 duo
3565 3493 3793 3584 dona,

2254 3606 2728 3682 intellectum
2769 3616 2845 3682 et
2875 3607 3303 3703 scientiam,
3344 3608 3472 3707 qui
3533 3609 3801 3684 dicunt

2259 3747 2497 3798 unum
2557 3733 2850 3799 tantum
2917 3725 3261 3799 habiturn
3320 3723 3796 3800 differentem

2254 3838 2676 3914 secundum
2750 3843 3170 3938 perfectum
3252 3851 3325 3917 et
3405 3841 3800 3939 imperfecf

2255 3965 2443 4030 tum.
2509 3958 2769 4032 Potest
2840 3959 3044 4033 enim
3131 3959 3569 4033 intellectus
3648 3958 3797 4033 dici

2255 4074 2444 4149 fides
2520 4074 2989 4174 imperfecta,
3071 4100 3248 4175 quae
3334 4087 3448 4152 est
3529 4077 3797 4152 notitia

2255 4192 2752 4267 articulorum
2806 4193 3261 4292 primorum,
3325 4202 3400 4269 et
3475 4194 3791 4269 scientia

2254 4309 2446 4385 fides
2468 4312 2828 4410 perfecta,
2865 4335 3042 4409 quae
3073 4320 3188 4386 est
3219 4311 3578 4410 explicita
3606 4311 3795 4386 noti-

2253 4425 2358 4501 tia
2389 4428 2480 4503 de
2510 4427 2878 4504 articulis.

2776 4622 3136 4680 SCIIOLIUM
3180 4623 3272 4680 VI.

2324 4749 2583 4822 Explicat
2612 4750 2831 4823 optime
2866 4752 3110 4819 fructae,
3144 4752 3215 4808 de
3239 4751 3454 4825 quibua
3486 4753 3552 4807 ad
3606 4750 3787 4808 Galat.

2250 4839 2303 4893 5.
2337 4857 2452 4896 non
2485 4841 2770 4912 distingui
2803 4858 2863 4897 re
2894 4860 2928 4898 a
2959 4843 3298 4908 virtutibus,
3328 4841 3557 4915 aliquos
3600 4848 3792 4900 tamen

2253 4945 2323 4985 ex
2349 4929 2460 4996 bis,
2496 4931 2663 4987 docet
2708 4948 2833 4989 esse
2872 4932 3284 4989 delectationes
3328 4942 3654 5004 sequanica,
3707 4932 3793 4988 vel

2252 5018 2598 5076 comitantes
2629 5027 2795 5077 actus
2827 5022 3132 5076 virtutum.
3189 5021 3275 5078 lta
3317 5021 3593 5078 Doctores
3637 5023 3791 5078 citati

2250 5110 2439 5166 Schol.
2477 5110 2844 5182 praecedenti,
2881 5111 2950 5166 de
2982 5128 3097 5183 quo
3128 5111 3344 5182 optime
3376 5111 3442 5167 D.
3479 5114 3791 5169 Bonavent.

2252 5200 2486 5268 citatus,
2518 5204 2575 5255 et
2602 5198 2660 5255 in
2694 5200 2868 5254 Dioeta
2899 5198 3108 5255 salutis
3138 5199 3227 5255 tit.
3256 5200 3309 5256 8.

2349 5349 2459 5424 De
2504 5348 2875 5423 fructibus
2915 5347 3112 5438 dico,
3169 5350 3372 5446 quod
3431 5353 3786 5448 quaedam

2252 5467 2554 5541 illorum
2586 5465 3115 5542 suntvirtutcs
3179 5479 3650 5546 enumeratae
3707 5472 3781 5544 in

2251 5584 2379 5658 illo
2439 5583 2873 5682 septenario
2942 5582 3019 5655 in
3091 5606 3171 5658 se
3250 5586 3372 5659 vel
3460 5586 3531 5659 in
3624 5590 3784 5663 suis

3874 2089 4121 2141 Charitas

3829 2159 3910 2204 eat
3928 2154 4147 2267 §Rp-ien-

3931 5538 4038 5603 12.
