4295 6326
1348 452 1573 522 DIST.
1615 449 1942 521 XXXIII.
1984 449 2403 531 QUAESTIO
2458 449 2689 520 UNIC.

385 644 392 650 '
463 628 825 705 omnibus
852 628 1034 705 filiis
1084 631 1260 705 data
1290 637 1406 704 est
1426 626 1727 725 justitia
1766 625 2008 722 origi-

215 2400 323 2468 18.

121 4508 273 4559 Unus
324 4520 423 4572 po·

167 4576 272 4622 test
318 4583 418 4633 pro

127 4633 234 4684 elio
261 4633 451 4683 deme-

125 4695 232 4746 reri
279 4695 425 4745 sieut.

127 4764 179 4810 et
207 4757 403 4809 mereri

464 747 692 837 nalis,
739 747 844 822 ita
874 748 1080 845 quod
1121 746 1332 821 omni
1373 743 1734 838 filio,nisi
1765 743 2008 818 Adam

465 864 851 960 posuisset
916 863 1269 956 obicem3
1314 862 1510 936 sicut
1551 860 1753 936 enim
1803 881 2011 932 nunc

465 980 677 1054 omni
732 978 891 1054 filio
974 980 1199 1054 datur
1293 978 1762 1052 intellectiva
1840 976 2007 1050 sine

469 1096 736 1171 merito
754 1096 1096 1194 speciali,
1116 1096 1226 1170 sic
1242 1105 1424 1170 tunc
1439 1094 1649 1168 Deus
1675 1091 2010 1167 dedisset

465 1213 785 1288 cuilibet
837 1212 1217 1310 justitiam
1286 1212 1768 1309 originalem.
1837 1209 2009 1283 Non

467 1329 675 1406 enim
716 1329 963 1428 potuit
1016 1330 1255 1404 Adam
1300 1327 1600 1403 dedisse
1633 1326 2012 1424 justitiam

469 1448 1167 1545 originalem,sicut
1186 1471 1326 1522 nec
1350 1456 1567 1546 pater
1602 1469 1806 1519 nunc
1836 1468 2016 1542 pos-

468 1577 585 1643 set
631 1568 814 1641 dare
884 1565 1474 1658 intellectivam3
1521 1574 1596 1638 et
1625 1563 1825 1637 sicut
1866 1585 2018 1635 mo-

470 1685 595 1778 do,
642 1684 703 1758 si
769 1708 969 1758 unus
1026 1692 1244 1782 pater
1282 1680 1788 1757 demeruisset
1844 1678 2017 1754 ani-

473 1826 676 1876 mam
709 1801 1286 1894 intellectivam,
1332 1799 1496 1897 ipse
1530 1808 1731 1874 esset
1762 1800 2018 1894 culpa-

471 1920 672 2007 hilis,
737 1929 812 1994 et
849 1942 1121 1994 omnes
1187 1917 1324 1991 filii
1381 1928 1729 1992 carentes
1802 1916 2018 1989 intel-

472 2034 774 2128 lectiva,
823 2034 1006 2133 quia
1047 2036 1256 2110 Deus
1314 2034 1520 2108 dedit
1576 2057 1744 2109 eam
1786 2032 2012 2132 patri,

475 2162 549 2227 et
580 2150 896 2227 cuilibet
926 2149 1085 2226 filio
1126 2152 1521 2225 voluntate
1554 2149 2018 2225 anteceden-

475 2279 574 2361 te,
612 2268 722 2344 sic
766 2268 904 2342 fuit
933 2279 1118 2342 tunc
1160 2268 1252 2343 de
1285 2266 1588 2365 justitia
1627 2265 2011 2363 originali.

575 2385 831 2479 DiceS‚
903 2385 1246 2461 concedo
1314 2385 1517 2483 quod
1579 2384 1856 2481 aliquis
1908 2392 2020 2458 est

476 2503 777 2578 debitor
824 2528 964 2603 pro
1008 2527 1097 2579 eo
1167 2502 1371 2600 quod
1414 2501 1709 2598 accepit
1772 2525 1817 2575 a
1855 2501 2017 2573 Deo

474 2621 872 2694 voluntate
942 2618 1472 2711 antecedente,
1544 2641 1699 2691 non
1760 2624 2018 2691 autem

472 2761 611 2835 pro
652 2758 743 2810 eo
776 2736 979 2833 quod
1045 2735 1243 2810 alius
1275 2733 1611 2833 accepit3
1648 2733 1779 2807 sed
1812 2730 2021 2805 filius

471 2874 901 2949 numquam
971 2851 1267 2949 accepit
1305 2874 1504 2945 eam,
1550 2849 1734 2948 quia
1802 2873 2022 2923 num-

471 2990 705 3065 quam
749 2992 917 3043 eam
953 2966 1352 3043 habuerat.

504 3104 516 3109 ·
571 3089 881 3182 Contra,
924 3097 1239 3186 propter
1286 3085 1576 3159 donum
1638 3083 1907 3182 gratiae
1948 3094 2022 3158 et

470 3204 925 3297 voluntatis,
955 3227 1131 3301 quoe
1159 3202 1479 3299 accepit,
1512 3212 1627 3276 est
1657 3200 2015 3295 debitrix3

471 3319 606 3395 sed
674 3343 765 3395 ex
832 3328 1048 3418 parte
1082 3318 1264 3392 doni
1320 3316 1602 3392 sufficit
1637 3326 1717 3391 ut
1756 3319 2023 3391 volun-

468 3446 587 3512 tas
653 3436 749 3512 sit
813 3434 1167 3530 debitrix,
1204 3435 1389 3534 quia
1456 3435 1731 3510 eodem
1792 3435 2019 3508 modo

472 3555 612 3628 fuit
670 3554 963 3648 datum,
1029 3562 1404 3650 quantum
1475 3561 1591 3627 est
1647 3575 1742 3626 ex
1805 3561 2021 3650 parte

469 3670 652 3744 doni
747 3679 823 3746 et
911 3669 1191 3763 dantis,
1338 3667 1718 3743 voluntati
1803 3668 2017 3762 Adae,

469 3786 669 3861 sicut
699 3785 992 3883 absque
1037 3808 1238 3858 novo
1301 3784 1677 3859 miraculo
1711 3783 2023 3858 daretur

470 3901 833 3976 omnibus
861 3899 1067 3990 filiis,
1104 3899 1253 3974 nisi
1287 3908 1488 3975 esset
1523 3899 2025 3997 impedimen-

469 4029 662 4113 tum,
707 4019 907 4093 sicut
938 4042 1146 4110 nunc
1196 4027 1311 4092 est
1342 4017 1434 4092 de
1503 4015 2056 4110 intellectiva3'

472 4135 708 4232 igitur
784 4134 1187 4233 aequaliter
1253 4142 1369 4208 est
1452 4134 1815 4208 voluntas
1883 4131 2022 4205 filii

476 4253 829 4342 debitrix,
911 4252 1108 4326 sicut
1176 4251 1238 4326 si
1290 4250 1736 4348 ’accepisset
1801 4249 2018 4343 illud,

480 4371 664 4468 quia
695 4369 834 4444 fuit
864 4369 1040 4444 data
1070 4366 1230 4463 filio
1271 4366 1347 4439 in
1383 4376 1625 4465 patre.

580 4484 996 4579 Confirmo,
1097 4493 1346 4583 potest
1437 4507 1643 4559 unus
1747 4480 2023 4557 mereri

481 4630 620 4704 pro
697 4605 876 4698 alio,
955 4613 1030 4679 et
1096 4602 1438 4699 obligare
1495 4603 1744 4677 Deum
1804 4598 2022 4675 alteri

480 4720 806 4815 homini,
853 4719 1053 4795 sicut
1081 4718 1432 4794 Christus
1475 4716 1755 4793 meruit
1799 4715 2024 4790 nobis

479 4839 833 4937 gratiam,
878 4846 950 4912 et
980 4835 1352 4933 obligavit
1397 4835 1645 4909 Deum
1683 4832 2023 4908 homini-

477 4957 623 5032 bus
649 4984 668 5050 3
714 4954 949 5053 igitur
977 4954 1187 5029 Deus
1209 4953 1416 5050 juste
1460 4960 1708 5050 potest
1738 4949 2023 5046 obliga-

478 5096 557 5148 re
625 5071 1020 5146 hominem
1106 5068 1283 5165 sibi,
1359 5068 1464 5142 ita
1539 5066 1745 5165 quod
1819 5089 2021 5141 unus

477 5196 734 5286 posset
773 5211 909 5285 pro
950 5185 1100 5261 alio
1133 5183 1510 5260 demereri
1541 5211 1560 5279 3
1607 5183 1843 5280 igitur
1881 5206 2018 5255 vo-

479 5305 733 5378 luntas
799 5300 936 5375 filii
979 5299 1305 5376 debitrix
1364 5309 1504 5394 est,
1576 5300 1760 5397 quia
1810 5300 2020 5378 Deus

480 5419 686 5495 dedit
714 5418 1091 5517 justitiam
1136 5416 1372 5517 patris
1411 5417 1818 5492 voluntati.

578 5536 833 5632 DiceS,
877 5545 1172 5613 tantum
1217 5558 1459 5609 unum
1492 5543 1606 5609 est
1633 5535 2015 5629 meritum,

487 5675 661 5729 'cum
703 5678 910 5729 unus
950 5662 1290 5729 meretur
1345 5674 1484 5750 pro
1527 5651 1723 5746 alio;
1786 5651 2021 5749 igitur

3537 443 3664 516 163

2113 635 2409 701 tantum
2445 626 2590 702 erit
2621 650 2865 701 unum
2907 625 3394 716 demeritum,
3427 646 3665 720 quan-

2115 744 2212 816 do
2246 766 2452 817 unus
2492 742 2931 816 demeretur
2978 764 3122 839 pro
3182 738 3379 825 alio;
3422 738 3664 833 igitur

2115 870 2415 935 tantum
2486 885 2637 935 una
2707 862 2960 958 culpa,
3033 868 3109 933 et
3166 858 3297 932 illa
3364 856 3506 931 fuit
3582 856 3660 928 in

2116 980 2358 1054 Adam
2386 1008 2404 1074 3
2443 980 2675 1076 igitur
2706 981 2921 1053 nulla
2952 979 3029 1051 in
3064 977 3311 1051 nobis.

2217 1106 2404 1180 Dico
2457 1105 2659 1204 quod
2748 1105 2878 1179 illa
2963 1104 3230 1179 eadem
3298 1125 3724 1204 numer0‚h

2121 1245 2298 1319 quae
2331 1221 2471 1296 fuit
2512 1221 2587 1315 in
2630 1220 2899 1315 Adam,
2938 1245 3093 1295 non
3136 1229 3250 1295 est
3291 1219 3365 1291 in
3405 1218 3652 1313 nobiS,

2122 1337 2306 1435 quia
2335 1345 2588 1413 tamen
2635 1361 2770 1434 per
2809 1340 2981 1432 hoc,
3041 1337 3243 1435 quod
3277 1337 3486 1410 Deus
3528 1337 3659 1411 de·

2121 1451 2231 1525 dit
2298 1450 2444 1526 sibi
2511 1451 2919 1547 justitiam,
3010 1450 3274 1527 debuit
3358 1450 3658 1525 dedisse

2122 1567 2438 1642 cuilibet
2530 1566 2690 1642 filio
2785 1567 3014 1642 aliam
3074 1567 3509 1665 justitiam,
3591 1576 3662 1641 et

2121 1682 2349 1757 aliam
2380 1710 2399 1776 3
2438 1682 2610 1758 ideo
2645 1683 2968 1781 quilibet
2998 1692 3113 1759 est
3151 1683 3450 1758 debitor
3488 1683 3664 1780 jus-

2127 1798 2310 1873 titiae
2342 1798 2486 1873 sibi
2529 1798 2833 1894 debitae,
2870 1800 3052 1898 quia
3084 1808 3289 1875 caret
3329 1822 3453 1893 ea3
3491 1798 3662 1873 ideo

2123 1916 2354 1990 habet
2393 1915 2779 2015 propriam
2834 1918 3167 2016 culpam,
3213 1926 3286 1991 et
3325 1915 3433 1990 sic
3465 1916 3664 1990 obli-

2122 2041 2406 2128 gantur
2443 2034 2706 2130 plures
2781 2057 3137 2130 personae
3181 2057 3317 2131 per
3380 2031 3666 2129 obliga-

2122 2149 2411 2223 tionem
2457 2148 2713 2241 unius,
2780 2159 2854 2224 et
2911 2150 3020 2224 sic
3062 2149 3392 2224 efficitur
3431 2149 3668 2247 quili-

2124 2267 2252 2341 bet
2322 2265 2645 2360 debitor,
2718 2266 2850 2363 qui
2918 2266 3211 2365 accepit
3285 2265 3663 2362 justitiam

2121 2380 2519 2454 voluntate
2560 2380 3085 2455 antecedente.

2226 2506 2374 2581 Per
2405 2508 2548 2580 hoc
2581 2516 2782 2604 patet
2825 2505 3101 2581 solutio
3174 2506 3413 2581 tertiae
3445 2528 3667 2602 quae-

3748 1091 3978 1151 Quilibet

3729 1155 3850 1226 abet
3898 1169 4012 1228 prq-

3689 1233 3723 1282 p
3729 1231 4011 1267 rrrrrrrr

3751 1280 3946 1345 ginale.

3816 2517 3923 2583 19.

2125 2622 2424 2697 stionis.
2493 2622 2938 2697 Secundum
3000 2623 3220 2697 istam
3259 2622 3463 2698 viam
3510 2647 3661 2695 non
3696 2631 3906 2687 Salutio
3936 2647 3989 2697 q·

2127 2739 2606 2816 contrahitur
2672 2742 2901 2838 culpa
2958 2741 3034 2813 in
3076 2739 3337 2814 anima
3394 2738 3530 2813 filii
3572 2762 3665 2814 ex

2127 2857 2301 2950 hoc,
2346 2856 2552 2954 quod
2619 2879 2795 2931 caro
2850 2856 3486 2954 concupiscenter
3543 2879 3670 2930 se-

2128 2975 2420 3048 minata
2450 2982 2716 3049 causat
2745 2973 3191 3071 qualitatem
3241 2971 3668 3047 morbidam

2129 3090 2204 3165 in
2276 3088 2561 3184 anima,
2597 3113 2741 3166 nec
2781 3089 3301 3184 infectionem,
3340 3089 3473 3166 sed
3540 3113 3672 3165 so-

2129 3209 2287 3282 lum
2358 3206 2837 3281 contrahitur
2927 3207 3156 3305 culpa
3229 3205 3308 3279 in
3377 3204 3667 3299 anima,

2126 3324 2313 3423 quia
2371 3323 2537 3422 ipsa
2595 3332 2709 3399 est
2750 3323 2992 3398 forma
3041 3346 3421 3422 personae,
3494 3345 3670 3420 quae

2128 3450 2244 3515 est
2308 3438 2519 3514 filius
2590 3437 2964 3514 naturalis
3029 3439 3263 3533 Adae3
3338 3447 3411 3513 et
3496 3437 3672 3513 ideo

2128 3579 2598 3655 quamquam
2641 3563 2812 3653 post
2861 3556 3163 3653 lapsum
3206 3577 3510 3653 semper
3574 3553 3674 3629 sit

2129 3696 2306 3748 caro
2373 3671 3009 3771 concupiscenter
3083 3670 3486 3766 seminata,
3558 3680 3673 3746 ta-

2129 3810 2306 3862 men
2395 3786 2540 3862 ista
2617 3785 3242 3885 concupiscentia
3307 3810 3467 3860 non
3557 3797 3672 3862 est

2127 3928 2363 3980 causa
2394 3904 2644 4001 culpae
2676 3903 2754 3977 in
2790 3903 3070 3979 anima.
3127 3903 3351 3978 Unde
3392 3906 3673 3980 Ansel-

2129 4047 2303 4098 mus
2361 4021 2454 4096 de
2527 4020 2884 4118 Concept.
2964 4020 3257 4117 Virqin.
3311 4044 3478 4117 cap.
3548 4020 3665 4096 19.

2130 4139 2347 4239 ponit
2384 4147 2673 4236 septem
2716 4161 3017 4231 causae,
3053 4160 3292 4234 quare
3325 4136 3673 4212 Christus

2130 4281 2281 4332 non
2342 4255 2612 4330 habuit
2650 4254 2873 4329 istam
2933 4256 3267 4352 culpam,
3339 4276 3666 4351 quarum

2129 4374 2305 4448 duae
2363 4380 2569 4466 sunt,
2640 4380 2726 4446 ut
2791 4371 2973 4469 quia
3039 4369 3387 4446 nonfuit
3460 4369 3672 4447 filius

2128 4488 2505 4564 naturalis
2536 4488 2747 4581 Adae,
2791 4497 2864 4563 et
2894 4487 3076 4585 quia
3122 4511 3297 4562 caro
3327 4485 3670 4583 Virginis

2127 4607 2270 4682 fuit
2309 4607 2523 4706 prius
2583 4615 2933 4704 purgata,
2989 4605 3158 4681 ideo
3218 4603 3669 4708 propagatio

2128 4722 2376 4820 magis
2434 4731 2550 4798 est
2605 4745 2839 4796 causa
2905 4720 3198 4819 peccati
3239 4719 3666 4816 originaliS‚

2128 4862 2362 4936 quam
2405 4837 2501 4912 sit
2560 4836 2823 4912 libido.
2897 4836 3119 4911 Unde
3180 4836 3380 4912 sicut
3420 4859 3669 4934 equus

2128 4954 2546 5030 amittendo
2603 4953 2959 5047 fraenum,
2998 4951 3193 5027 nihil
3249 4952 3664 5051 positivum

2128 5071 2441 5170 recepit,
2514 5081 2588 5146 et
2654 5080 2910 5146 tamen
2990 5094 3198 5145 nunc
3275 5068 3666 5145 effraenate

2125 5187 2364 5262 fertur
2402 5188 2555 5260 huc
2609 5195 2681 5260 et
2745 5185 2925 5260 illuc
2970 5213 2988 5279 3
3052 5183 3406 5260 similiter
3445 5183 3666 5258 navis

2126 5299 2511 5375 fluctuans
2579 5298 2745 5373 sine
2779 5299 3253 5395 navigatore,
3308 5298 3415 5372 sic
3457 5321 3665 5370 nunc

2127 5418 2359 5490 homo
2400 5413 2899 5490 immoderate
2956 5415 3197 5489 fertur
3234 5414 3312 5487 in
3376 5436 3666 5487 concu-

2125 5532 2540 5632 piscentias
2598 5532 2880 5626 carnis,
2919 5531 3314 5629 deperdita
3361 5529 3662 5627 justitia

2126 5651 2508 5748 originali.

3700 2706 3744 2755 ι,
3782 2695 3907 2746 dist.
3936 2701 4014 2752 31.

3745 3919 3957 3984 Septem

3705 3997 3896 4034 causae
3935 3997 4024 4046 po-

3761 4045 3842 4096 nit
3869 4047 3973 4095 An·

3707 4108 3857 4159 selm.
3890 4121 4023 4170 qua-

3706 4184 3764 4220 re
3783 4171 4024 4220 Christus

3705 4246 3813 4283 non
3839 4231 4026 4282 habuit

3721 4295 3997 4359 originale.
4132 4325 4139 4332 ·
