4295 6326
654 342 781 410 338

661 508 1062 602 declarari,
1097 505 1244 580 nisi
1287 505 1509 580 detur
1563 502 1643 575 in
1684 499 1958 576 effectu
1999 523 2204 576 sum-

654 652 780 702 ma
819 625 1063 724 gratia
1096 623 1262 698 sine
1307 619 1625 712 meritis,
1671 616 1853 716 quia
1898 641 2045 691 non
2090 639 2204 690 ar-

653 745 819 843 guit
873 764 1253 819 summam
1319 736 1948 828 misericordiam,
1995 732 2200 832 quod

655 862 783 936 dat
830 859 1153 956 gratiam
1215 862 1523 953 propter
1592 851 1860 926 merita
1908 871 2205 948 praece-

656 978 976 1069 dentia3
1056 973 1291 1071 igitur
1369 970 1698 1044 maxime
1771 967 2205 1042 manifestat

658 1091 1293 1183 misericordiam,
1375 1088 1578 1186 quod
1657 1096 1945 1160 tantam
2024 1108 2204 1181 gra-

654 1213 840 1288 tiam
912 1206 1239 1286 contulit
1314 1204 1596 1281 animae
1680 1202 1958 1277 Christi
2035 1201 2202 1275 sine

661 1327 981 1404 meritis.

429 1463 537 1531 15.
667 1512 670 1513 f
758 1445 874 1520 Ad
977 1441 1311 1541 primum
1409 1437 1830 1537 principale
1931 1435 2203 1534 primae

305 1558 1149 1708 ssrgggggt-‚fluaestioniffi
1249 1580 1421 1630 cum
1524 1554 1828 1647 dicitur,
1913 1560 2225 1649 quanto·

310 1704 602 1817 niortsol-
664 1679 971 1754 habitus
1030 1684 1145 1750 est
1211 1672 1639 1772 perfectior,
1715 1680 1922 1745 tanto
1989 1679 2206 1744 actus

369 1780 476 1818 vnn
507 1781 586 1816 ur.

343 1831 573 1880 Habitus
664 1805 778 1870 est
830 1790 1258 1891 perfectior,
1323 1797 1398 1862 et
1454 1811 1495 1862 e
1550 1796 1842 1880 contra,
1914 1792 2205 1883 quanto

307 1906 630 2019 n31¹1¹¹¹5¹>2³1222
664 1920 881 1986 actus
921 1905 1322 1991 intensior,
1365 1913 1568 1977 tanto
1605 1902 1848 1998 magis
1881 1900 2207 1976 intendit

365 2018 565 2082 ⁸⁰8efi·
665 2026 1040 2119 habitum,
1101 2046 1372 2097 verum
1405 2029 1544 2106 est,
1590 2018 1961 2116 quamdiu
2016 2041 2206 2116 ope-

659 2167 843 2220 rans
905 2164 1057 2214 non
1101 2148 1214 2213 est
1253 2137 1333 2211 in
1388 2136 1743 2230 termino,
1780 2134 1963 2231 quia
2003 2158 2207 2209 sem-

658 2284 796 2359 per
871 2258 1087 2356 prius
1168 2264 1282 2331 est
1376 2254 1764 2347 circulus;
1860 2253 2058 2326 sicut
2122 2251 2202 2323 in

656 2376 1009 2473 exemplo
1050 2369 1505 2463 Aristotelis,
1550 2368 1611 2443 si
1652 2379 1856 2444 terra
1897 2377 2011 2444 est
2052 2391 2207 2442 ma-

655 2494 858 2585 dida,
905 2490 1359 2580 desiccatur,
1394 2496 1468 2561 et
1508 2509 1816 2560 sursum
1860 2486 2207 2559 elevatur

658 2606 1111 2699 humiditas,
1156 2614 1230 2679 et
1269 2603 1546 2677 iterum
1608 2601 2001 2676 descendit
2059 2602 2206 2676 hu-

663 2734 1004 2801 mectans
1047 2734 1323 2797 terram
1357 2747 1376 2813 3
1439 2729 1692 2807 tamen
1740 2719 2004 2793 habitu
2044 2718 2206 2792 exi-

657 2851 906 2918 stente
983 2841 1061 2912 in
1123 2836 1480 2929 termino,
1552 2860 1705 2910 non
1767 2846 2015 2934 potest
2067 2860 2205 2935 per

656 2970 912 3035 actum
958 2958 1344 3032 intensum
1390 2953 1684 3049 augeri,
1748 2954 1880 3028 sed
1940 2953 2043 3029 ibi
2090 2961 2205 3027 est

657 3086 902 3151 status
938 3102 958 3169 3
995 3073 1103 3148 sic
1137 3095 1308 3145 cum
1345 3070 1520 3169 quis
1548 3071 1779 3145 habet
1818 3061 2202 3145 summam

661 3194 984 3293 gratiam
1051 3188 1489 3282 creabilem,
1563 3212 1714 3262 non
1769 3198 2016 3286 potest
2073 3190 2206 3264 illa

665 3311 987 3397 ulterius
1027 3307 1320 3406 augeri.

758 3429 871 3504 Ad
922 3426 1130 3504 aliud
1173 3426 1340 3500 dico
1398 3425 1600 3523 quod
1643 3424 1964 3500 intentio
2021 3426 2207 3500 Phi-

663 3546 963 3645 losophi
1018 3568 1170 3618 non
1232 3553 1372 3636 est,
1409 3543 1617 3640 quod
1670 3542 1875 3640 ignis
1915 3554 2206 3619 crescat

660 3667 738 3739 in
794 3662 1209 3749 inlinitum,
1247 3661 1428 3759 quia
1477 3660 1727 3734 statim
1781 3669 1953 3758 post
1993 3661 2200 3756 dicit,

657 3782 864 3882 quod
925 3780 1271 3855 omnium
1325 3785 1603 3853 namra
1669 3779 2203 3866 constantium,

656 3910 793 3979 etc.
841 3901 989 3976 Sed
1032 3898 1354 3974 intentio
1396 3922 1535 3972 sua
1577 3908 1718 3992 est,
1756 3899 1959 3995 quod
1995 3900 2205 3973 calor

656 4045 811 4097 non
863 4031 980 4096 est
1033 4017 1481 4116 principalis
1533 4039 1767 4091 causa
1823 4041 2203 4113 augmen-

652 4138 867 4214 tandi
925 4135 1019 4210 ad
1065 4136 1206 4208 hoc
1266 4133 1468 4232 quod
1527 4133 1798 4207 crescit
1829 4133 1903 4206 in
1950 4133 2201 4207 infini-

653 4266 847 4348 tum,
905 4253 1088 4350 quia
1141 4250 1236 4325 ad
1294 4250 1800 4346 quantitatem
1859 4250 2199 4325 indeter-

655 4373 1023 4447 minatam
1070 4396 1089 4462 3
1162 4364 1542 4442 'terminus
1582 4378 1837 4441 autem
1883 4367 1958 4440 in
2002 4392 2199 4465 aug-

653 4497 910 4564 mento
956 4508 1104 4559 non
1167 4480 1598 4580 praefigitur
1638 4484 1918 4577 calore,
1973 4484 2105 4559 sed
2153 4508 2198 4558 a

650 4599 1059 4706 principali
1118 4609 1421 4696 agente,
1492 4610 1570 4672 ut
1613 4600 1707 4674 ab
1760 4600 2019 4676 anima
2075 4627 2197 4678 ve-

652 4721 986 4821 getativa
1030 4717 1457 4813 regulante.
1886 4736 1896 4745 ·

422 4867 524 4932 15,
751 4834 899 4910 Sed
977 4855 1152 4930 quae
1208 4838 1321 4904 est
1363 4829 1646 4904 veritas
1705 4831 1780 4905 in
1844 4857 1953 4926 se,
2012 4857 2196 4931 pos-

300 4984 535 5046 Anignis
565 4984 620 5032 in
653 4963 865 5028 setne
917 4947 1119 5045 ignis
1159 4946 1234 5019 in
1289 4968 1368 5019 se
1411 4968 1754 5021 crescere
1806 4947 1881 5020 in
1930 4947 2196 5021 inlini-

332 5048 592 5171 ζθρξὲξῑῖἰὲ
651 5082 842 5157 tum,
915 5066 976 5139 si
1047 5071 1620 5161 apponerentur
1696 5066 2196 5141 combustibi-

300 5173 623 5284 ,ξξῖξῐζῗξζζζ-
654 5182 830 5260 lia?
903 5179 1088 5253 Dico
1184 5176 1611 5250 secundum
1683 5177 2190 5254 intentionem

394 5295 528 5346 '0³¹¹
655 5294 1135 5393 Philosophi,
1181 5292 1342 5367 sive
1384 5302 1584 5367 esset
1630 5293 2039 5370 dicendum
2100 5298 2193 5372 de

655 5445 810 5498 uno
867 5413 1206 5489 membro
1268 5410 1344 5481 in
1389 5434 1733 5509 corpore,
1792 5422 1875 5486 ut
1932 5414 2022 5487 de
2064 5437 2196 5488 ca-

309 5358 600 5411 infinitum.

647 5540 830 5643 pite,
893 5531 1081 5607 illud
1153 5528 1578 5604 membrum
1642 5540 2018 5626 quantum
2080 5542 2196 5607 est

313 3451 395 3502 Ad
429 3463 615 3499 secun-

412 3514 555 3564 dam.

2070 324 2311 395 LIBRI
2348 326 2491 396 111..

2310 500 2403 576 de
2446 523 2555 594 se,
2599 510 2859 599 posset
2896 503 3071 599 plus
3121 513 3570 580 convertere
3611 504 3690 579 in
3733 505 3855 581 sui

2312 629 2692 706 naturam,
2756 641 2987 716 quam
3049 621 3592 720 quodcumque
3644 623 3852 697 aliud

2315 735 2741 810 membrum
2777 737 3558 835 proportionabiliter,
3594 748 3849 814 tamen

2308 854 2554 931 virtus
2624 856 2945 953 regitiva
3001 857 3235 933 totius
3311 858 3576 933 nutriti
3646 883 3855 934 nun-

2311 996 2542 1070 quam
2579 976 2722 1049 hoc
2756 975 3148 1073 permittit,
3181 977 3330 1051 nisi
3373 987 3575 1053 esset
3642 1002 3854 1052 mon-

2311 1091 2718 1165 strum.Sic
2749 1091 3032 1167 diceret
3060 1093 3608 1193 Philosophus,
3645 1094 3850 1192 quod

2310 1206 2515 1302 ignis
2555 1216 2929 1305 quantum
2973 1219 3086 1283 est
3127 1232 3220 1284 ex
3251 1233 3331 1284 se
3372 1219 3631 1308 posset
3669 1232 3855 1306 age-

2312 1347 2422 1417 re,
2487 1324 2547 1398 si
2591 1332 3027 1421 apponatur
3065 1325 3602 1401 combustibile
3636 1353 3656 1419 ;
3712 1325 3853 1398 vir-

2311 1448 2436 1512 tus
2476 1449 2729 1513 tamen
2776 1438 3098 1535 regitiva
3139 1441 3480 1516 universi
3521 1443 3666 1515 hoc
3699 1464 3853 1515 non

2312 1557 2832 1655 permitteret3
2871 1558 3042 1633 ideo
3077 1583 3232 1634 non
3287 1570 3399 1635 est
3440 1561 3857 1635 condensa-

2308 1673 2415 1749 tio
2466 1673 2544 1781 in
2592 1673 2981 1764 universo,
3018 1676 3203 1772 quin
3258 1676 3437 1751 alibi
3493 1686 3607 1751 est
3646 1686 3859 1751 tanta

2314 1792 2739 1887 rarefactio,
2804 1803 2878 1869 et
2935 1794 3104 1869 ideo
3165 1795 3367 1891 ignis
3426 1820 3579 1869 non
3632 1804 3856 1869 nota-—

2314 1908 2567 1983 biliter
2606 1909 2683 1982 in
2735 1935 2889 1986 una
2941 1921 3152 2009 parte
3204 1935 3509 2010 semper
3549 1912 3849 2007 crescit,

2312 2026 2496 2124 quin
2579 2028 3019 2103 notabiliter
3095 2029 3486 2104 decrescat
3553 2030 3629 2103 in
3706 2030 3858 2105 alia

2312 2154 2554 2242 parte.

2410 2261 2820 2356 Praeterea,
2857 2271 3018 2337 esto
3051 2263 3256 2360 quod
3290 2263 3858 2361 permitteretur

2312 2402 2358 2454 a
2423 2378 2701 2453 virtute
2767 2379 3090 2476 regitiva
3155 2380 3528 2474 universi,
3601 2380 3854 2455 adhuc

2314 2519 2467 2568 non
2552 2504 2805 2594 posset
2889 2495 3341 2571 comburere
3442 2498 3852 2595 plusquam

2315 2618 2550 2685 totum
2618 2610 3095 2700 universum,
3141 2621 3214 2685 et
3274 2612 3459 2686 illud
3512 2621 3627 2687 est
3691 2612 3858 2686 fini-

2309 2737 2471 2802 tum
2529 2729 2955 2803 secundum
3018 2728 3603 2825 Philosophum.

2409 2843 2556 2917 Sed
2649 2842 2833 2940 quid
2901 2843 3245 2917 dicerent
3317 2842 3681 2939 Theologi
3763 2866 3854 2918 ex
3887 2870 4183 2929 ouidceu-

2312 2982 2465 3057 quo
2509 2984 2660 3035 non
2722 2961 3116 3035 invenitur
3174 2969 3547 3060 quantum
3611 2971 3724 3035 est
3763 2935 4226 3059 exsqug'pnfo-

2312 3101 2393 3152 se
2435 3088 2678 3153 status
2715 3077 2756 3149 ⁶?
2816 3079 3002 3153 Dico
3044 3079 3250 3177 quod
3305 3080 3425 3153 vel
3480 3089 3855 3177 ponerent

2312 3196 2513 3292 quod
2615 3197 2823 3271 Deus
2910 3205 3158 3294 potest
3246 3219 3505 3272 creare
3615 3195 3854 3271 alium

2316 3313 2718 3407 mundum,
2765 3323 2838 3388 et
2888 3312 3155 3407 alium,
3203 3321 3277 3388 et
3315 3313 3425 3388 sic
3483 3312 3690 3410 quod
3730 3336 3859 3410 po-

2296 3439 2457 3506 ·test
2513 3432 2760 3506 lacere
2811 3430 3199 3506 infinitum
3247 3431 3554 3526 mobile,
3617 3441 3692 3506 et
3748 3455 3860 3507 se·

2314 3549 2651 3623 cundum
2742 3550 2885 3622 hoc
2971 3549 3315 3624 dicerent
3381 3548 3586 3646 quod
3655 3547 3859 3645 ignis

2312 3673 2560 3763 potest
2598 3688 2940 3740 crescere
2973 3665 3050 3738 in
3094 3663 3509 3739 infinitum.
3546 3664 3688 3739 Vel
3739 3664 3858 3738 di-

2313 3793 2574 3858 cerent
2614 3782 2817 3882 quod
2873 3807 3030 3856 non
3065 3792 3312 3881 potest
3343 3783 3551 3858 Deus
3593 3804 3855 3857 creare

2312 3908 2686 3997 quantum
2743 3898 3128 3974 infinitum
3192 3899 3265 3972 in
3310 3910 3512 3993 actu,
3559 3910 3633 3973 et
3670 3907 3853 3972 tunc

2310 4016 2652 4091 dicerent
2710 4017 2913 4115 quod
2978 4040 3132 4090 non
3192 4025 3441 4114 potest
3505 4039 3850 4092 crescere

2308 4132 2387 4205 in
2430 4131 2847 4227 infinitum,
2893 4133 3075 4230 quia
3116 4156 3268 4206 non
3336 4141 3583 4231 potest
3634 4157 3848 4208 com-

2306 4249 2666 4324 bustibile
2733 4250 3016 4347 apponi
3059 4240 3597 4323 in‘infinitum.

2328 4447 2333 4450 ¹
2402 4365 2510 4438 Ad
2546 4365 2784 4458 aliud,
2820 4388 2996 4439 cum
3028 4364 3353 4439 dicitur:
3399 4365 3648 4463 Major
3686 4388 3850 4463 per·
4004 4372 4113 4438 17.

2304 4482 2525 4557 sectio
2597 4482 2915 4580 requirit
3001 4483 3249 4579 majus
3343 4482 3843 4580 perfectibile,
3942 4488 4185 4601 wag*

2306 4600 2472 4673 dico
2515 4600 2720 4698 quod
2753 4600 3171 4698 propositio
3213 4607 3328 4675 est
3381 4600 3595 4694 falsa,
3632 4625 3846 4674 corn-
3882 4612 4050 4724 Majsor
4090 4628 4233 4686 per-

2305 4717 2643 4814 parando
2732 4716 3048 4792 formam
3110 4715 3691 4791 substantialem
3750 4719 3845 4794 ad
3879 4682 4230 4811 qqassssss‘sse-

2305 4832 2881 4926 accidentalem,
2981 4832 3163 4930 quia
3259 4832 3723 4930 perfectibile
3802 4857 3846 4908 a
3878 4806 4209 4926 pssssrffiillffi

2305 4949 2546 5024 forma
2604 4949 3088 5024 substantiali
3144 4958 3257 5024 est
3316 4950 3662 5045 materia,
3727 4960 3843 5025 ta-
4031 4928 4096 4976 ¹²·

2308 5090 2482 5141 men
2525 5067 3039 5170 comparando
3100 5066 3195 5140 ad
3239 5066 3594 5155 invicem,
3668 5091 3843 5169 quae

2306 5196 2487 5258 sunt
2526 5184 2870 5281 ejusdem
2915 5183 3237 5277 ordinis,
3303 5208 3488 5259 vera
3527 5195 3642 5259 est
3680 5210 3849 5283 pro-

2305 5302 2581 5398 positio
2623 5302 2715 5377 de
2751 5301 3347 5400 perfectionibus
3380 5303 3845 5397 intrinseciS,

2308 5428 2560 5496 tamen
2617 5420 2709 5495 de
2761 5419 3209 5494 extrinsecis
3252 5444 3408 5494 non
3469 5430 3582 5494 est
3638 5443 3845 5514 vera,

2308 5535 2439 5610 ubi
2493 5537 2621 5611 illa
2698 5560 2848 5610 non
2903 5536 3457 5612 determinatur
3520 5560 3656 5635 per
3722 5535 3849 5610 in-
