4295 6326
631 382 761 450 264

416 603 455 669 7
737 555 952 647 Item,
1014 556 1203 629 ratio
1260 557 1351 631 de
1407 559 1960 655 propagatione
2026 581 2178 631 non

322 652 549 770 Μκζῑο
641 673 1051 762 concludit,
1101 675 1278 771 quia
1314 675 1441 748 illa
1483 676 1788 750 infectio
1823 677 1895 749 in
1954 699 2184 750 carne

293 781 607 892 ξξξῖξζοξξῗ
643 814 795 863 non
835 800 949 865 est
1011 793 1443 866 necessaria
1484 817 1719 867 causa
1786 793 2185 888 originalis

291 907 614 1031 {ffissnfflffi
646 907 962 1004 peccati,
1001 907 1183 1005 quia
1223 909 1285 981 si
1321 909 1457 1003 sic,
1497 934 1670 983 cum
1717 910 1847 984 illa
1879 917 2186 984 maneat

373 1031 581 1094 ginali-‘³-
645 1024 722 1096 in
764 1024 1185 1121 Baptismo,
1226 1026 1566 1101 manebit
1597 1037 1993 1125 peccatum
2027 1027 2186 1100 ori-

643 1139 942 1236 ginale3
1009 1141 1240 1236 igitur
1321 1167 1473 1215 non
1560 1144 1910 1218 obstante
1979 1143 2186 1240 quod

644 1280 821 1331 caro
864 1257 971 1330 sic
1014 1258 1389 1332 seminata
1441 1260 1681 1357 possit
1738 1284 1906 1336 esse
1953 1283 2187 1335 causa

642 1373 929 1471 peccati
1020 1374 1445 1471 originalis,
1510 1388 2001 1453 nontamen
2074 1385 2189 1452 est

642 1491 1084 1564 necessaria
1116 1515 1372 1566 causa.

740 1615 1009 1713 Neque
1105 1617 1494 1692 concludit
1570 1619 1760 1693 ratio
1856 1620 2007 1693 alia
2096 1620 2189 1694 de

648 1757 903 1832 poena,
996 1736 1198 1830 quod
1296 1745 1607 1834 propter
1701 1738 1842 1810 hoc
1919 1738 2192 1812 debeat

647 1851 931 1924 habere
975 1853 1308 1949 culpam,
1371 1854 1553 1950 quia
1606 1878 1761 1927 non
1806 1855 1944 1928 suit
2005 1857 2188 1930 utile

649 1967 933 2041 habere
968 1969 1272 2065 culpam
1307 1999 1321 2058 3
1361 1971 1493 2043 sed
1530 1972 1711 2046 utile
1763 1981 1876 2046 est
1916 1972 2185 2046 viatori

647 2083 933 2158 habere
1003 2085 1340 2181 aliquam
1386 2111 1722 2183 poenam,
1788 2098 1873 2162 ut
1940 2090 2192 2186 perse-

645 2199 841 2272 ctius
893 2201 1131 2297 possit
1194 2203 1495 2294 mereri,
1549 2214 1622 2279 et
1681 2229 1833 2279 non
1891 2216 2191 2303 oportet

643 2327 953 2413 propter
997 2320 1137 2391 hoc
1172 2320 1377 2416 quod
1449 2321 1603 2396 illae
1637 2346 1889 2420 poenae
1931 2332 2191 2397 essent

638 2435 1073 2509 voluntarie
1115 2448 1531 2535 assumptae
1588 2439 1664 2511 in
1735 2439 1957 2514 beata
2012 2440 2190 2514 Vir-

639 2551 848 2647 gine,
888 2553 1021 2627 sed
1066 2557 1321 2628 solum
1365 2580 1614 2653 poenae
1657 2567 1874 2632 erant
1903 2560 2187 2632 volun-

638 2668 827 2743 tarie
870 2682 1291 2769 assumptae
1333 2697 1376 2747 a
1427 2676 1820 2750 voluntate
1871 2676 2179 2770 Christi,

639 2788 1005 2883 quiahoc
1055 2788 1192 2862 fuit
1244 2792 1426 2866 utile
1470 2792 1667 2878 aliis,
1720 2803 1795 2868 et
1850 2794 1957 2868 sic
2018 2819 2183 2892 pos-

638 2911 820 2974 sunt
859 2905 1352 2979 auctoritates
1392 2907 1832 3002 Augustini,
1887 2917 1961 2982 et
2008 2910 2182 2984 alit-‚e

636 3019 947 3110 salvari,
1044 3020 1242 3116 quod
1324 3021 1415 3095 de
1488 3033 1798 3120 peccato
1886 3026 2176 3098 nullam

638 3135 1151 3232 quaestionem
1214 3138 1387 3213 volo
1455 3140 1766 3236 habere,
1834 3167 2009 3217 cuin
2086 3144 2179 3219 de

620 3253 885 3353 'Maria
915 3255 1193 3351 agitur,
1232 3258 1413 3354 quia
1443 3283 1582 3333 nec
1618 3261 1887 3334 habuit
1926 3273 2180 3337 actua-

639 3370 736 3464 le,
787 3395 928 3445 nec
962 3373 1361 3468 originale.

290 3502 584 3564 Responsio

742 3487 875 3561 Vel
932 3498 1176 3585 potest
1226 3490 1372 3564 dici
1417 3492 1662 3586 aliter,
1723 3496 2177 3592 exponendo

308 3563 594 3676 adriffissff’
641 3627 914 3677 omnes
991 3607 1482 3682 auctoritates
1553 3609 1911 3706 superius
1987 3611 2178 3685 alle-

290 3695 881 3814 Zssffifflnffssgatas,
956 3721 1160 3817 quod
1230 3747 1497 3797 omnes
1575 3723 1710 3797 filii
1787 3728 2176 3802 naturales

322 3815 570 3877 V“³‘³’³¹'³⁸·
632 3836 817 3909 Adae
889 3837 1171 3911 habent
1263 3863 1572 3914 causam
1666 3841 2174 3918 sufficientem

632 3951 923 4048 peccati
960 3952 1384 4049 originalis,
1430 3956 1492 4028 si
1535 3966 1813 4032 natura
1870 3959 2010 4032 sibi
2055 3959 2176 4032 di-

632 4070 1017 4164 mittatur3
1055 4072 1185 4145 sed
1228 4071 1357 4146 illa
1398 4098 1630 4149 causa
1674 4100 1824 4149 non
1885 4100 2177 4175 praeva-

632 4188 736 4261 let
793 4187 1056 4261 virtuti
1119 4189 1402 4264 divinse
1476 4195 1824 4268 causanti
1867 4206 2176 4270 contra-

627 4304 828 4375 rium
891 4304 962 4378 in
1002 4304 1254 4380 anima
1291 4308 1560 4383 Maria}
1592 4338 1610 4403 3
1648 4322 1719 4385 et
1761 4312 1904 4387 isto
1948 4315 2173 4388 modo

630 4445 781 4493 non
848 4431 961 4495 est
1036 4423 1236 4497 tilius
1304 4424 1442 4498 Dei
1495 4426 1793 4501 debitor
1851 4430 2172 4526 justitia}

629 4536 1055 4633 originalis,
1138 4539 1334 4613 sicut
1400 4541 1673 4638 Maria,
1743 4545 1925 4641 quia
2006 4545 2170 4644 ipse

626 4677 779 4726 non
826 4664 939 4728 est
990 4657 1363 4731 naturalis
1420 4657 1625 4733 filius
1666 4662 1878 4735 Adae.
1934 4664 2026 4735 Et
2063 4663 2173 4737 sic

625 4770 800 4844 licet
836 4773 1055 4847 beata
1086 4772 1329 4848 Maria
1363 4776 1587 4851 habet
1620 4802 1928 4854 causam
1966 4779 2173 4855 suffi-

622 4889 950 4964 cientem
1040 4894 1326 4989 peccati
1407 4896 1829 4993 originaliS,
1910 4908 2165 4974 tamen

620 5005 829 5079 Deus
864 5016 1109 5103 potest
1165 5011 1595 5105 prmvenire
1639 5012 2023 5108 effectum,
2074 5013 2169 5088 si-

618 5130 744 5194 eut
787 5125 1215 5219 prtevenire
1280 5136 1527 5223 potest
1579 5152 1673 5203 ne
1718 5129 1919 5227 ignis
1965 5156 2166 5205 com-

614 5239 839 5312 burat
936 5242 1513 5338 approximatus
1609 5248 2155 5324 combustibili.

617 5358 835 5433 Unde
894 5384 1060 5434 esse
1132 5360 1377 5435 filium
1449 5366 1632 5439 Adfe
1697 5371 2153 5459 naturalem,

613 5500 764 5549 non
805 5488 917 5551 est
958 5502 1189 5552 causa
1232 5482 1667 5556 neccssaria
1717 5485 1920 5581 quod
1993 5510 2161 5584 pec-

613 5603 865 5670 catum
902 5596 1272 5694 originale
1313 5597 1519 5690 insit,
1558 5601 1740 5702 quia
1773 5611 1954 5677 tunc
1985 5615 2157 5701 post

1996 386 2240 456 LIBRI
2285 386 2405 454 ΙΙΙ.

2288 556 2798 654 Baptismum,
2835 579 3008 629 cum
3053 553 3147 628 sit
3185 551 3563 627 naturalis
3619 548 3827 623 filius

2290 673 2497 756 Adae,
2595 674 2908 748 haberet
2972 681 3370 770 peccatum
3450 670 3825 765 originale

2292 801 2462 888 post
2500 790 3007 887 Baptismum.
3069 789 3310 885 lgitur
3367 811 3538 861 cum
3585 786 3662 859 in
3707 810 3828 860 eo-

2292 908 2463 983 dem
2533 908 2846 983 instanti
2897 917 3098 983 stent
3165 907 3423 993 simul,
3484 905 3686 1003 quod
3732 904 3828 978 sit

2294 1026 2502 1100 filius
2562 1026 2936 1100 naturalis
3011 1025 3224 1118 Adae,
3288 1033 3361 1098 et
3425 1023 3630 1122 quod
3673 1047 3825 1096 non

2294 1144 2570 1218 habeat
2624 1151 3051 1239 peccatum,
3100 1164 3272 1215 cum
3329 1164 3483 1213 non
3546 1141 3642 1214 sit
3680 1164 3834 1214 ma-

2283 1259 2410 1356 jor
2478 1259 2987 1357 repugnantia
3052 1258 3130 1330 in
3203 1258 3447 1355 primo
3517 1257 3828 1331 instanti

2294 1399 2524 1473 quam
2568 1377 2647 1449 in
2709 1398 3197 1475 quocumque
3240 1374 3418 1467 alio,
3490 1374 3593 1448 ita
3635 1374 3840 1448 bene

2296 1502 2542 1591 potest
2584 1492 2873 1568 moveri
2942 1492 3018 1565 in
3067 1492 3310 1589 primo
3378 1490 3693 1565 instanti
3736 1490 3829 1565 ab

2297 1633 2385 1684 eo
2430 1609 2631 1707 quod
2676 1608 2820 1683 sibi
2863 1608 3173 1701 inesset,
3220 1607 3283 1682 si
3317 1616 3593 1682 natura
3633 1615 3834 1681 esset

2297 1728 2438 1803 sibi
2517 1727 2860 1820 dimissa,
2933 1726 3130 1800 sicut
3192 1725 3267 1798 in
3341 1746 3834 1823 quocumque

2296 1845 2446 1919 alio
2509 1845 2860 1938 instanti3
2898 1853 2972 1918 et
3030 1854 3213 1917 tunc
3255 1851 3500 1941 potest
3555 1839 3835 1915 salvari

2296 1962 2501 2059 quod
2562 1962 2690 2036 illa
2730 1984 2962 2036 causa
3005 1984 3157 2034 non
3200 1960 3341 2034 fuit
3379 1959 3457 2032 in
3503 1958 3831 2051 Christe,

2297 2079 2479 2176 quia
2545 2080 2706 2179 ipse
2775 2103 2929 2153 non
3002 2078 3140 2151 suit
3188 2075 3562 2152 naturalis
3630 2074 3836 2149 lilius

2293 2196 2478 2271 Adae
2510 2224 2528 2290 ;
2568 2197 2798 2294 igitur
2829 2195 2996 2291 ejus
3036 2204 3314 2270 natura
3345 2192 3489 2269 sibi
3523 2192 3837 2267 dimissa

2294 2337 2448 2388 non
2515 2314 2911 2388 habuisset
2965 2320 3362 2411 peccatum
3428 2308 3828 2407 originale.

2390 2430 2637 2528 Magis
2697 2430 2931 2527 igitur
2997 2428 3326 2526 indiguit
3402 2427 3649 2502 Maria
3713 2451 3835 2503 re·
4006 2469 4080 2538 3·

2292 2546 2755 2644 demptione,
2793 2570 3022 2644 quam
3094 2545 3562 2643 quicumque
3602 2543 3829 2638 aliuS,
3865 2582 4042 2633 Maria
4076 2600 4200 2635 mu,

2292 2662 2472 2759 quia
2525 2672 2735 2736 tanto
2795 2662 3036 2759 magis
3090 2661 3420 2757 indiguit
3475 2659 3833 2757 redemp—
3864 2647 4204 2775 ffi‘jgg'jffffl}

2291 2779 2525 2873 tione,
2589 2787 2876 2877 quanto
2964 2778 3213 2876 majus
3306 2778 3597 2852 bonum
3684 2775 3831 2851 sibi
3895 2786 4169 2886 “2335OE

2291 2898 2820 2972 conferebatur
2923 2904 3093 2995 post
3173 2894 3823 2994 redemptionem;

2288 3039 2459 3090 cum
2521 3015 2755 3113 igitur
2806 3014 3053 3111 majus
3109 3014 3400 3088 bonum
3461 3013 3558 3087 sit
3612 3012 3827 3086 inno-

2288 3131 2539 3208 centia
2605 3133 2965 3232 perfecta,
3029 3153 3260 3229 quam
3321 3138 3493 3232 pos-t
3523 3130 3825 3228 lapsum

2287 3251 2515 3347 culpa
2583 3250 2930 3343 remissa,
3005 3248 3252 3345 majus
3328 3248 3618 3322 bonurn
3681 3245 3827 3320 sibi

2285 3369 2823 3444 conserebatur
2853 3368 3398 3478 praeseryando
3433 3366 3685 3465 ipsum
3728 3365 3822 3439 ab

2285 3487 2668 3584 originali,
2694 3510 2922 3584 quam
2960 3486 3024 3560 si
3056 3495 3321 3584 postea
3353 3483 3621 3559 fuisset
3652 3505 3826 3580 pur-

2284 3616 2481 3702 gata.
2580 3606 2739 3682 Nec
2818 3616 3127 3705 propter
3221 3608 3366 3681 hoc
3487 3602 3826 3702 oportuit

2282 3724 2483 3820 quod
2521 3723 2870 3798 Christus
2898 3723 3113 3822 prius
3192 3722 3457 3797 fuisset
3511 3744 3816 3818 passuS,

2283 3839 2465 3936 quia
2515 3841 2898 3915 Abraham
2942 3840 3081 3914 suit
3123 3826 3494 3937 purgatus
3533 3838 3630 3912 ab
3681 3838 3826 3911 ori-

2281 3958 2548 4054 ginali,
2581 3960 2785 4057 quod
2829 3958 2974 4032 sibi
3015 3957 3264 4045 infuit,
3318 3955 3600 4031 virtute
3641 3979 3824 4054 pas-

2281 4076 2521 4149 sionis
2612 4075 2890 4151 Christi
2951 4075 3349 4174 praevisae3
3413 4073 3521 4148 sic
3571 4074 3818 4171 potuit

2280 4203 2677 4290 peccatum
2709 4192 3082 4289 originale
3126 4190 3564 4289 praeveniri,
3613 4190 3817 4288 quod

2281 4310 2544 4385 debuit
2586 4310 2904 4385 infuisse
2946 4309 3238 4384 Mariae.

2380 4429 2469 4501 Et
2500 4451 2672 4501 cum
2709 4424 2986 4500 dicitur
3008 4433 3273 4522 postea
3303 4425 3395 4498 de
3421 4424 3815 4522 apertione
3852 4456 4073 4520 Apeffio
4101 4458 4182 4534 59·

2268 4543 2563 4641 januae,
2606 4543 2775 4617 dico
2805 4541 3008 4641 quod
3050 4551 3301 4640 potest
3343 4541 3490 4615 dici
3523 4542 3815 4639 apertio
3851 4526 4180 4646 dnuupssexcfssssn

2266 4662 2532 4759 januae
2602 4662 3034 4759 dupliciter,
3106 4662 3227 4735 vel
3279 4684 3415 4758 per
3490 4660 3818 4734 amotio·
3853 4653 4160 4761 ῃθξζζζξβξ,

2275 4804 2447 4855 nem
2504 4781 3059 4878 cujuscumque
3120 4777 3523 4871 obstaculi,
3569 4801 3817 4875 quan·
3881 4769 4139 4838 Virgini*-

2274 4905 2435 4970 tum
2509 4906 2622 4972 est
2690 4921 2780 4971 ex
2835 4905 3046 4992 parte
3108 4893 3257 4987 sui,
3322 4893 3520 4968 sicut
3579 4917 3811 4989 grave

2273 5038 2578 5090 sursum
2651 5024 2898 5113 potest
2963 5037 3131 5089 esse
3202 5013 3276 5086 in
3354 5020 3644 5106 centro,
3688 5014 3810 5086 vel

2271 5135 2560 5231 apertio
2616 5132 2816 5227 talis,
2892 5141 2973 5205 ut
3027 5131 3282 5206 statim
3337 5130 3579 5229 possit
3636 5138 3807 5203 actu

2270 5253 2597 5349 intrare,
2635 5264 2707 5329 et
2749 5254 2892 5328 isto
2953 5251 3292 5327 secundo
3353 5252 3581 5326 modo
3613 5250 3807 5324 nulli

2267 5373 2756 5470 aperiebatur
2812 5371 3056 5467 janua
3122 5379 3298 5444 ante
3363 5368 3802 5467 passionem

2265 5492 2709 5567 exhibitam.
2783 5489 2932 5564 Sed
2965 5488 3213 5586 primo
3256 5488 3510 5582 mode,
3549 5487 3803 5585 quoad

2264 5609 2727 5684 amotionem
2767 5607 3043 5704 culpae,
3092 5604 3349 5680 multis
3400 5603 3802 5703 aperieba-
