<?xml version="1.0" encoding="UTF-8"?>
<!DOCTYPE html PUBLIC "-//W3C//DTD XHTML 1.0 Transitional//EN"
    "http://www.w3.org/TR/xhtml1/DTD/xhtml1-transitional.dtd">
<html xmlns="http://www.w3.org/1999/xhtml" xml:lang="en" lang="en">
 <head>
  <title>
</title>
<meta http-equiv="Content-Type" content="text/html;charset=utf-8" />
  <meta name='ocr-system' content='tesseract 3.04.00' />
  <meta name='ocr-capabilities' content='ocr_page ocr_carea ocr_par ocr_line ocrx_word'/>
</head>
<body>
  <div class='ocr_page' id='page_1' title='image "./joannisdunsscot00waddgoog_0645.png"; bbox 0 0 4295 6326; ppageno 0'>
   <div class='ocr_carea' id='block_1_1' title="bbox 68 1150 399 1790">
    <p class='ocr_par' dir='ltr' id='par_1_1' title="bbox 68 1150 399 1790">
     <span class='ocr_line' id='line_1_1' title="bbox 95 1150 371 1203; baseline -0.011 0"><span class='ocrx_word' id='word_1_1' title='bbox 95 1153 258 1203; x_wconf 77' lang='lat' dir='ltr'>Nulla</span> <span class='ocrx_word' id='word_1_2' title='bbox 279 1150 371 1201; x_wconf 88' lang='lat' dir='ltr'>mi·</span> 
     </span>
     <span class='ocr_line' id='line_1_2' title="bbox 68 1217 399 1268; baseline -0.009 0"><span class='ocrx_word' id='word_1_3' title='bbox 68 1234 103 1268; x_wconf 86' lang='lat' dir='ltr'>n</span> <span class='ocrx_word' id='word_1_4' title='bbox 121 1220 230 1268; x_wconf 79' lang='lat' dir='ltr'>istri</span> <span class='ocrx_word' id='word_1_5' title='bbox 255 1217 399 1266; x_wconf 86' lang='lat' dir='ltr'>mali·</span> 
     </span>
     <span class='ocr_line' id='line_1_3' title="bbox 102 1283 370 1332; baseline 0.004 -1"><span class='ocrx_word' id='word_1_6' title='bbox 102 1284 176 1331; x_wconf 80' lang='lat' dir='ltr'>tin</span> <span class='ocrx_word' id='word_1_7' title='bbox 192 1283 370 1332; x_wconf 68' lang='lat' dir='ltr'>obstat</span> 
     </span>
     <span class='ocr_line' id='line_1_4' title="bbox 84 1345 381 1396; baseline 0.01 -3"><span class='ocrx_word' id='word_1_8' title='bbox 84 1347 253 1395; x_wconf 82' lang='lat' dir='ltr'>valori</span> <span class='ocrx_word' id='word_1_9' title='bbox 288 1345 381 1396; x_wconf 78' lang='lat' dir='ltr'>Sa·</span> 
     </span>
     <span class='ocr_line' id='line_1_5' title="bbox 97 1408 367 1458; baseline 0 0"><span class='ocrx_word' id='word_1_10' title='bbox 97 1408 367 1458; x_wconf 69' lang='lat' dir='ltr'>crementi</span> 
     </span>
     <span class='ocr_line' id='line_1_6' title="bbox 127 1474 349 1536; baseline 0.009 -17"><span class='ocrx_word' id='word_1_11' title='bbox 127 1474 349 1536; x_wconf 79' lang='lat' dir='ltr'>quando</span> 
     </span>
     <span class='ocr_line' id='line_1_7' title="bbox 87 1538 383 1586; baseline 0 0"><span class='ocrx_word' id='word_1_12' title='bbox 87 1538 236 1586; x_wconf 80' lang='lat' dir='ltr'>adsit</span> <span class='ocrx_word' id='word_1_13' title='bbox 261 1550 383 1586; x_wconf 70' lang='lat' dir='ltr'>veru</span> 
     </span>
     <span class='ocr_line' id='line_1_8' title="bbox 112 1599 365 1650; baseline 0.008 -2"><span class='ocrx_word' id='word_1_14' title='bbox 112 1599 365 1650; x_wconf 82' lang='lat' dir='ltr'>inteutiO.</span> 
     </span>
     <span class='ocr_line' id='line_1_9' title="bbox 97 1662 371 1712; baseline 0.004 -1"><span class='ocrx_word' id='word_1_15' title='bbox 97 1662 371 1712; x_wconf 79' lang='lat' dir='ltr'>Probatur</span> 
     </span>
     <span class='ocr_line' id='line_1_10' title="bbox 140 1729 332 1790; baseline 0.005 -18"><span class='ocrx_word' id='word_1_16' title='bbox 140 1729 332 1790; x_wconf 69' lang='lat' dir='ltr'>pruno.</span> 
     </span>
    </p>
   </div>
   <div class='ocr_carea' id='block_1_2' title="bbox 98 2827 370 2884">
    <p class='ocr_par' dir='ltr' id='par_1_2' title="bbox 98 2827 370 2884">
     <span class='ocr_line' id='line_1_11' title="bbox 98 2827 370 2884; baseline 0.004 -6"><span class='ocrx_word' id='word_1_17' title='bbox 98 2827 370 2884; x_wconf 83' lang='lat' dir='ltr'>Secundo,</span> 
     </span>
    </p>
   </div>
   <div class='ocr_carea' id='block_1_3' title="bbox 111 5310 324 5366">
    <p class='ocr_par' dir='ltr' id='par_1_3' title="bbox 111 5310 324 5366">
     <span class='ocr_line' id='line_1_12' title="bbox 111 5310 324 5366; baseline 0.019 -4"><span class='ocrx_word' id='word_1_18' title='bbox 111 5310 324 5366; x_wconf 80' lang='lat' dir='ltr'>Tertio.</span> 
     </span>
    </p>
   </div>
   <div class='ocr_carea' id='block_1_4' title="bbox 1541 374 2548 454">
    <p class='ocr_par' dir='ltr' id='par_1_4' title="bbox 1541 374 2548 454">
     <span class='ocr_line' id='line_1_13' title="bbox 1541 374 2548 454; baseline 0 -12"><span class='ocrx_word' id='word_1_19' title='bbox 1541 374 1767 446; x_wconf 89' lang='lat' dir='ltr'>DIST.</span> <span class='ocrx_word' id='word_1_20' title='bbox 1817 375 1906 444; x_wconf 87' lang='lat' dir='ltr'>V.</span> <span class='ocrx_word' id='word_1_21' title='bbox 1957 375 2376 454; x_wconf 86' lang='lat' dir='ltr'>QUAESTIO</span> <span class='ocrx_word' id='word_1_22' title='bbox 2427 374 2548 442; x_wconf 89' lang='lat'>111.</span> 
     </span>
    </p>
   </div>
   <div class='ocr_carea' id='block_1_5' title="bbox 415 542 1975 5710">
    <p class='ocr_par' dir='ltr' id='par_1_5' title="bbox 423 542 1970 1108">
     <span class='ocr_line' id='line_1_14' title="bbox 423 542 1970 625; baseline 0.006 -11"><span class='ocrx_word' id='word_1_23' title='bbox 423 542 793 618; x_wconf 79' lang='lat' dir='ltr'>Ebriosus</span> <span class='ocrx_word' id='word_1_24' title='bbox 833 555 1087 621; x_wconf 90' lang='lat' dir='ltr'>autem</span> <span class='ocrx_word' id='word_1_25' title='bbox 1123 547 1400 622; x_wconf 89' lang='lat' dir='ltr'>dicitur</span> <span class='ocrx_word' id='word_1_26' title='bbox 1450 550 1732 625; x_wconf 91' lang='lat' dir='ltr'>habere</span> <span class='ocrx_word' id='word_1_27' title='bbox 1796 573 1970 623; x_wconf 87' lang='lat' dir='ltr'>con-</span> 
     </span>
     <span class='ocr_line' id='line_1_15' title="bbox 423 662 1970 761; baseline 0.005 -27"><span class='ocrx_word' id='word_1_28' title='bbox 423 662 911 738; x_wconf 79' lang='lat' dir='ltr'>suetudinem</span> <span class='ocrx_word' id='word_1_29' title='bbox 969 664 1364 761; x_wconf 90' lang='lat' dir='ltr'>inebriari,</span> <span class='ocrx_word' id='word_1_30' title='bbox 1430 676 1502 743; x_wconf 89' lang='lat' dir='ltr'>et</span> <span class='ocrx_word' id='word_1_31' title='bbox 1561 669 1735 742; x_wconf 89' lang='lat' dir='ltr'>talis</span> <span class='ocrx_word' id='word_1_32' title='bbox 1785 691 1970 742; x_wconf 93' lang='lat' dir='ltr'>con-</span> 
     </span>
     <span class='ocr_line' id='line_1_16' title="bbox 425 778 1967 875; baseline 0.006 -26"><span class='ocrx_word' id='word_1_33' title='bbox 425 778 752 851; x_wconf 79' lang='lat' dir='ltr'>suetudo</span> <span class='ocrx_word' id='word_1_34' title='bbox 812 781 906 854; x_wconf 90' lang='lat' dir='ltr'>ad</span> <span class='ocrx_word' id='word_1_35' title='bbox 977 782 1450 875; x_wconf 85' lang='lat' dir='ltr'>ebrietatem,</span> <span class='ocrx_word' id='word_1_36' title='bbox 1551 785 1967 860; x_wconf 89' lang='lat' dir='ltr'>dummodo</span> 
     </span>
     <span class='ocr_line' id='line_1_17' title="bbox 425 896 1967 990; baseline 0.006 -23"><span class='ocrx_word' id='word_1_37' title='bbox 425 919 577 968; x_wconf 89' lang='lat' dir='ltr'>non</span> <span class='ocrx_word' id='word_1_38' title='bbox 614 896 710 970; x_wconf 89' lang='lat' dir='ltr'>sit</span> <span class='ocrx_word' id='word_1_39' title='bbox 742 908 913 973; x_wconf 85' lang='lat' dir='ltr'>actu</span> <span class='ocrx_word' id='word_1_40' title='bbox 948 901 1233 990; x_wconf 89' lang='lat' dir='ltr'>ebrius,</span> <span class='ocrx_word' id='word_1_41' title='bbox 1273 927 1423 976; x_wconf 89' lang='lat' dir='ltr'>non</span> <span class='ocrx_word' id='word_1_42' title='bbox 1461 901 1683 978; x_wconf 91' lang='lat' dir='ltr'>debet</span> <span class='ocrx_word' id='word_1_43' title='bbox 1718 904 1967 978; x_wconf 91' lang='lat' dir='ltr'>timeri</span> 
     </span>
     <span class='ocr_line' id='line_1_18' title="bbox 428 1012 1641 1108; baseline 0.005 -22"><span class='ocrx_word' id='word_1_44' title='bbox 428 1012 614 1108; x_wconf 91' lang='lat' dir='ltr'>quin</span> <span class='ocrx_word' id='word_1_45' title='bbox 659 1017 999 1090; x_wconf 79' lang='lat' dir='ltr'>conterat</span> <span class='ocrx_word' id='word_1_46' title='bbox 1030 1017 1641 1094; x_wconf 78' lang='lat' dir='ltr'>Sacramentum.</span> 
     </span>
    </p>

    <p class='ocr_par' dir='ltr' id='par_1_6' title="bbox 422 1130 1975 2741">
     <span class='ocr_line' id='line_1_19' title="bbox 527 1130 1966 1236; baseline 0.005 -33"><span class='ocrx_word' id='word_1_47' title='bbox 527 1130 744 1226; x_wconf 84' lang='lat' dir='ltr'>Item,</span> <span class='ocrx_word' id='word_1_48' title='bbox 805 1134 949 1208; x_wconf 91' lang='lat' dir='ltr'>hoc</span> <span class='ocrx_word' id='word_1_49' title='bbox 1006 1138 1373 1234; x_wconf 87' lang='lat' dir='ltr'>probatur</span> <span class='ocrx_word' id='word_1_50' title='bbox 1432 1161 1565 1236; x_wconf 90' lang='lat' dir='ltr'>per</span> <span class='ocrx_word' id='word_1_51' title='bbox 1594 1137 1966 1213; x_wconf 85' lang='lat' dir='ltr'>rationem</span> 
     </span>
     <span class='ocr_line' id='line_1_20' title="bbox 432 1249 1962 1346; baseline 0.006 -25"><span class='ocrx_word' id='word_1_52' title='bbox 432 1249 978 1346; x_wconf 68' lang='lat' dir='ltr'>supradictam,</span> <span class='ocrx_word' id='word_1_53' title='bbox 1016 1277 1059 1327; x_wconf 91' lang='lat' dir='ltr'>a</span> <span class='ocrx_word' id='word_1_54' title='bbox 1091 1278 1325 1329; x_wconf 86' lang='lat' dir='ltr'>causa</span> <span class='ocrx_word' id='word_1_55' title='bbox 1373 1254 1751 1330; x_wconf 82' lang='lat' dir='ltr'>efficiente</span> <span class='ocrx_word' id='word_1_56' title='bbox 1803 1256 1910 1330; x_wconf 90' lang='lat' dir='ltr'>sic</span> <span class='ocrx_word' id='word_1_57' title='bbox 1947 1280 1962 1330; x_wconf 91' lang='grc'>;</span> 
     </span>
     <span class='ocr_line' id='line_1_21' title="bbox 432 1366 1971 1450; baseline 0.007 -12"><span class='ocrx_word' id='word_1_58' title='bbox 432 1366 783 1443; x_wconf 86' lang='lat' dir='ltr'>Christus</span> <span class='ocrx_word' id='word_1_59' title='bbox 814 1394 969 1444; x_wconf 91' lang='lat' dir='ltr'>non</span> <span class='ocrx_word' id='word_1_60' title='bbox 1005 1371 1333 1447; x_wconf 82' lang='lat' dir='ltr'>instituit</span> <span class='ocrx_word' id='word_1_61' title='bbox 1374 1373 1728 1450; x_wconf 83' lang='lat' dir='ltr'>effectum</span> <span class='ocrx_word' id='word_1_62' title='bbox 1783 1398 1971 1449; x_wconf 90' lang='lat' dir='ltr'>con-</span> 
     </span>
     <span class='ocr_line' id='line_1_22' title="bbox 433 1483 1966 1586; baseline 0.007 -30"><span class='ocrx_word' id='word_1_63' title='bbox 433 1483 609 1558; x_wconf 81' lang='lat' dir='ltr'>ferri</span> <span class='ocrx_word' id='word_1_64' title='bbox 641 1486 919 1562; x_wconf 77' lang='lat' dir='ltr'>virtute</span> <span class='ocrx_word' id='word_1_65' title='bbox 958 1492 1395 1565; x_wconf 88' lang='lat' dir='ltr'>meritorum</span> <span class='ocrx_word' id='word_1_66' title='bbox 1436 1492 1966 1586; x_wconf 83' lang='lat' dir='ltr'>ministrantiS,</span> 
     </span>
     <span class='ocr_line' id='line_1_23' title="bbox 434 1601 1971 1694; baseline 0.007 -21"><span class='ocrx_word' id='word_1_67' title='bbox 434 1601 564 1674; x_wconf 90' lang='lat' dir='ltr'>sed</span> <span class='ocrx_word' id='word_1_68' title='bbox 636 1603 911 1680; x_wconf 83' lang='lat' dir='ltr'>virtute</span> <span class='ocrx_word' id='word_1_69' title='bbox 991 1606 1488 1694; x_wconf 86' lang='lat' dir='ltr'>Sacramenti‚</span> <span class='ocrx_word' id='word_1_70' title='bbox 1548 1610 1670 1683; x_wconf 92' lang='lat' dir='ltr'>cui</span> <span class='ocrx_word' id='word_1_71' title='bbox 1764 1611 1971 1684; x_wconf 92' lang='lat' dir='ltr'>Deus</span> 
     </span>
     <span class='ocr_line' id='line_1_24' title="bbox 430 1716 1971 1829; baseline 0.007 -39"><span class='ocrx_word' id='word_1_72' title='bbox 430 1716 851 1829; x_wconf 81' lang='lat' dir='ltr'>efficienter</span> <span class='ocrx_word' id='word_1_73' title='bbox 928 1724 1213 1799; x_wconf 78' lang='lat' dir='ltr'>assistit</span> <span class='ocrx_word' id='word_1_74' title='bbox 1279 1727 1371 1800; x_wconf 87' lang='lat' dir='ltr'>ad</span> <span class='ocrx_word' id='word_1_75' title='bbox 1449 1728 1971 1825; x_wconf 81' lang='lat' dir='ltr'>praestandum</span> 
     </span>
     <span class='ocr_line' id='line_1_25' title="bbox 429 1838 1975 1943; baseline 0.005 -32"><span class='ocrx_word' id='word_1_76' title='bbox 429 1838 632 1932; x_wconf 89' lang='lat' dir='ltr'>quod</span> <span class='ocrx_word' id='word_1_77' title='bbox 677 1840 1072 1937; x_wconf 82' lang='lat' dir='ltr'>designat3</span> <span class='ocrx_word' id='word_1_78' title='bbox 1120 1868 1270 1917; x_wconf 93' lang='lat' dir='ltr'>non</span> <span class='ocrx_word' id='word_1_79' title='bbox 1321 1869 1504 1942; x_wconf 81' lang='lat' dir='ltr'>ergo</span> <span class='ocrx_word' id='word_1_80' title='bbox 1557 1845 1975 1943; x_wconf 82' lang='lat' dir='ltr'>requiritur</span> 
     </span>
     <span class='ocr_line' id='line_1_26' title="bbox 429 1957 1971 2055; baseline 0.006 -30"><span class='ocrx_word' id='word_1_81' title='bbox 429 1957 866 2031; x_wconf 85' lang='lat' dir='ltr'>necessario</span> <span class='ocrx_word' id='word_1_82' title='bbox 900 1960 993 2032; x_wconf 91' lang='lat' dir='ltr'>ad</span> <span class='ocrx_word' id='word_1_83' title='bbox 1036 1959 1649 2055; x_wconf 79' lang='lat' dir='ltr'>Sacramentum,</span> <span class='ocrx_word' id='word_1_84' title='bbox 1704 1964 1825 2037; x_wconf 84' lang='lat' dir='ltr'>vel</span> <span class='ocrx_word' id='word_1_85' title='bbox 1878 1962 1971 2036; x_wconf 90' lang='lat' dir='ltr'>ad</span> 
     </span>
     <span class='ocr_line' id='line_1_27' title="bbox 424 2072 1973 2169; baseline 0.008 -25"><span class='ocrx_word' id='word_1_86' title='bbox 424 2072 592 2169; x_wconf 90' lang='lat' dir='ltr'>ejus</span> <span class='ocrx_word' id='word_1_87' title='bbox 633 2072 983 2150; x_wconf 85' lang='lat' dir='ltr'>effectum</span> <span class='ocrx_word' id='word_1_88' title='bbox 1021 2078 1272 2154; x_wconf 90' lang='lat' dir='ltr'>bonus</span> <span class='ocrx_word' id='word_1_89' title='bbox 1316 2089 1567 2154; x_wconf 91' lang='lat' dir='ltr'>motus</span> <span class='ocrx_word' id='word_1_90' title='bbox 1613 2082 1973 2155; x_wconf 84' lang='lat' dir='ltr'>volunta-</span> 
     </span>
     <span class='ocr_line' id='line_1_28' title="bbox 422 2188 1965 2291; baseline 0.005 -29"><span class='ocrx_word' id='word_1_91' title='bbox 422 2188 518 2262; x_wconf 91' lang='lat' dir='ltr'>tis</span> <span class='ocrx_word' id='word_1_92' title='bbox 555 2190 1061 2269; x_wconf 87' lang='lat' dir='ltr'>ministrantis</span> <span class='ocrx_word' id='word_1_93' title='bbox 1082 2196 1175 2269; x_wconf 89' lang='lat' dir='ltr'>ad</span> <span class='ocrx_word' id='word_1_94' title='bbox 1210 2198 1355 2271; x_wconf 93' lang='lat' dir='ltr'>hoc</span> <span class='ocrx_word' id='word_1_95' title='bbox 1389 2206 1468 2270; x_wconf 89' lang='lat' dir='ltr'>ut</span> <span class='ocrx_word' id='word_1_96' title='bbox 1499 2197 1965 2291; x_wconf 85' lang='lat' dir='ltr'>conferatur,</span> 
     </span>
     <span class='ocr_line' id='line_1_29' title="bbox 423 2306 1971 2409; baseline 0.004 -29"><span class='ocrx_word' id='word_1_97' title='bbox 423 2306 554 2381; x_wconf 89' lang='lat' dir='ltr'>sed</span> <span class='ocrx_word' id='word_1_98' title='bbox 596 2308 878 2384; x_wconf 81' lang='lat' dir='ltr'>sufficit</span> <span class='ocrx_word' id='word_1_99' title='bbox 924 2313 1128 2409; x_wconf 90' lang='lat' dir='ltr'>quod</span> <span class='ocrx_word' id='word_1_100' title='bbox 1174 2336 1326 2387; x_wconf 93' lang='lat' dir='ltr'>non</span> <span class='ocrx_word' id='word_1_101' title='bbox 1389 2313 1485 2387; x_wconf 91' lang='lat' dir='ltr'>sit</span> <span class='ocrx_word' id='word_1_102' title='bbox 1543 2314 1738 2388; x_wconf 85' lang='lat' dir='ltr'>obex</span> <span class='ocrx_word' id='word_1_103' title='bbox 1797 2336 1971 2388; x_wconf 88' lang='lat' dir='ltr'>con-</span> 
     </span>
     <span class='ocr_line' id='line_1_30' title="bbox 424 2424 1968 2527; baseline 0.006 -32"><span class='ocrx_word' id='word_1_104' title='bbox 424 2424 679 2499; x_wconf 68' lang='lat' dir='ltr'>trariae</span> <span class='ocrx_word' id='word_1_105' title='bbox 747 2427 1168 2503; x_wconf 83' lang='lat' dir='ltr'>voluntatis</span> <span class='ocrx_word' id='word_1_106' title='bbox 1235 2429 1312 2502; x_wconf 91' lang='lat' dir='ltr'>in</span> <span class='ocrx_word' id='word_1_107' title='bbox 1385 2453 1503 2517; x_wconf 87' lang='lat' dir='ltr'>e0,</span> <span class='ocrx_word' id='word_1_108' title='bbox 1568 2432 1699 2506; x_wconf 92' lang='lat' dir='ltr'>sed</span> <span class='ocrx_word' id='word_1_109' title='bbox 1762 2432 1968 2527; x_wconf 88' lang='lat' dir='ltr'>quod</span> 
     </span>
     <span class='ocr_line' id='line_1_31' title="bbox 426 2543 1970 2645; baseline 0.005 -30"><span class='ocrx_word' id='word_1_110' title='bbox 426 2543 771 2619; x_wconf 87' lang='lat' dir='ltr'>intendat</span> <span class='ocrx_word' id='word_1_111' title='bbox 832 2547 1218 2645; x_wconf 86' lang='lat' dir='ltr'>baptizare</span> <span class='ocrx_word' id='word_1_112' title='bbox 1289 2551 1717 2624; x_wconf 91' lang='lat' dir='ltr'>secundum</span> <span class='ocrx_word' id='word_1_113' title='bbox 1775 2550 1970 2624; x_wconf 89' lang='lat' dir='ltr'>ordi-</span> 
     </span>
     <span class='ocr_line' id='line_1_32' title="bbox 428 2663 1402 2741; baseline 0.006 -8"><span class='ocrx_word' id='word_1_114' title='bbox 428 2684 605 2734; x_wconf 89' lang='lat' dir='ltr'>nem</span> <span class='ocrx_word' id='word_1_115' title='bbox 640 2672 713 2736; x_wconf 91' lang='lat' dir='ltr'>et</span> <span class='ocrx_word' id='word_1_116' title='bbox 740 2663 968 2737; x_wconf 90' lang='lat' dir='ltr'>ritum</span> <span class='ocrx_word' id='word_1_117' title='bbox 1015 2665 1402 2741; x_wconf 88' lang='lat' dir='ltr'>Ecclesiae.</span> 
     </span>
    </p>

    <p class='ocr_par' dir='ltr' id='par_1_7' title="bbox 415 2779 1973 5231">
     <span class='ocr_line' id='line_1_33' title="bbox 532 2779 1973 2882; baseline 0.004 -30"><span class='ocrx_word' id='word_1_118' title='bbox 532 2779 693 2853; x_wconf 90' lang='lat' dir='ltr'>Hoc</span> <span class='ocrx_word' id='word_1_119' title='bbox 761 2782 1101 2855; x_wconf 89' lang='lat' dir='ltr'>secundo</span> <span class='ocrx_word' id='word_1_120' title='bbox 1156 2783 1520 2881; x_wconf 88' lang='lat' dir='ltr'>probatur</span> <span class='ocrx_word' id='word_1_121' title='bbox 1560 2808 1696 2882; x_wconf 88' lang='lat' dir='ltr'>per</span> <span class='ocrx_word' id='word_1_122' title='bbox 1736 2784 1973 2858; x_wconf 87' lang='lat' dir='ltr'>ratio-</span> 
     </span>
     <span class='ocr_line' id='line_1_34' title="bbox 430 2899 1973 2996; baseline 0.005 -27"><span class='ocrx_word' id='word_1_123' title='bbox 430 2918 608 2970; x_wconf 90' lang='lat' dir='ltr'>nem</span> <span class='ocrx_word' id='word_1_124' title='bbox 679 2899 1192 2996; x_wconf 85' lang='lat' dir='ltr'>supradictam</span> <span class='ocrx_word' id='word_1_125' title='bbox 1266 2923 1359 2975; x_wconf 87' lang='lat' dir='ltr'>ex</span> <span class='ocrx_word' id='word_1_126' title='bbox 1434 2899 1614 2976; x_wconf 86' lang='lat' dir='ltr'>fine.</span> <span class='ocrx_word' id='word_1_127' title='bbox 1695 2902 1973 2976; x_wconf 88' lang='lat' dir='ltr'>Sacra-</span> 
     </span>
     <span class='ocr_line' id='line_1_35' title="bbox 430 3014 1966 3114; baseline 0.006 -29"><span class='ocrx_word' id='word_1_128' title='bbox 430 3023 685 3088; x_wconf 88' lang='lat' dir='ltr'>menta</span> <span class='ocrx_word' id='word_1_129' title='bbox 764 3014 1274 3093; x_wconf 85' lang='lat' dir='ltr'>instituuntur</span> <span class='ocrx_word' id='word_1_130' title='bbox 1351 3019 1616 3094; x_wconf 91' lang='lat' dir='ltr'>eodem</span> <span class='ocrx_word' id='word_1_131' title='bbox 1715 3020 1966 3114; x_wconf 81' lang='lat' dir='ltr'>mode,</span> 
     </span>
     <span class='ocr_line' id='line_1_36' title="bbox 428 3134 1968 3234; baseline 0.005 -29"><span class='ocrx_word' id='word_1_132' title='bbox 428 3154 580 3230; x_wconf 89' lang='lat' dir='ltr'>quo</span> <span class='ocrx_word' id='word_1_133' title='bbox 651 3134 894 3231; x_wconf 85' lang='lat' dir='ltr'>magis</span> <span class='ocrx_word' id='word_1_134' title='bbox 957 3146 1397 3234; x_wconf 83' lang='lat' dir='ltr'>congruunt</span> <span class='ocrx_word' id='word_1_135' title='bbox 1472 3136 1565 3212; x_wconf 89' lang='lat' dir='ltr'>ad</span> <span class='ocrx_word' id='word_1_136' title='bbox 1643 3140 1968 3214; x_wconf 88' lang='lat' dir='ltr'>salutem</span> 
     </span>
     <span class='ocr_line' id='line_1_37' title="bbox 426 3249 1968 3330; baseline 0.006 -9"><span class='ocrx_word' id='word_1_137' title='bbox 426 3249 834 3325; x_wconf 84' lang='lat' dir='ltr'>viatorum.</span> <span class='ocrx_word' id='word_1_138' title='bbox 963 3253 1112 3328; x_wconf 88' lang='lat' dir='ltr'>Sed</span> <span class='ocrx_word' id='word_1_139' title='bbox 1206 3254 1269 3328; x_wconf 92' lang='lat' dir='ltr'>si</span> <span class='ocrx_word' id='word_1_140' title='bbox 1384 3254 1968 3330; x_wconf 89' lang='lat' dir='ltr'>Sacramentum</span> 
     </span>
     <span class='ocr_line' id='line_1_38' title="bbox 424 3367 1972 3468; baseline 0.006 -29"><span class='ocrx_word' id='word_1_141' title='bbox 424 3367 796 3466; x_wconf 89' lang='lat' dir='ltr'>Baptismi</span> <span class='ocrx_word' id='word_1_142' title='bbox 838 3394 991 3443; x_wconf 89' lang='lat' dir='ltr'>non</span> <span class='ocrx_word' id='word_1_143' title='bbox 1028 3380 1284 3468; x_wconf 88' lang='lat' dir='ltr'>posset</span> <span class='ocrx_word' id='word_1_144' title='bbox 1324 3372 1681 3467; x_wconf 80' lang='lat' dir='ltr'>conferri,</span> <span class='ocrx_word' id='word_1_145' title='bbox 1739 3373 1886 3447; x_wconf 89' lang='lat' dir='ltr'>nisi</span> <span class='ocrx_word' id='word_1_146' title='bbox 1927 3398 1972 3448; x_wconf 89' lang='lat' dir='ltr'>a</span> 
     </span>
     <span class='ocr_line' id='line_1_39' title="bbox 425 3484 1972 3579; baseline 0.004 -22"><span class='ocrx_word' id='word_1_147' title='bbox 425 3484 654 3579; x_wconf 90' lang='lat' dir='ltr'>bono,</span> <span class='ocrx_word' id='word_1_148' title='bbox 703 3511 857 3560; x_wconf 91' lang='lat' dir='ltr'>non</span> <span class='ocrx_word' id='word_1_149' title='bbox 892 3489 1558 3564; x_wconf 90' lang='lat' dir='ltr'>essetinstitutum</span> <span class='ocrx_word' id='word_1_150' title='bbox 1622 3490 1698 3564; x_wconf 92' lang='lat' dir='ltr'>in</span> <span class='ocrx_word' id='word_1_151' title='bbox 1753 3492 1972 3566; x_wconf 81' lang='lat' dir='ltr'>auxi-</span> 
     </span>
     <span class='ocr_line' id='line_1_40' title="bbox 425 3603 1965 3706; baseline 0.006 -31"><span class='ocrx_word' id='word_1_152' title='bbox 425 3603 611 3677; x_wconf 88' lang='lat' dir='ltr'>lium</span> <span class='ocrx_word' id='word_1_153' title='bbox 690 3604 1095 3696; x_wconf 85' lang='lat' dir='ltr'>viatorum,</span> <span class='ocrx_word' id='word_1_154' title='bbox 1196 3608 1330 3683; x_wconf 92' lang='lat' dir='ltr'>sed</span> <span class='ocrx_word' id='word_1_155' title='bbox 1423 3608 1501 3683; x_wconf 92' lang='lat' dir='ltr'>in</span> <span class='ocrx_word' id='word_1_156' title='bbox 1599 3632 1965 3706; x_wconf 83' lang='lat' dir='ltr'>magnum</span> 
     </span>
     <span class='ocr_line' id='line_1_41' title="bbox 421 3719 1971 3823; baseline 0.006 -31"><span class='ocrx_word' id='word_1_157' title='bbox 421 3719 965 3796; x_wconf 89' lang='lat' dir='ltr'>detrimentum</span> <span class='ocrx_word' id='word_1_158' title='bbox 1008 3725 1279 3798; x_wconf 87' lang='lat' dir='ltr'>salutis</span> <span class='ocrx_word' id='word_1_159' title='bbox 1311 3748 1609 3820; x_wconf 89' lang='lat' dir='ltr'>eorum,</span> <span class='ocrx_word' id='word_1_160' title='bbox 1655 3728 1836 3823; x_wconf 91' lang='lat' dir='ltr'>quia</span> <span class='ocrx_word' id='word_1_161' title='bbox 1878 3751 1971 3801; x_wconf 88' lang='lat' dir='ltr'>ex</span> 
     </span>
     <span class='ocr_line' id='line_1_42' title="bbox 422 3841 1967 3938; baseline 0.005 -27"><span class='ocrx_word' id='word_1_162' title='bbox 422 3863 574 3937; x_wconf 91' lang='lat' dir='ltr'>quo</span> <span class='ocrx_word' id='word_1_163' title='bbox 644 3841 905 3914; x_wconf 89' lang='lat' dir='ltr'>nullus</span> <span class='ocrx_word' id='word_1_164' title='bbox 969 3850 1222 3938; x_wconf 89' lang='lat' dir='ltr'>potest</span> <span class='ocrx_word' id='word_1_165' title='bbox 1289 3865 1456 3917; x_wconf 89' lang='lat' dir='ltr'>esse</span> <span class='ocrx_word' id='word_1_166' title='bbox 1537 3852 1792 3918; x_wconf 87' lang='lat' dir='ltr'>certus</span> <span class='ocrx_word' id='word_1_167' title='bbox 1874 3845 1967 3919; x_wconf 91' lang='lat' dir='ltr'>de</span> 
     </span>
     <span class='ocr_line' id='line_1_43' title="bbox 420 3957 1968 4058; baseline 0.004 -30"><span class='ocrx_word' id='word_1_168' title='bbox 420 3957 664 4030; x_wconf 87' lang='lat' dir='ltr'>salute</span> <span class='ocrx_word' id='word_1_169' title='bbox 697 3980 864 4047; x_wconf 89' lang='lat' dir='ltr'>sua,</span> <span class='ocrx_word' id='word_1_170' title='bbox 913 3960 1156 4033; x_wconf 88' lang='lat' dir='ltr'>multo</span> <span class='ocrx_word' id='word_1_171' title='bbox 1208 3959 1453 4055; x_wconf 84' lang='lat' dir='ltr'>magis</span> <span class='ocrx_word' id='word_1_172' title='bbox 1506 3984 1661 4033; x_wconf 91' lang='lat' dir='ltr'>non</span> <span class='ocrx_word' id='word_1_173' title='bbox 1718 3970 1968 4058; x_wconf 86' lang='lat' dir='ltr'>potest</span> 
     </span>
     <span class='ocr_line' id='line_1_44' title="bbox 419 4075 1961 4173; baseline 0.003 -26"><span class='ocrx_word' id='word_1_174' title='bbox 419 4096 585 4147; x_wconf 90' lang='lat' dir='ltr'>esse</span> <span class='ocrx_word' id='word_1_175' title='bbox 629 4085 881 4149; x_wconf 89' lang='lat' dir='ltr'>certus</span> <span class='ocrx_word' id='word_1_176' title='bbox 922 4076 1015 4150; x_wconf 90' lang='lat' dir='ltr'>de</span> <span class='ocrx_word' id='word_1_177' title='bbox 1056 4075 1316 4173; x_wconf 85' lang='lat' dir='ltr'>aliquo</span> <span class='ocrx_word' id='word_1_178' title='bbox 1349 4077 1527 4172; x_wconf 89' lang='lat' dir='ltr'>alio,</span> <span class='ocrx_word' id='word_1_179' title='bbox 1583 4102 1678 4153; x_wconf 90' lang='lat' dir='ltr'>an</span> <span class='ocrx_word' id='word_1_180' title='bbox 1740 4077 1837 4151; x_wconf 92' lang='lat' dir='ltr'>sit</span> <span class='ocrx_word' id='word_1_181' title='bbox 1884 4077 1961 4151; x_wconf 91' lang='lat' dir='ltr'>in</span> 
     </span>
     <span class='ocr_line' id='line_1_45' title="bbox 420 4191 1964 4293; baseline 0.004 -28"><span class='ocrx_word' id='word_1_182' title='bbox 420 4191 546 4267; x_wconf 79' lang='lat' dir='ltr'>via</span> <span class='ocrx_word' id='word_1_183' title='bbox 576 4193 870 4283; x_wconf 85' lang='lat' dir='ltr'>salutis,</span> <span class='ocrx_word' id='word_1_184' title='bbox 906 4196 1023 4270; x_wconf 92' lang='lat' dir='ltr'>vel</span> <span class='ocrx_word' id='word_1_185' title='bbox 1050 4218 1204 4268; x_wconf 91' lang='lat' dir='ltr'>non</span> <span class='ocrx_word' id='word_1_186' title='bbox 1240 4221 1255 4282; x_wconf 90' lang='lat'>;</span> <span class='ocrx_word' id='word_1_187' title='bbox 1289 4194 1444 4270; x_wconf 91' lang='lat' dir='ltr'>imo</span> <span class='ocrx_word' id='word_1_188' title='bbox 1478 4196 1654 4271; x_wconf 91' lang='lat' dir='ltr'>licet</span> <span class='ocrx_word' id='word_1_189' title='bbox 1684 4195 1964 4293; x_wconf 89' lang='lat' dir='ltr'>aliquis</span> 
     </span>
     <span class='ocr_line' id='line_1_46' title="bbox 420 4310 1967 4408; baseline 0.003 -26"><span class='ocrx_word' id='word_1_190' title='bbox 420 4318 678 4406; x_wconf 90' lang='lat' dir='ltr'>posset</span> <span class='ocrx_word' id='word_1_191' title='bbox 730 4310 1167 4408; x_wconf 87' lang='lat' dir='ltr'>aliqualiter</span> <span class='ocrx_word' id='word_1_192' title='bbox 1230 4312 1514 4388; x_wconf 89' lang='lat' dir='ltr'>habere</span> <span class='ocrx_word' id='word_1_193' title='bbox 1583 4313 1967 4389; x_wconf 82' lang='lat' dir='ltr'>certitudi-</span> 
     </span>
     <span class='ocr_line' id='line_1_47' title="bbox 415 4427 1957 4526; baseline 0.004 -27"><span class='ocrx_word' id='word_1_194' title='bbox 415 4450 592 4500; x_wconf 91' lang='lat' dir='ltr'>nem</span> <span class='ocrx_word' id='word_1_195' title='bbox 630 4427 720 4502; x_wconf 92' lang='lat' dir='ltr'>de</span> <span class='ocrx_word' id='word_1_196' title='bbox 757 4450 865 4521; x_wconf 90' lang='lat' dir='ltr'>se,</span> <span class='ocrx_word' id='word_1_197' title='bbox 904 4429 1109 4526; x_wconf 89' lang='lat' dir='ltr'>quod</span> <span class='ocrx_word' id='word_1_198' title='bbox 1145 4439 1346 4505; x_wconf 87' lang='lat' dir='ltr'>esset</span> <span class='ocrx_word' id='word_1_199' title='bbox 1385 4430 1462 4503; x_wconf 90' lang='lat' dir='ltr'>in</span> <span class='ocrx_word' id='word_1_200' title='bbox 1504 4429 1631 4505; x_wconf 83' lang='lat' dir='ltr'>via</span> <span class='ocrx_word' id='word_1_201' title='bbox 1661 4431 1957 4520; x_wconf 77' lang='lat' dir='ltr'>salutiS,</span> 
     </span>
     <span class='ocr_line' id='line_1_48' title="bbox 417 4547 1961 4643; baseline 0.004 -26"><span class='ocrx_word' id='word_1_202' title='bbox 417 4569 573 4618; x_wconf 90' lang='lat' dir='ltr'>non</span> <span class='ocrx_word' id='word_1_203' title='bbox 614 4553 867 4619; x_wconf 89' lang='lat' dir='ltr'>tamen</span> <span class='ocrx_word' id='word_1_204' title='bbox 913 4555 1164 4643; x_wconf 86' lang='lat' dir='ltr'>potest</span> <span class='ocrx_word' id='word_1_205' title='bbox 1202 4547 1311 4622; x_wconf 93' lang='lat' dir='ltr'>sic</span> <span class='ocrx_word' id='word_1_206' title='bbox 1352 4571 1520 4623; x_wconf 91' lang='grc'><strong>6556</strong></span> <span class='ocrx_word' id='word_1_207' title='bbox 1574 4558 1827 4623; x_wconf 91' lang='lat' dir='ltr'>certus</span> <span class='ocrx_word' id='word_1_208' title='bbox 1868 4551 1961 4624; x_wconf 92' lang='lat' dir='ltr'>de</span> 
     </span>
     <span class='ocr_line' id='line_1_49' title="bbox 418 4662 1966 4763; baseline 0.002 -28"><span class='ocrx_word' id='word_1_209' title='bbox 418 4662 796 4751; x_wconf 81' lang='lat' dir='ltr'>ministrO,</span> <span class='ocrx_word' id='word_1_210' title='bbox 843 4671 915 4737; x_wconf 92' lang='lat' dir='ltr'>et</span> <span class='ocrx_word' id='word_1_211' title='bbox 957 4687 1092 4760; x_wconf 89' lang='lat' dir='ltr'>per</span> <span class='ocrx_word' id='word_1_212' title='bbox 1123 4688 1608 4763; x_wconf 88' lang='lat' dir='ltr'>consequens</span> <span class='ocrx_word' id='word_1_213' title='bbox 1649 4666 1713 4740; x_wconf 91' lang='lat' dir='ltr'>si</span> <span class='ocrx_word' id='word_1_214' title='bbox 1752 4665 1966 4741; x_wconf 89' lang='lat' dir='ltr'>boni-</span> 
     </span>
     <span class='ocr_line' id='line_1_50' title="bbox 417 4780 1959 4882; baseline 0.003 -29"><span class='ocrx_word' id='word_1_215' title='bbox 417 4790 529 4854; x_wconf 87' lang='lat' dir='ltr'>tas</span> <span class='ocrx_word' id='word_1_216' title='bbox 563 4780 894 4855; x_wconf 90' lang='lat' dir='ltr'>ministri</span> <span class='ocrx_word' id='word_1_217' title='bbox 929 4783 1367 4857; x_wconf 88' lang='lat' dir='ltr'>necessario</span> <span class='ocrx_word' id='word_1_218' title='bbox 1410 4784 1959 4882; x_wconf 87' lang='lat' dir='ltr'>requireretur,</span> 
     </span>
     <span class='ocr_line' id='line_1_51' title="bbox 418 4904 1960 4998; baseline 0.004 -27"><span class='ocrx_word' id='word_1_219' title='bbox 418 4922 586 4973; x_wconf 91' lang='lat' dir='ltr'>cum</span> <span class='ocrx_word' id='word_1_220' title='bbox 649 4923 803 4973; x_wconf 92' lang='lat' dir='ltr'>non</span> <span class='ocrx_word' id='word_1_221' title='bbox 863 4910 1120 4998; x_wconf 89' lang='lat' dir='ltr'>posset</span> <span class='ocrx_word' id='word_1_222' title='bbox 1179 4926 1347 4977; x_wconf 90' lang='lat' dir='ltr'>esse</span> <span class='ocrx_word' id='word_1_223' title='bbox 1399 4912 1653 4977; x_wconf 89' lang='lat' dir='ltr'>certus</span> <span class='ocrx_word' id='word_1_224' title='bbox 1697 4904 1790 4978; x_wconf 90' lang='lat' dir='ltr'>de</span> <span class='ocrx_word' id='word_1_225' title='bbox 1842 4927 1960 4998; x_wconf 89' lang='lat' dir='ltr'>ea,</span> 
     </span>
     <span class='ocr_line' id='line_1_52' title="bbox 416 5014 1968 5116; baseline 0.006 -30"><span class='ocrx_word' id='word_1_226' title='bbox 416 5014 750 5091; x_wconf 89' lang='lat' dir='ltr'>nesciret</span> <span class='ocrx_word' id='word_1_227' title='bbox 788 5016 1094 5113; x_wconf 90' lang='lat' dir='ltr'>quando</span> <span class='ocrx_word' id='word_1_228' title='bbox 1127 5027 1329 5093; x_wconf 88' lang='lat' dir='ltr'>esset</span> <span class='ocrx_word' id='word_1_229' title='bbox 1385 5018 1840 5116; x_wconf 89' lang='lat' dir='ltr'>baptizatus,</span> <span class='ocrx_word' id='word_1_230' title='bbox 1892 5028 1968 5094; x_wconf 89' lang='lat' dir='ltr'>et</span> 
     </span>
     <span class='ocr_line' id='line_1_53' title="bbox 418 5135 943 5231; baseline 0 -23"><span class='ocrx_word' id='word_1_231' title='bbox 418 5135 726 5231; x_wconf 90' lang='lat' dir='ltr'>quando</span> <span class='ocrx_word' id='word_1_232' title='bbox 760 5157 943 5208; x_wconf 91' lang='lat' dir='ltr'>non.</span> 
     </span>
    </p>

    <p class='ocr_par' dir='ltr' id='par_1_8' title="bbox 419 5253 1968 5710">
     <span class='ocr_line' id='line_1_54' title="bbox 516 5253 1967 5353; baseline 0.003 -28"><span class='ocrx_word' id='word_1_233' title='bbox 516 5254 731 5338; x_wconf 84' lang='lat' dir='ltr'>Item,</span> <span class='ocrx_word' id='word_1_234' title='bbox 806 5253 869 5327; x_wconf 92' lang='lat' dir='ltr'>si</span> <span class='ocrx_word' id='word_1_235' title='bbox 938 5256 1187 5329; x_wconf 89' lang='lat' dir='ltr'>malus</span> <span class='ocrx_word' id='word_1_236' title='bbox 1251 5278 1406 5328; x_wconf 90' lang='lat' dir='ltr'>non</span> <span class='ocrx_word' id='word_1_237' title='bbox 1475 5264 1733 5353; x_wconf 89' lang='lat' dir='ltr'>posset</span> <span class='ocrx_word' id='word_1_238' title='bbox 1782 5280 1967 5330; x_wconf 90' lang='lat' dir='ltr'>con-</span> 
     </span>
     <span class='ocr_line' id='line_1_55' title="bbox 420 5370 1968 5472; baseline 0.002 -29"><span class='ocrx_word' id='word_1_239' title='bbox 420 5370 615 5445; x_wconf 86' lang='lat' dir='ltr'>ferre</span> <span class='ocrx_word' id='word_1_240' title='bbox 693 5370 1275 5446; x_wconf 87' lang='lat' dir='ltr'>Sacramentum</span> <span class='ocrx_word' id='word_1_241' title='bbox 1342 5371 1745 5472; x_wconf 86' lang='lat' dir='ltr'>Baptismi,</span> <span class='ocrx_word' id='word_1_242' title='bbox 1818 5372 1968 5446; x_wconf 91' lang='lat' dir='ltr'>im-</span> 
     </span>
     <span class='ocr_line' id='line_1_56' title="bbox 421 5487 1967 5586; baseline 0.001 -24"><span class='ocrx_word' id='word_1_243' title='bbox 421 5487 815 5585; x_wconf 86' lang='lat' dir='ltr'>pediretur</span> <span class='ocrx_word' id='word_1_244' title='bbox 845 5489 1080 5575; x_wconf 82' lang='lat' dir='ltr'>saluS,</span> <span class='ocrx_word' id='word_1_245' title='bbox 1119 5497 1193 5564; x_wconf 90' lang='lat' dir='ltr'>et</span> <span class='ocrx_word' id='word_1_246' title='bbox 1222 5489 1469 5586; x_wconf 85' lang='lat' dir='ltr'>gratia</span> <span class='ocrx_word' id='word_1_247' title='bbox 1499 5490 1967 5565; x_wconf 82' lang='lat' dir='ltr'>conserenda</span> 
     </span>
     <span class='ocr_line' id='line_1_57' title="bbox 419 5606 1962 5710; baseline -0.001 -26"><span class='ocrx_word' id='word_1_248' title='bbox 419 5629 556 5707; x_wconf 93' lang='lat' dir='ltr'>per</span> <span class='ocrx_word' id='word_1_249' title='bbox 596 5606 877 5706; x_wconf 90' lang='lat' dir='ltr'>ipsum,</span> <span class='ocrx_word' id='word_1_250' title='bbox 915 5616 1228 5707; x_wconf 89' lang='lat' dir='ltr'>propter</span> <span class='ocrx_word' id='word_1_251' title='bbox 1257 5607 1423 5707; x_wconf 90' lang='lat' dir='ltr'>ejus</span> <span class='ocrx_word' id='word_1_252' title='bbox 1466 5608 1962 5710; x_wconf 86' lang='lat' dir='ltr'>impietatem,</span> 
     </span>
    </p>
   </div>
   <div class='ocr_carea' id='block_1_6' title="bbox 3499 375 3626 444">
    <p class='ocr_par' dir='ltr' id='par_1_9' title="bbox 3499 375 3626 444">
     <span class='ocr_line' id='line_1_58' title="bbox 3499 375 3626 444; baseline 0 -1"><span class='ocrx_word' id='word_1_253' title='bbox 3499 375 3626 444; x_wconf 76' lang='lat'>617</span> 
     </span>
    </p>
   </div>
   <div class='ocr_carea' id='block_1_7' title="bbox 2069 547 3969 4409">
    <p class='ocr_par' dir='ltr' id='par_1_10' title="bbox 2075 547 3625 763">
     <span class='ocr_line' id='line_1_59' title="bbox 2075 547 3625 649; baseline -0.001 -27"><span class='ocrx_word' id='word_1_254' title='bbox 2075 549 2244 623; x_wconf 88' lang='lat' dir='ltr'>sine</span> <span class='ocrx_word' id='word_1_255' title='bbox 2291 551 2516 649; x_wconf 91' lang='lat' dir='ltr'>culpa</span> <span class='ocrx_word' id='word_1_256' title='bbox 2570 547 3088 647; x_wconf 80' lang='lat' dir='ltr'>suscipientiS‚</span> <span class='ocrx_word' id='word_1_257' title='bbox 3149 548 3353 646; x_wconf 92' lang='lat' dir='ltr'>quod</span> <span class='ocrx_word' id='word_1_258' title='bbox 3407 547 3625 621; x_wconf 83' lang='lat' dir='ltr'>vide-</span> 
     </span>
     <span class='ocr_line' id='line_1_60' title="bbox 2076 666 3009 763; baseline -0.001 -24"><span class='ocrx_word' id='word_1_259' title='bbox 2076 676 2204 739; x_wconf 87' lang='lat' dir='ltr'>tur</span> <span class='ocrx_word' id='word_1_260' title='bbox 2243 666 2558 740; x_wconf 89' lang='lat' dir='ltr'>omnino</span> <span class='ocrx_word' id='word_1_261' title='bbox 2610 666 3009 763; x_wconf 90' lang='lat' dir='ltr'>injustum.</span> 
     </span>
    </p>

    <p class='ocr_par' dir='ltr' id='par_1_11' title="bbox 2072 781 3627 2150">
     <span class='ocr_line' id='line_1_61' title="bbox 2176 781 3620 881; baseline -0.001 -25"><span class='ocrx_word' id='word_1_262' title='bbox 2176 783 2750 881; x_wconf 86' lang='lat' dir='ltr'>Consequentia</span> <span class='ocrx_word' id='word_1_263' title='bbox 2789 792 3021 881; x_wconf 89' lang='lat' dir='ltr'>patet,</span> <span class='ocrx_word' id='word_1_264' title='bbox 3088 781 3271 880; x_wconf 89' lang='lat' dir='ltr'>quia</span> <span class='ocrx_word' id='word_1_265' title='bbox 3327 782 3391 855; x_wconf 91' lang='lat' dir='ltr'>si</span> <span class='ocrx_word' id='word_1_266' title='bbox 3451 781 3620 874; x_wconf 89' lang='lat' dir='ltr'>iste,</span> 
     </span>
     <span class='ocr_line' id='line_1_62' title="bbox 2076 896 3624 1000; baseline -0.003 -25"><span class='ocrx_word' id='word_1_267' title='bbox 2076 901 2209 1000; x_wconf 88' lang='lat' dir='ltr'>qui</span> <span class='ocrx_word' id='word_1_268' title='bbox 2265 903 2431 975; x_wconf 82' lang='lat' dir='ltr'>vult</span> <span class='ocrx_word' id='word_1_269' title='bbox 2490 902 2884 999; x_wconf 86' lang='lat' dir='ltr'>baptizari,</span> <span class='ocrx_word' id='word_1_270' title='bbox 2949 924 3101 974; x_wconf 91' lang='lat' dir='ltr'>non</span> <span class='ocrx_word' id='word_1_271' title='bbox 3174 908 3422 999; x_wconf 90' lang='lat' dir='ltr'>potest</span> <span class='ocrx_word' id='word_1_272' title='bbox 3480 896 3624 972; x_wconf 89' lang='lat' dir='ltr'>sibi</span> 
     </span>
     <span class='ocr_line' id='line_1_63' title="bbox 2077 1015 3626 1113; baseline -0.003 -21"><span class='ocrx_word' id='word_1_273' title='bbox 2077 1020 2492 1094; x_wconf 87' lang='lat' dir='ltr'>ministrari</span> <span class='ocrx_word' id='word_1_274' title='bbox 2547 1044 2591 1094; x_wconf 91' lang='lat' dir='ltr'>a</span> <span class='ocrx_word' id='word_1_275' title='bbox 2653 1020 2879 1112; x_wconf 90' lang='lat' dir='ltr'>malo,</span> <span class='ocrx_word' id='word_1_276' title='bbox 2936 1019 3073 1092; x_wconf 90' lang='lat' dir='ltr'>iste</span> <span class='ocrx_word' id='word_1_277' title='bbox 3131 1029 3337 1091; x_wconf 84' lang='lat' dir='ltr'>caret</span> <span class='ocrx_word' id='word_1_278' title='bbox 3380 1015 3626 1113; x_wconf 83' lang='lat' dir='ltr'>gratia</span> 
     </span>
     <span class='ocr_line' id='line_1_64' title="bbox 2076 1134 3623 1236; baseline -0.001 -26"><span class='ocrx_word' id='word_1_279' title='bbox 2076 1137 2523 1236; x_wconf 88' lang='lat' dir='ltr'>Baptismali</span> <span class='ocrx_word' id='word_1_280' title='bbox 2594 1136 2758 1212; x_wconf 91' lang='lat' dir='ltr'>sine</span> <span class='ocrx_word' id='word_1_281' title='bbox 2828 1136 3056 1233; x_wconf 88' lang='lat' dir='ltr'>culpa</span> <span class='ocrx_word' id='word_1_282' title='bbox 3120 1159 3261 1210; x_wconf 90' lang='lat' dir='ltr'>sua</span> <span class='ocrx_word' id='word_1_283' title='bbox 3325 1164 3342 1228; x_wconf 84' lang='lat'><em>3</em></span> <span class='ocrx_word' id='word_1_284' title='bbox 3413 1134 3623 1208; x_wconf 86' lang='lat' dir='ltr'>Deus</span> 
     </span>
     <span class='ocr_line' id='line_1_65' title="bbox 2076 1253 3624 1352; baseline -0.003 -21"><span class='ocrx_word' id='word_1_285' title='bbox 2076 1279 2259 1352; x_wconf 85' lang='lat' dir='ltr'>ergo</span> <span class='ocrx_word' id='word_1_286' title='bbox 2303 1256 2566 1330; x_wconf 88' lang='lat' dir='ltr'>statuit</span> <span class='ocrx_word' id='word_1_287' title='bbox 2606 1255 3186 1330; x_wconf 83' lang='lat' dir='ltr'>Sacramentum</span> <span class='ocrx_word' id='word_1_288' title='bbox 3250 1276 3416 1329; x_wconf 88' lang='lat' dir='ltr'>esse</span> <span class='ocrx_word' id='word_1_289' title='bbox 3476 1253 3624 1327; x_wconf 89' lang='lat' dir='ltr'>tale</span> 
     </span>
     <span class='ocr_line' id='line_1_66' title="bbox 2076 1371 3619 1471; baseline -0.002 -25"><span class='ocrx_word' id='word_1_290' title='bbox 2076 1374 2415 1471; x_wconf 81' lang='lat' dir='ltr'>signum,</span> <span class='ocrx_word' id='word_1_291' title='bbox 2490 1374 2694 1470; x_wconf 92' lang='lat' dir='ltr'>quod</span> <span class='ocrx_word' id='word_1_292' title='bbox 2763 1397 2806 1447; x_wconf 90' lang='lat' dir='ltr'>a</span> <span class='ocrx_word' id='word_1_293' title='bbox 2865 1372 3210 1470; x_wconf 89' lang='lat' dir='ltr'>quolibet</span> <span class='ocrx_word' id='word_1_294' title='bbox 3242 1371 3619 1464; x_wconf 81' lang='lat' dir='ltr'>ministre,</span> 
     </span>
     <span class='ocr_line' id='line_1_67' title="bbox 2076 1487 3627 1586; baseline -0.004 -21"><span class='ocrx_word' id='word_1_295' title='bbox 2076 1492 2240 1565; x_wconf 86' lang='lat' dir='ltr'>sive</span> <span class='ocrx_word' id='word_1_296' title='bbox 2283 1516 2325 1566; x_wconf 92' lang='lat' dir='ltr'>a</span> <span class='ocrx_word' id='word_1_297' title='bbox 2369 1492 2600 1585; x_wconf 80' lang='lat' dir='ltr'>benc,</span> <span class='ocrx_word' id='word_1_298' title='bbox 2657 1490 2818 1565; x_wconf 78' lang='lat' dir='ltr'>sive</span> <span class='ocrx_word' id='word_1_299' title='bbox 2871 1514 2915 1564; x_wconf 87' lang='lat' dir='ltr'>a</span> <span class='ocrx_word' id='word_1_300' title='bbox 2973 1487 3627 1586; x_wconf 80' lang='lat' dir='ltr'>maloaequaliter</span> 
     </span>
     <span class='ocr_line' id='line_1_68' title="bbox 2079 1603 3624 1707; baseline -0.002 -24"><span class='ocrx_word' id='word_1_301' title='bbox 2079 1618 2337 1707; x_wconf 90' lang='lat' dir='ltr'>posset</span> <span class='ocrx_word' id='word_1_302' title='bbox 2403 1608 2595 1701; x_wconf 89' lang='lat' dir='ltr'>dari,</span> <span class='ocrx_word' id='word_1_303' title='bbox 2669 1617 2743 1680; x_wconf 86' lang='lat' dir='ltr'>et</span> <span class='ocrx_word' id='word_1_304' title='bbox 2800 1606 2923 1681; x_wconf 92' lang='lat' dir='ltr'>cui</span> <span class='ocrx_word' id='word_1_305' title='bbox 2981 1606 3143 1704; x_wconf 88' lang='lat' dir='ltr'>ipse</span> <span class='ocrx_word' id='word_1_306' title='bbox 3186 1603 3624 1680; x_wconf 89' lang='lat' dir='ltr'>immediate</span> 
     </span>
     <span class='ocr_line' id='line_1_69' title="bbox 2075 1722 3619 1819; baseline -0.003 -20"><span class='ocrx_word' id='word_1_307' title='bbox 2075 1725 2465 1800; x_wconf 85' lang='lat' dir='ltr'>assisteret</span> <span class='ocrx_word' id='word_1_308' title='bbox 2497 1724 2590 1799; x_wconf 91' lang='lat' dir='ltr'>ad</span> <span class='ocrx_word' id='word_1_309' title='bbox 2633 1723 3185 1798; x_wconf 78' lang='lat' dir='ltr'>conferendum</span> <span class='ocrx_word' id='word_1_310' title='bbox 3233 1722 3619 1819; x_wconf 78' lang='lat' dir='ltr'>signatum</span> 
     </span>
     <span class='ocr_line' id='line_1_70' title="bbox 2072 1839 3622 1938; baseline -0.004 -21"><span class='ocrx_word' id='word_1_311' title='bbox 2072 1854 2146 1917; x_wconf 92' lang='lat' dir='ltr'>et</span> <span class='ocrx_word' id='word_1_312' title='bbox 2206 1842 2558 1918; x_wconf 79' lang='lat' dir='ltr'>effectum</span> <span class='ocrx_word' id='word_1_313' title='bbox 2642 1840 2836 1938; x_wconf 79' lang='lat' dir='ltr'>ejuS,</span> <span class='ocrx_word' id='word_1_314' title='bbox 2941 1839 3233 1915; x_wconf 87' lang='lat' dir='ltr'>scilicet</span> <span class='ocrx_word' id='word_1_315' title='bbox 3299 1839 3622 1936; x_wconf 79' lang='lat' dir='ltr'>gratiam</span> 
     </span>
     <span class='ocr_line' id='line_1_71' title="bbox 2074 1957 3623 2058; baseline -0.002 -23"><span class='ocrx_word' id='word_1_316' title='bbox 2074 1962 2279 2058; x_wconf 92' lang='lat' dir='ltr'>quod</span> <span class='ocrx_word' id='word_1_317' title='bbox 2314 1959 2593 2056; x_wconf 81' lang='lat' dir='ltr'>signat,</span> <span class='ocrx_word' id='word_1_318' title='bbox 2644 1983 2687 2034; x_wconf 91' lang='lat' dir='ltr'>a</span> <span class='ocrx_word' id='word_1_319' title='bbox 2732 1981 3224 2056; x_wconf 90' lang='lat' dir='ltr'>quocumque</span> <span class='ocrx_word' id='word_1_320' title='bbox 3275 1957 3623 2033; x_wconf 83' lang='lat' dir='ltr'>consera-</span> 
     </span>
     <span class='ocr_line' id='line_1_72' title="bbox 2073 2086 2224 2150; baseline 0 0"><span class='ocrx_word' id='word_1_321' title='bbox 2073 2086 2224 2150; x_wconf 90' lang='lat' dir='ltr'>tur.</span> 
     </span>
    </p>

    <p class='ocr_par' dir='ltr' id='par_1_12' title="bbox 2073 2188 3969 2876">
     <span class='ocr_line' id='line_1_73' title="bbox 2169 2188 3838 2292; baseline -0.002 -23"><span class='ocrx_word' id='word_1_322' title='bbox 2169 2195 2282 2269; x_wconf 89' lang='lat' dir='ltr'>Ad</span> <span class='ocrx_word' id='word_1_323' title='bbox 2325 2193 2660 2292; x_wconf 86' lang='lat' dir='ltr'>primum</span> <span class='ocrx_word' id='word_1_324' title='bbox 2693 2193 2889 2282; x_wconf 85' lang='lat' dir='ltr'>dice,</span> <span class='ocrx_word' id='word_1_325' title='bbox 2926 2192 3129 2290; x_wconf 87' lang='lat' dir='ltr'>quod</span> <span class='ocrx_word' id='word_1_326' title='bbox 3164 2188 3506 2290; x_wconf 84' lang='lat' dir='ltr'>perfidus</span> <span class='ocrx_word' id='word_1_327' title='bbox 3546 2198 3620 2267; x_wconf 86' lang='lat' dir='ltr'>et</span> <span class='ocrx_word' id='word_1_328' title='bbox 3774 2218 3838 2285; x_wconf 67' lang='lat'>4,</span> 
     </span>
     <span class='ocr_line' id='line_1_74' title="bbox 2073 2310 3969 2409; baseline 0.001 -23"><span class='ocrx_word' id='word_1_329' title='bbox 2073 2310 2513 2405; x_wconf 76' lang='lat' dir='ltr'>haereticus,</span> <span class='ocrx_word' id='word_1_330' title='bbox 2561 2312 2651 2386; x_wconf 92' lang='lat' dir='ltr'>de</span> <span class='ocrx_word' id='word_1_331' title='bbox 2713 2310 2995 2408; x_wconf 91' lang='lat' dir='ltr'>quibus</span> <span class='ocrx_word' id='word_1_332' title='bbox 3051 2311 3393 2408; x_wconf 89' lang='lat' dir='ltr'>loquitur</span> <span class='ocrx_word' id='word_1_333' title='bbox 3432 2311 3620 2384; x_wconf 86' lang='lat' dir='ltr'>Am·</span> <span class='ocrx_word' id='word_1_334' title='bbox 3646 2334 3724 2385; x_wconf 76' lang='lat' dir='ltr'>Ad</span> <span class='ocrx_word' id='word_1_335' title='bbox 3760 2348 3969 2409; x_wconf 48' lang='lat' dir='ltr'>argum.</span> 
     </span>
     <span class='ocr_line' id='line_1_75' title="bbox 2074 2411 3943 2526; baseline -0.002 -22"><span class='ocrx_word' id='word_1_336' title='bbox 2074 2429 2403 2515; x_wconf 81' lang='lat' dir='ltr'>brosiuS‚</span> <span class='ocrx_word' id='word_1_337' title='bbox 2473 2438 2604 2504; x_wconf 90' lang='lat' dir='ltr'>aut</span> <span class='ocrx_word' id='word_1_338' title='bbox 2668 2428 2999 2526; x_wconf 86' lang='lat' dir='ltr'>baptizat</span> <span class='ocrx_word' id='word_1_339' title='bbox 3084 2429 3462 2522; x_wconf 91' lang='lat' dir='ltr'>adultum,</span> <span class='ocrx_word' id='word_1_340' title='bbox 3540 2436 3618 2501; x_wconf 88' lang='lat' dir='ltr'>ut</span> <span class='ocrx_word' id='word_1_341' title='bbox 3675 2411 3943 2525; x_wconf 53' lang='grc' dir='ltr'>ᾳᾞξιῗῗ,</span> 
     </span>
     <span class='ocr_line' id='line_1_76' title="bbox 2077 2545 3622 2645; baseline -0.001 -23"><span class='ocrx_word' id='word_1_342' title='bbox 2077 2547 2302 2622; x_wconf 85' lang='lat' dir='ltr'>faciat</span> <span class='ocrx_word' id='word_1_343' title='bbox 2339 2570 2514 2622; x_wconf 88' lang='lat' dir='ltr'>eum</span> <span class='ocrx_word' id='word_1_344' title='bbox 2550 2570 2717 2622; x_wconf 90' lang='lat' dir='ltr'>esse</span> <span class='ocrx_word' id='word_1_345' title='bbox 2760 2545 3222 2645; x_wconf 89' lang='lat' dir='ltr'>discipulum</span> <span class='ocrx_word' id='word_1_346' title='bbox 3267 2556 3340 2621; x_wconf 92' lang='lat' dir='ltr'>et</span> <span class='ocrx_word' id='word_1_347' title='bbox 3382 2548 3622 2621; x_wconf 67' lang='lat' dir='ltr'>haere-</span> 
     </span>
     <span class='ocr_line' id='line_1_77' title="bbox 2075 2662 3621 2763; baseline 0.001 -27"><span class='ocrx_word' id='word_1_348' title='bbox 2075 2665 2341 2758; x_wconf 87' lang='lat' dir='ltr'>ticum,</span> <span class='ocrx_word' id='word_1_349' title='bbox 2377 2663 2575 2740; x_wconf 87' lang='lat' dir='ltr'>sicut</span> <span class='ocrx_word' id='word_1_350' title='bbox 2615 2664 2778 2763; x_wconf 90' lang='lat' dir='ltr'>ipse</span> <span class='ocrx_word' id='word_1_351' title='bbox 2820 2674 2961 2758; x_wconf 91' lang='lat' dir='ltr'>est,</span> <span class='ocrx_word' id='word_1_352' title='bbox 3007 2674 3081 2739; x_wconf 90' lang='lat' dir='ltr'>et</span> <span class='ocrx_word' id='word_1_353' title='bbox 3119 2672 3302 2738; x_wconf 86' lang='lat' dir='ltr'>tunc</span> <span class='ocrx_word' id='word_1_354' title='bbox 3348 2662 3621 2763; x_wconf 91' lang='lat' dir='ltr'>polluit</span> 
     </span>
     <span class='ocr_line' id='line_1_78' title="bbox 2075 2791 2877 2876; baseline -0.004 -18"><span class='ocrx_word' id='word_1_355' title='bbox 2075 2807 2282 2876; x_wconf 90' lang='lat' dir='ltr'>eum,</span> <span class='ocrx_word' id='word_1_356' title='bbox 2329 2792 2402 2857; x_wconf 88' lang='lat' dir='ltr'>et</span> <span class='ocrx_word' id='word_1_357' title='bbox 2434 2806 2584 2857; x_wconf 89' lang='lat' dir='ltr'>non</span> <span class='ocrx_word' id='word_1_358' title='bbox 2633 2791 2877 2856; x_wconf 89' lang='lat' dir='ltr'>sanat.</span> 
     </span>
    </p>

    <p class='ocr_par' dir='ltr' id='par_1_13' title="bbox 2070 2900 3690 4177">
     <span class='ocr_line' id='line_1_79' title="bbox 2173 2900 3621 2999; baseline -0.001 -24"><span class='ocrx_word' id='word_1_359' title='bbox 2173 2901 2252 2975; x_wconf 92' lang='lat' dir='ltr'>Si</span> <span class='ocrx_word' id='word_1_360' title='bbox 2314 2910 2568 2977; x_wconf 89' lang='lat' dir='ltr'>autem</span> <span class='ocrx_word' id='word_1_361' title='bbox 2622 2900 2953 2999; x_wconf 87' lang='lat' dir='ltr'>baptizet</span> <span class='ocrx_word' id='word_1_362' title='bbox 3004 2901 3415 2999; x_wconf 84' lang='lat' dir='ltr'>parvulum</span> <span class='ocrx_word' id='word_1_363' title='bbox 3499 2922 3621 2973; x_wconf 91' lang='lat' dir='ltr'>se-</span> 
     </span>
     <span class='ocr_line' id='line_1_80' title="bbox 2073 3015 3619 3110; baseline -0.003 -17"><span class='ocrx_word' id='word_1_364' title='bbox 2073 3019 2418 3093; x_wconf 91' lang='lat' dir='ltr'>cundum</span> <span class='ocrx_word' id='word_1_365' title='bbox 2532 3020 2852 3092; x_wconf 88' lang='lat' dir='ltr'>formam</span> <span class='ocrx_word' id='word_1_366' title='bbox 2950 3018 3341 3110; x_wconf 88' lang='lat' dir='ltr'>Ecclesiae,</span> <span class='ocrx_word' id='word_1_367' title='bbox 3451 3015 3619 3089; x_wconf 92' lang='lat' dir='ltr'>dico</span> 
     </span>
     <span class='ocr_line' id='line_1_81' title="bbox 2075 3132 3615 3236; baseline -0.003 -24"><span class='ocrx_word' id='word_1_368' title='bbox 2075 3137 2281 3236; x_wconf 92' lang='lat' dir='ltr'>quod</span> <span class='ocrx_word' id='word_1_369' title='bbox 2317 3136 2455 3212; x_wconf 92' lang='lat' dir='ltr'>iste</span> <span class='ocrx_word' id='word_1_370' title='bbox 2497 3144 2611 3212; x_wconf 89' lang='lat' dir='ltr'>est</span> <span class='ocrx_word' id='word_1_371' title='bbox 2661 3134 3114 3236; x_wconf 89' lang='lat' dir='ltr'>simpliciter</span> <span class='ocrx_word' id='word_1_372' title='bbox 3157 3132 3615 3233; x_wconf 81' lang='lat' dir='ltr'>baptizatuS,</span> 
     </span>
     <span class='ocr_line' id='line_1_82' title="bbox 2075 3254 3619 3353; baseline -0.003 -25"><span class='ocrx_word' id='word_1_373' title='bbox 2075 3255 2152 3328; x_wconf 92' lang='lat' dir='ltr'>in</span> <span class='ocrx_word' id='word_1_374' title='bbox 2190 3265 2485 3330; x_wconf 91' lang='lat' dir='ltr'>tantum</span> <span class='ocrx_word' id='word_1_375' title='bbox 2548 3256 2750 3353; x_wconf 89' lang='lat' dir='ltr'>quod</span> <span class='ocrx_word' id='word_1_376' title='bbox 2813 3254 2877 3329; x_wconf 91' lang='lat' dir='ltr'>si</span> <span class='ocrx_word' id='word_1_377' title='bbox 2939 3263 3120 3328; x_wconf 90' lang='lat' dir='ltr'>tunc</span> <span class='ocrx_word' id='word_1_378' title='bbox 3165 3263 3619 3345; x_wconf 88' lang='lat' dir='ltr'>moreretur,</span> 
     </span>
     <span class='ocr_line' id='line_1_83' title="bbox 2075 3367 3623 3464; baseline -0.003 -18"><span class='ocrx_word' id='word_1_379' title='bbox 2075 3373 2328 3447; x_wconf 88' lang='lat' dir='ltr'>statim</span> <span class='ocrx_word' id='word_1_380' title='bbox 2409 3374 2750 3448; x_wconf 82' lang='lat' dir='ltr'>evolaret</span> <span class='ocrx_word' id='word_1_381' title='bbox 2803 3371 2877 3444; x_wconf 89' lang='lat' dir='ltr'>in</span> <span class='ocrx_word' id='word_1_382' title='bbox 2947 3373 3224 3446; x_wconf 85' lang='lat' dir='ltr'>coelum</span> <span class='ocrx_word' id='word_1_383' title='bbox 3276 3398 3294 3464; x_wconf 83' lang='lat'><em>3</em></span> <span class='ocrx_word' id='word_1_384' title='bbox 3349 3370 3482 3445; x_wconf 91' lang='lat' dir='ltr'>sed</span> <span class='ocrx_word' id='word_1_385' title='bbox 3559 3367 3623 3443; x_wconf 94' lang='lat' dir='ltr'>si</span> 
     </span>
     <span class='ocr_line' id='line_1_84' title="bbox 2074 3487 3623 3587; baseline -0.002 -24"><span class='ocrx_word' id='word_1_386' title='bbox 2074 3490 2447 3587; x_wconf 87' lang='lat' dir='ltr'>parvulus</span> <span class='ocrx_word' id='word_1_387' title='bbox 2488 3488 2597 3564; x_wconf 92' lang='lat' dir='ltr'>sic</span> <span class='ocrx_word' id='word_1_388' title='bbox 2655 3489 2750 3562; x_wconf 90' lang='lat' dir='ltr'>ab</span> <span class='ocrx_word' id='word_1_389' title='bbox 2828 3512 2917 3563; x_wconf 90' lang='lat' dir='ltr'>eo</span> <span class='ocrx_word' id='word_1_390' title='bbox 2977 3487 3405 3586; x_wconf 86' lang='lat' dir='ltr'>baptizatus</span> <span class='ocrx_word' id='word_1_391' title='bbox 3431 3510 3623 3562; x_wconf 84' lang='lat' dir='ltr'>con-</span> 
     </span>
     <span class='ocr_line' id='line_1_85' title="bbox 2073 3602 3622 3704; baseline -0.004 -24"><span class='ocrx_word' id='word_1_392' title='bbox 2073 3606 2391 3681; x_wconf 88' lang='lat' dir='ltr'>sentiret</span> <span class='ocrx_word' id='word_1_393' title='bbox 2423 3615 2593 3704; x_wconf 90' lang='lat' dir='ltr'>post</span> <span class='ocrx_word' id='word_1_394' title='bbox 2624 3605 2698 3677; x_wconf 89' lang='lat' dir='ltr'>in</span> <span class='ocrx_word' id='word_1_395' title='bbox 2753 3613 2975 3679; x_wconf 61' lang='lat' dir='ltr'>aetate</span> <span class='ocrx_word' id='word_1_396' title='bbox 3042 3604 3306 3678; x_wconf 86' lang='lat' dir='ltr'>adulta</span> <span class='ocrx_word' id='word_1_397' title='bbox 3365 3602 3622 3700; x_wconf 90' lang='lat' dir='ltr'>operi—</span> 
     </span>
     <span class='ocr_line' id='line_1_86' title="bbox 2071 3721 3613 3814; baseline -0.004 -14"><span class='ocrx_word' id='word_1_398' title='bbox 2071 3727 2218 3800; x_wconf 89' lang='lat' dir='ltr'>bus</span> <span class='ocrx_word' id='word_1_399' title='bbox 2280 3724 2651 3814; x_wconf 81' lang='lat' dir='ltr'>haeretici,</span> <span class='ocrx_word' id='word_1_400' title='bbox 2725 3732 2799 3798; x_wconf 91' lang='lat' dir='ltr'>et</span> <span class='ocrx_word' id='word_1_401' title='bbox 2870 3721 3087 3798; x_wconf 87' lang='lat' dir='ltr'>fieret</span> <span class='ocrx_word' id='word_1_402' title='bbox 3176 3721 3613 3814; x_wconf 87' lang='lat' dir='ltr'>haereticus,</span> 
     </span>
     <span class='ocr_line' id='line_1_87' title="bbox 2070 3838 3619 3939; baseline -0.004 -24"><span class='ocrx_word' id='word_1_403' title='bbox 2070 3844 2545 3939; x_wconf 84' lang='lat' dir='ltr'>pollueretur</span> <span class='ocrx_word' id='word_1_404' title='bbox 2622 3840 2716 3914; x_wconf 89' lang='lat' dir='ltr'>ab</span> <span class='ocrx_word' id='word_1_405' title='bbox 2802 3863 2921 3933; x_wconf 85' lang='lat' dir='ltr'>e0,</span> <span class='ocrx_word' id='word_1_406' title='bbox 3006 3838 3189 3936; x_wconf 88' lang='lat' dir='ltr'>quia</span> <span class='ocrx_word' id='word_1_407' title='bbox 3266 3845 3619 3936; x_wconf 89' lang='lat' dir='ltr'>peccaret</span> 
     </span>
     <span class='ocr_line' id='line_1_88' title="bbox 2072 3956 3690 4047; baseline -0.002 -16"><span class='ocrx_word' id='word_1_408' title='bbox 2072 3958 2493 4033; x_wconf 87' lang='lat' dir='ltr'>mortaliter</span> <span class='ocrx_word' id='word_1_409' title='bbox 2524 3957 3076 4032; x_wconf 88' lang='lat' dir='ltr'>consentiendo</span> <span class='ocrx_word' id='word_1_410' title='bbox 3118 3956 3214 4047; x_wconf 89' lang='lat' dir='ltr'>ei,</span> <span class='ocrx_word' id='word_1_411' title='bbox 3280 3956 3412 4030; x_wconf 92' lang='lat' dir='ltr'>sed</span> <span class='ocrx_word' id='word_1_412' title='bbox 3458 3979 3611 4029; x_wconf 91' lang='lat' dir='ltr'>non</span> <span class='ocrx_word' id='word_1_413' title='bbox 3687 3970 3690 3975; x_wconf 83' lang='grc'><strong><em>’</em></strong></span> 
     </span>
     <span class='ocr_line' id='line_1_89' title="bbox 2074 4075 3311 4177; baseline -0.002 -27"><span class='ocrx_word' id='word_1_414' title='bbox 2074 4078 2330 4153; x_wconf 88' lang='lat' dir='ltr'>minus</span> <span class='ocrx_word' id='word_1_415' title='bbox 2370 4076 2584 4177; x_wconf 83' lang='lat' dir='ltr'>prius</span> <span class='ocrx_word' id='word_1_416' title='bbox 2617 4087 2818 4171; x_wconf 85' lang='lat' dir='ltr'>esset</span> <span class='ocrx_word' id='word_1_417' title='bbox 2857 4075 3311 4174; x_wconf 88' lang='lat' dir='ltr'>baptizatus.</span> 
     </span>
    </p>

    <p class='ocr_par' dir='ltr' id='par_1_14' title="bbox 2069 4193 3946 4409">
     <span class='ocr_line' id='line_1_90' title="bbox 2165 4193 3936 4309; baseline -0.003 -39"><span class='ocrx_word' id='word_1_418' title='bbox 2165 4197 2278 4270; x_wconf 87' lang='lat' dir='ltr'>Ad</span> <span class='ocrx_word' id='word_1_419' title='bbox 2321 4196 2559 4289; x_wconf 89' lang='lat' dir='ltr'>aliud,</span> <span class='ocrx_word' id='word_1_420' title='bbox 2605 4218 2778 4269; x_wconf 91' lang='lat' dir='ltr'>cum</span> <span class='ocrx_word' id='word_1_421' title='bbox 2813 4193 3322 4291; x_wconf 86' lang='lat' dir='ltr'>diciturquod</span> <span class='ocrx_word' id='word_1_422' title='bbox 3364 4216 3612 4267; x_wconf 88' lang='lat' dir='ltr'>mem-</span> <span class='ocrx_word' id='word_1_423' title='bbox 3641 4196 3720 4247; x_wconf 73' lang='lat' dir='ltr'>Ad</span> <span class='ocrx_word' id='word_1_424' title='bbox 3722 4208 3936 4309; x_wconf 53' lang='grc' dir='ltr'><strong>(18ξὲξο-</strong></span> 
     </span>
     <span class='ocr_line' id='line_1_91' title="bbox 2069 4312 3946 4409; baseline -0.002 -22"><span class='ocrx_word' id='word_1_425' title='bbox 2069 4312 2293 4388; x_wconf 89' lang='lat' dir='ltr'>hrum</span> <span class='ocrx_word' id='word_1_426' title='bbox 2345 4312 2645 4387; x_wconf 89' lang='lat' dir='ltr'>aridum</span> <span class='ocrx_word' id='word_1_427' title='bbox 2695 4336 2850 4386; x_wconf 93' lang='lat' dir='ltr'>non</span> <span class='ocrx_word' id='word_1_428' title='bbox 2920 4320 3169 4409; x_wconf 89' lang='lat' dir='ltr'>potest</span> <span class='ocrx_word' id='word_1_429' title='bbox 3235 4334 3402 4386; x_wconf 89' lang='lat' dir='ltr'>esse</span> <span class='ocrx_word' id='word_1_430' title='bbox 3445 4334 3611 4385; x_wconf 90' lang='lat' dir='ltr'>me-</span> <span class='ocrx_word' id='word_1_431' title='bbox 3641 4322 3810 4372; x_wconf 74' lang='lat' dir='ltr'>Aliter</span> <span class='ocrx_word' id='word_1_432' title='bbox 3838 4322 3946 4371; x_wconf 81' lang='lat' dir='ltr'>vita</span> 
     </span>
    </p>
   </div>
   <div class='ocr_carea' id='block_1_8' title="bbox 2068 4386 3961 4523">
    <p class='ocr_par' dir='ltr' id='par_1_15' title="bbox 2068 4386 3961 4523">
     <span class='ocr_line' id='line_1_92' title="bbox 2068 4386 3961 4523; baseline -0.005 -17"><span class='ocrx_word' id='word_1_433' title='bbox 2068 4430 2277 4506; x_wconf 91' lang='lat' dir='ltr'>dium</span> <span class='ocrx_word' id='word_1_434' title='bbox 2376 4428 2753 4505; x_wconf 90' lang='lat' dir='ltr'>inssuendi</span> <span class='ocrx_word' id='word_1_435' title='bbox 2836 4430 3069 4504; x_wconf 89' lang='lat' dir='ltr'>vitam</span> <span class='ocrx_word' id='word_1_436' title='bbox 3158 4429 3355 4523; x_wconf 82' lang='lat' dir='ltr'>aliiS,</span> <span class='ocrx_word' id='word_1_437' title='bbox 3441 4429 3610 4504; x_wconf 91' lang='lat' dir='ltr'>dico</span> <span class='ocrx_word' id='word_1_438' title='bbox 3642 4386 3961 4509; x_wconf 52' lang='lat' dir='ltr'>igercffr‘fflie</span> 
     </span>
    </p>
   </div>
   <div class='ocr_carea' id='block_1_9' title="bbox 2067 4516 3935 5587">
    <p class='ocr_par' dir='ltr' id='par_1_16' title="bbox 2067 4516 3935 5587">
     <span class='ocr_line' id='line_1_93' title="bbox 2068 4516 3935 4648; baseline -0.001 -25"><span class='ocrx_word' id='word_1_439' title='bbox 2068 4548 2274 4648; x_wconf 91' lang='lat' dir='ltr'>quod</span> <span class='ocrx_word' id='word_1_440' title='bbox 2305 4572 2575 4624; x_wconf 89' lang='lat' dir='ltr'>verum</span> <span class='ocrx_word' id='word_1_441' title='bbox 2611 4556 2751 4641; x_wconf 87' lang='lat' dir='ltr'>est,</span> <span class='ocrx_word' id='word_1_442' title='bbox 2788 4555 2862 4622; x_wconf 91' lang='lat' dir='ltr'>et</span> <span class='ocrx_word' id='word_1_443' title='bbox 2901 4547 3092 4621; x_wconf 90' lang='lat' dir='ltr'>ratio</span> <span class='ocrx_word' id='word_1_444' title='bbox 3125 4554 3263 4634; x_wconf 91' lang='lat' dir='ltr'>est,</span> <span class='ocrx_word' id='word_1_445' title='bbox 3317 4545 3500 4644; x_wconf 89' lang='lat' dir='ltr'>quia</span> <span class='ocrx_word' id='word_1_446' title='bbox 3529 4544 3605 4618; x_wconf 91' lang='lat' dir='ltr'>in</span> <span class='ocrx_word' id='word_1_447' title='bbox 3672 4516 3935 4646; x_wconf 52' lang='lat' dir='ltr'>‹ffifflcid</span> 
     </span>
     <span class='ocr_line' id='line_1_94' title="bbox 2067 4635 3923 4752; baseline -0.003 -11"><span class='ocrx_word' id='word_1_448' title='bbox 2067 4666 2431 4741; x_wconf 85' lang='lat' dir='ltr'>omnibus</span> <span class='ocrx_word' id='word_1_449' title='bbox 2468 4664 2829 4741; x_wconf 89' lang='lat' dir='ltr'>membris</span> <span class='ocrx_word' id='word_1_450' title='bbox 2862 4664 2946 4737; x_wconf 87' lang='lat' dir='ltr'>fit</span> <span class='ocrx_word' id='word_1_451' title='bbox 2972 4662 3237 4739; x_wconf 91' lang='lat' dir='ltr'>eadem</span> <span class='ocrx_word' id='word_1_452' title='bbox 3297 4662 3478 4752; x_wconf 85' lang='lat' dir='ltr'>vita,</span> <span class='ocrx_word' id='word_1_453' title='bbox 3538 4671 3611 4737; x_wconf 85' lang='lat' dir='ltr'>et</span> <span class='ocrx_word' id='word_1_454' title='bbox 3675 4635 3923 4687; x_wconf 56' lang='lat' dir='ltr'>&#39;&#39;amm&#39;&#39;</span> 
     </span>
     <span class='ocr_line' id='line_1_95' title="bbox 2068 4779 3605 4866; baseline -0.002 -11"><span class='ocrx_word' id='word_1_455' title='bbox 2068 4782 2240 4857; x_wconf 91' lang='lat' dir='ltr'>ideo</span> <span class='ocrx_word' id='word_1_456' title='bbox 2338 4782 2769 4857; x_wconf 89' lang='lat' dir='ltr'>membrum</span> <span class='ocrx_word' id='word_1_457' title='bbox 2876 4779 3212 4855; x_wconf 89' lang='lat' dir='ltr'>influens</span> <span class='ocrx_word' id='word_1_458' title='bbox 3340 4780 3605 4866; x_wconf 83' lang='lat' dir='ltr'>vitam,</span> 
     </span>
     <span class='ocr_line' id='line_1_96' title="bbox 2068 4896 3613 5000; baseline -0.003 -26"><span class='ocrx_word' id='word_1_459' title='bbox 2068 4910 2370 5000; x_wconf 91' lang='lat' dir='ltr'>oportet</span> <span class='ocrx_word' id='word_1_460' title='bbox 2400 4899 2603 4998; x_wconf 92' lang='lat' dir='ltr'>quod</span> <span class='ocrx_word' id='word_1_461' title='bbox 2637 4899 2714 4971; x_wconf 88' lang='lat' dir='ltr'>in</span> <span class='ocrx_word' id='word_1_462' title='bbox 2750 4921 2828 4973; x_wconf 91' lang='lat' dir='ltr'>se</span> <span class='ocrx_word' id='word_1_463' title='bbox 2864 4898 3141 4972; x_wconf 87' lang='lat' dir='ltr'>habeat</span> <span class='ocrx_word' id='word_1_464' title='bbox 3181 4896 3445 4990; x_wconf 81' lang='lat' dir='ltr'>vitam,</span> <span class='ocrx_word' id='word_1_465' title='bbox 3491 4898 3613 4970; x_wconf 87' lang='lat' dir='ltr'>vel</span> 
     </span>
     <span class='ocr_line' id='line_1_97' title="bbox 2070 5014 3617 5119; baseline -0.005 -23"><span class='ocrx_word' id='word_1_466' title='bbox 2070 5022 2279 5119; x_wconf 89' lang='lat' dir='ltr'>quod</span> <span class='ocrx_word' id='word_1_467' title='bbox 2318 5019 2416 5094; x_wconf 90' lang='lat' dir='ltr'>sit</span> <span class='ocrx_word' id='word_1_468' title='bbox 2444 5017 2967 5117; x_wconf 88' lang='lat' dir='ltr'>propinquum</span> <span class='ocrx_word' id='word_1_469' title='bbox 3000 5016 3248 5091; x_wconf 92' lang='lat' dir='ltr'>medio</span> <span class='ocrx_word' id='word_1_470' title='bbox 3291 5014 3617 5089; x_wconf 88' lang='lat' dir='ltr'>influen-</span> 
     </span>
     <span class='ocr_line' id='line_1_98' title="bbox 2070 5130 3618 5232; baseline -0.005 -20"><span class='ocrx_word' id='word_1_471' title='bbox 2070 5138 2147 5212; x_wconf 92' lang='lat' dir='ltr'>di</span> <span class='ocrx_word' id='word_1_472' title='bbox 2190 5138 2454 5231; x_wconf 88' lang='lat' dir='ltr'>vitam,</span> <span class='ocrx_word' id='word_1_473' title='bbox 2506 5149 2585 5210; x_wconf 91' lang='lat' dir='ltr'>ut</span> <span class='ocrx_word' id='word_1_474' title='bbox 2624 5130 2861 5228; x_wconf 75' lang='lat' dir='ltr'>co&#39;rdi,</span> <span class='ocrx_word' id='word_1_475' title='bbox 2907 5133 3112 5232; x_wconf 91' lang='lat' dir='ltr'>quod</span> <span class='ocrx_word' id='word_1_476' title='bbox 3169 5142 3283 5207; x_wconf 91' lang='lat' dir='ltr'>est</span> <span class='ocrx_word' id='word_1_477' title='bbox 3332 5130 3618 5231; x_wconf 91' lang='lat' dir='ltr'>princi-</span> 
     </span>
     <span class='ocr_line' id='line_1_99' title="bbox 2072 5249 3620 5353; baseline -0.004 -26"><span class='ocrx_word' id='word_1_478' title='bbox 2072 5254 2288 5353; x_wconf 92' lang='lat' dir='ltr'>pium</span> <span class='ocrx_word' id='word_1_479' title='bbox 2321 5253 2526 5327; x_wconf 80' lang='lat' dir='ltr'>vitae.</span> <span class='ocrx_word' id='word_1_480' title='bbox 2561 5252 2712 5327; x_wconf 90' lang='lat' dir='ltr'>Sed</span> <span class='ocrx_word' id='word_1_481' title='bbox 2746 5275 2899 5325; x_wconf 91' lang='lat' dir='ltr'>non</span> <span class='ocrx_word' id='word_1_482' title='bbox 2934 5259 3047 5325; x_wconf 89' lang='lat' dir='ltr'>est</span> <span class='ocrx_word' id='word_1_483' title='bbox 3080 5249 3187 5323; x_wconf 93' lang='lat' dir='ltr'>sic</span> <span class='ocrx_word' id='word_1_484' title='bbox 3228 5249 3306 5322; x_wconf 92' lang='lat' dir='ltr'>in</span> <span class='ocrx_word' id='word_1_485' title='bbox 3348 5272 3620 5347; x_wconf 89' lang='lat' dir='ltr'>propo·</span> 
     </span>
     <span class='ocr_line' id='line_1_100' title="bbox 2074 5366 3622 5469; baseline -0.006 -20"><span class='ocrx_word' id='word_1_486' title='bbox 2074 5374 2218 5450; x_wconf 91' lang='lat' dir='ltr'>sito</span> <span class='ocrx_word' id='word_1_487' title='bbox 2251 5374 2343 5447; x_wconf 83' lang='lat' dir='ltr'>de</span> <span class='ocrx_word' id='word_1_488' title='bbox 2375 5372 2532 5447; x_wconf 83' lang='lat' dir='ltr'>vita</span> <span class='ocrx_word' id='word_1_489' title='bbox 2571 5370 2836 5469; x_wconf 63' lang='lat' dir='ltr'>gratia}</span> <span class='ocrx_word' id='word_1_490' title='bbox 2872 5397 2890 5464; x_wconf 83' lang='lat'>3</span> <span class='ocrx_word' id='word_1_491' title='bbox 2941 5393 3094 5442; x_wconf 91' lang='lat' dir='ltr'>non</span> <span class='ocrx_word' id='word_1_492' title='bbox 3148 5366 3350 5443; x_wconf 89' lang='lat' dir='ltr'>enim</span> <span class='ocrx_word' id='word_1_493' title='bbox 3401 5391 3622 5466; x_wconf 90' lang='lat' dir='ltr'>opor-</span> 
     </span>
     <span class='ocr_line' id='line_1_101' title="bbox 2073 5485 3623 5587; baseline -0.005 -21"><span class='ocrx_word' id='word_1_494' title='bbox 2073 5500 2181 5567; x_wconf 87' lang='lat' dir='ltr'>tet</span> <span class='ocrx_word' id='word_1_495' title='bbox 2238 5490 2331 5566; x_wconf 91' lang='lat' dir='ltr'>ad</span> <span class='ocrx_word' id='word_1_496' title='bbox 2391 5492 2534 5564; x_wconf 91' lang='lat' dir='ltr'>hoc</span> <span class='ocrx_word' id='word_1_497' title='bbox 2603 5488 2808 5587; x_wconf 92' lang='lat' dir='ltr'>quod</span> <span class='ocrx_word' id='word_1_498' title='bbox 2876 5485 3226 5561; x_wconf 86' lang='lat' dir='ltr'>minister</span> <span class='ocrx_word' id='word_1_499' title='bbox 3282 5485 3623 5560; x_wconf 89' lang='lat' dir='ltr'>conferat</span> 
     </span>
    </p>
   </div>
   <div class='ocr_carea' id='block_1_10' title="bbox 2073 5598 3622 5707">
    <p class='ocr_par' dir='ltr' id='par_1_17' title="bbox 2073 5598 3622 5707">
     <span class='ocr_line' id='line_1_102' title="bbox 2073 5598 3622 5707; baseline -0.003 -24"><span class='ocrx_word' id='word_1_500' title='bbox 2073 5606 2586 5707; x_wconf 88' lang='lat' dir='ltr'>Baptismum,</span> <span class='ocrx_word' id='word_1_501' title='bbox 2630 5603 2724 5680; x_wconf 91' lang='lat' dir='ltr'>ad</span> <span class='ocrx_word' id='word_1_502' title='bbox 2786 5627 3015 5703; x_wconf 90' lang='lat' dir='ltr'>quem</span> <span class='ocrx_word' id='word_1_503' title='bbox 3075 5600 3426 5701; x_wconf 87' lang='lat' dir='ltr'>sequitur</span> <span class='ocrx_word' id='word_1_504' title='bbox 3461 5598 3622 5679; x_wconf 79' lang='lat' dir='ltr'>vita</span> 
     </span>
    </p>
   </div>
  </div>
 </body>
</html>
