4295 6326
1515 365 1742 434 DIST.
1791 364 1912 433 Vl.
1966 362 2385 444 QUAESTIO
2433 362 2555 431 Vl.

105 577 416 640 Expumur
469 551 882 640 sumptam,
929 567 1082 641 qua
1121 543 1417 617 habens
1483 538 1831 614 habitum
1875 561 2012 636 po-

106 639 418 755 ῑήξζξξῇξῗ·
468 659 1029 734 testintendere
1054 659 1481 735 secundum
1509 656 1753 749 illum,
1783 665 1866 729 ut
1891 657 2017 728 ha-

468 773 660 849 bens
703 774 930 851 fidem
992 776 1272 850 dicitur
1314 773 1807 849 habitualiter
1850 795 2014 845 cre-

470 892 649 967 dere
683 895 993 990 quando
1022 894 1328 986 dormit,
1366 902 1481 967 est
1512 891 1832 965 intentio
1865 913 2015 963 me-

471 1011 623 1104 dia,
674 1034 849 1109 quae
909 1011 1189 1086 dicitur
1252 1009 1573 1084 intentio
1630 1007 2009 1101 virtualis,

469 1129 913 1227 quiaexilla
937 1129 1306 1204 etvirtute
1331 1127 2015 1224 ejus,suntomnes

470 1257 686 1321 actus
728 1245 885 1339 alii,
922 1269 1117 1343 quos
1148 1255 1450 1321 exercet
1490 1267 1727 1340 agens
1760 1266 1850 1317 ex
1891 1242 2015 1314 in-

469 1362 838 1438 tentione.
876 1362 1095 1437 Unde
1153 1371 1335 1435 tunc
1393 1359 1671 1434 dicitur
1733 1358 2013 1455 aliquis

469 1481 754 1554 habere
780 1479 1282 1555 intentionem
1312 1478 1747 1569 virtualem,
1777 1499 2014 1573 quan-

467 1599 564 1673 do
606 1621 877 1673 omnes
920 1608 1135 1672 actus
1180 1597 1372 1694 ejuS,
1419 1618 1614 1693 quos
1682 1602 2007 1687 exercet,

465 1714 992 1794 fuerintineo
1036 1713 1316 1787 virtute
1385 1711 1714 1807 alicujus
1771 1710 2014 1784 inten-

467 1830 701 1905 tionis
773 1829 1124 1923 actualis,
1156 1828 1371 1928 prius
1421 1828 1730 1920 habitae,
1780 1835 1864 1901 ut
1902 1826 2011 1900 sic

467 1971 707 2044 agens
738 1969 783 2020 a
812 1945 1203 2044 proposito
1236 1944 1534 2018 dicatur
1573 1943 1855 2018 habere
1889 1942 2013 2015 in-

464 2063 885 2138 tentionem
919 2062 1326 2136 virtualem
1370 2069 1719 2158 respectu
1782 2060 2013 2133 alicu-

454 2181 586 2279 jus
652 2179 861 2274 finis,
938 2180 1248 2277 quando
1317 2179 1743 2254 secundum
1830 2201 2006 2252 eum

465 2297 646 2394 agit,
684 2307 757 2372 et
790 2305 1093 2372 exercet
1124 2318 1395 2370 omnes
1445 2304 1661 2369 actus
1710 2294 2008 2369 debitos

460 2413 572 2488 illi
623 2413 788 2507 fini,
836 2423 920 2488 ut
987 2412 1049 2487 si
1102 2412 1631 2487 celebraturus
1688 2410 2000 2483 Missam

460 2530 809 2605 intendat
839 2554 881 2604 a
923 2527 1301 2627 principio
1342 2527 1745 2602 actualiter
1802 2527 2007 2600 cele-

459 2648 683 2722 brare
774 2645 1201 2722 secundum
1295 2643 1523 2717 ritum
1639 2642 2003 2717 Ecclesife

456 2763 858 2853 Romanae,
888 2759 1066 2834 licet
1110 2758 1208 2834 sit
1263 2767 1529 2857 postea
1593 2757 2005 2831 distractus

456 2878 923 2977 aliqualiter.
961 2900 1231 2952 omnes
1272 2886 1528 2950 tamen
1573 2884 1792 2950 actus
1836 2875 2004 2972 ejus

454 2997 657 3071 circa
694 2996 1015 3071 Missam
1063 2994 1604 3070 celebrandam
1649 2992 2006 3067 ordinan-

455 3123 605 3208 tur,
634 3136 725 3188 ex
765 3113 1009 3212 prima
1045 3110 1495 3204 intentione,
1533 3109 1724 3208 quia
1753 3109 2003 3184 virtu-

456 3243 527 3308 te
561 3233 728 3330 ejus
773 3255 1044 3307 omnes
1089 3230 1217 3306 alii
1279 3240 1495 3305 actus
1556 3228 1758 3303 circa
1811 3229 2005 3303 Mis-

456 3375 619 3426 sam
688 3349 1175 3437 ordinantur,
1238 3357 1312 3422 et
1364 3347 1459 3421 ab
1528 3345 1659 3420 illa
1720 3345 2001 3420 virtute

451 3474 1026 3565 processerunt.
1093 3463 1279 3538 Haec
1348 3471 1606 3537 autem
1678 3460 2001 3535 intentio

455 3593 569 3658 est
619 3583 771 3657 alia
826 3582 920 3656 ab
972 3579 1396 3655 intentione
1491 3579 1862 3654 habituali
1931 3588 2006 3653 et

454 3697 760 3773 actuali.
797 3697 912 3771 Ab
956 3695 1359 3788 habituali,
1413 3695 1597 3792 quia
1637 3697 1782 3769 hoc
1840 3696 2005 3769 suf-

450 3814 608 3889 ficit
664 3814 760 3888 ad
802 3821 1205 3912 peccatum
1280 3813 1602 3887 mortale
1662 3813 2003 3886 commit-

452 3932 799 4024 tendum,
837 3939 910 4005 et
949 3954 1145 4028 opus
1190 3928 1668 4003 meritorium
1711 3929 2004 4004 facien-

455 4051 633 4124 dum
676 4077 695 4143 ;
737 4072 895 4123 non
974 4047 1083 4122 sic
1165 4046 1486 4122 intentio
1546 4047 1999 4141 habitualiS,

460 4167 643 4265 quia
673 4190 848 4241 cum
915 4164 1343 4239 intentione
1414 4165 1788 4240 habituali
1854 4189 2005 4240 res·

463 4293 687 4383 pectu
719 4282 1049 4379 alicujus
1076 4291 1291 4356 actus
1336 4290 1481 4356 stat
1531 4282 1736 4379 quod
1787 4292 2004 4358 actus

462 4404 639 4480 talis
679 4401 778 4478 sit
806 4401 1191 4495 fortuitus,
1228 4409 1302 4476 et
1369 4424 1525 4474 non
1580 4401 1999 4496 humanuS,

123 4551 417 4626 in‘quibps
467 4520 664 4595 sicut
695 4518 974 4617 aliquis
1006 4518 1299 4593 habens
1341 4517 1842 4593 intentionem
1877 4521 2007 4594 ha-

130 4617 406 4730 ᾱῖἒῖἑῗῖξῖ,
467 4638 834 4714 bitualem
913 4637 1004 4711 de
1085 4637 1409 4711 sanitate
1486 4637 1999 4735 procuranda,

130 4740 415 4793 h⁰b¹²⁰⁸¹⁵·
465 4763 713 4855 potest
744 4754 889 4829 sibi
932 4762 1242 4852 propter
1297 4752 1636 4851 aliquam
1691 4776 2001 4828 causam

462 4871 777 4946 omnino
828 4869 972 4945 sibi
1014 4869 1609 4967 contingentem,
1656 4878 1736 4943 ut
1776 4895 2006 4969 prop-

462 5000 577 5067 ter
637 4990 905 5064 ludum
974 5012 1312 5083 currere,
1379 5011 1609 5085 quem
1688 5014 2001 5065 cursum

462 5108 603 5185 etsi
690 5131 735 5182 a
810 5130 991 5182 casu
1027 5100 1033 5109 ’
1070 5106 1417 5204 sequitur
1498 5106 1806 5193 sanitas,
1890 5117 2005 5181 est

464 5224 799 5318 fortuita,
860 5224 1033 5298 licet
1083 5221 1587 5299 intentionem
1644 5224 2003 5299 habitua-

459 5346 609 5419 lem
697 5341 1044 5416 sanitatis
1135 5341 1642 5439 procurandae
1702 5342 1998 5437 habuit,

461 5460 642 5558 quia
700 5483 969 5534 cursor
1021 5481 1177 5531 non
1234 5468 1546 5556 propter
1594 5458 1998 5532 sanitatem

460 5577 843 5670 currebat,
899 5575 1030 5651 sed
1126 5582 1436 5672 propter
1514 5574 1810 5669 ludum,
1865 5575 1998 5672 qui

155 1384 393 1434 Intentio

151 1448 398 1499 virtualis

203 1525 343 1576 quae.

3537 356 3665 424 633

2124 535 2453 610 nonfuit
2518 534 2855 610 medium
2909 535 3003 610 ad
3062 532 3496 609 sanitatem.
3554 528 3664 603 Si-

2125 654 2406 728 militer
2445 654 2725 751 aliquis
2795 654 3091 728 habens
3157 651 3660 732 intentionem
3690 657 3977 771 Jiffssffffi

2124 772 2596 846 habitualem
2625 782 2919 847 tantum
2949 772 3039 845 ad
3082 770 3410 845 dandam
3469 769 3663 841 elee·
3692 785 4006 834 merendum

2124 914 2554 989 mosynam,
2601 915 2755 965 non
2830 899 3187 983 meretur,
3234 888 3416 986 quia
3484 895 3663 960 tunc
3690 846 3773 895 ω
3831 860 4011 897 πωω

2123 1007 2515 1082 dormiens
2581 1017 3002 1083 mereretur
3063 1035 3081 1100 ;
3143 1006 3275 1081 sed
3370 1005 3665 1078 habens

2121 1122 2628 1198 intentionem
2707 1124 3106 1197 virtualem
3204 1123 3297 1196 ad
3373 1119 3661 1217 aliquid

2122 1240 2557 1315 faciendum
2621 1240 3035 1336 meritorie,
3080 1239 3442 1314 continue
3501 1258 3668 1310 rne-

2122 1367 2332 1432 retur
2357 1358 2639 1433 virtute
2700 1358 2971 1456 primae
3035 1355 3485 1431 intentionis
3536 1377 3669 1428 ac-

2120 1473 2349 1548 tualis
2384 1474 2694 1566 habitae,
2736 1474 2913 1548 licet
2972 1498 3124 1547 non
3177 1495 3482 1569 semper
3535 1493 3667 1545 ac-

2118 1589 2823 1684 tualiterintendat,
2855 1599 2936 1663 ut
2974 1589 3035 1664 si
3088 1589 3366 1687 aliq-uis
3417 1587 3664 1686 primo

2119 1706 2524 1781 actualiter
2590 1706 2937 1781 intendat
2988 1707 3096 1780 ire
3161 1706 3252 1779 ad
3314 1713 3664 1779 sanctum

2115 1815 2503 1897 Jacobum'
2552 1833 2864 1922 propter
2894 1823 3664 1918 devotionem,quam
3729 1845 3734 1854 ·

2119 1940 2351 2014 habet
2390 1941 2481 2015 ad
2518 1951 2868 2015 sanctum
2896 1940 3299 2028 Jacobum‚
3325 1948 3411 2040 *et
3449 1961 3670 2037 prop-

2116 2066 2284 2154 pter
2314 2067 2630 2154 peccata
2683 2081 2826 2131 sua
2893 2056 3376 2148 remittenda,
3422 2064 3496 2129 et
3534 2078 3666 2130 ac-

2116 2175 2427 2249 tualiter
2467 2185 2702 2274 ponat
2767 2199 2848 2250 se
2928 2175 3002 2248 in
3075 2175 3348 2263 via‚'et
3405 2173 3498 2248 de
3574 2197 3664 2248 eo

2113 2291 2521 2367 actualiter
2571 2292 2920 2388 cogitans
2952 2292 3029 2365 in
3073 2290 3452 2390 principio
3482 2289 3658 2383 viae,

2113 2433 2269 2482 non
2313 2419 2610 2507 oportet
2637 2433 2813 2484 eum
2859 2409 2934 2483 in
2985 2419 3135 2483 toto
3161 2410 3432 2484 itinere
3458 2432 3665 2484 sem-

2112 2549 2252 2623 per
2309 2526 2711 2601 actualiter
2777 2526 3111 2623 cogitare
3219 2526 3310 2600 de
3400 2535 3662 2600 sancto

2113 2644 2430 2720 JacobO.
2501 2646 2871 2721 Similiter
2918 2646 3214 2720 habens
3282 2647 3658 2721 actualem

2114 2762 2625 2837 intentionem
2688 2763 2780 2837 ad
2852 2763 3393 2838 celebrandum
3470 2763 3662 2836 Mis-

2111 2901 2273 2952 sam
2320 2877 2398 2951 in
2441 2877 2844 2976 principiO,
2896 2900 3049 2975 quo
3083 2878 3264 2952 dicit
3310 2901 3325 2952 :
3381 2878 3660 2952 Introi-

2110 2992 2234 3086 bo,
2282 3004 2434 3068 etc.
2483 2993 2623 3068 etsi
2676 2993 2878 3069 circa
2935 2994 3470 3092 Evangelium‚
3533 2996 3650 3068 vel

2109 3112 2347 3189 verba
2387 3111 2990 3188 consecrationis
3049 3112 3146 3189 sit
3213 3112 3646 3207 distractUS,

2109 3241 2184 3306 et
2260 3256 2413 3305 non
2474 3232 2826 3306 intendat
2874 3231 3274 3306 actualiter
3362 3232 3452 3306 de
3532 3231 3652 3304 his
3735 3232 3969 3286 Intentio

2110 3372 2288 3447 quae
2329 3349 2539 3438 dicit,
2577 3349 2995 3424 dummodo
3074 3351 3402 3448 perfecte
3455 3350 3655 3447 dicat
3681 3299 3970 3411 εἶῖἔῖῗιαῗιῗ

2107 3466 2372 3555 verba,
2420 3490 2573 3540 non
2619 3467 2876 3541 minus
2909 3467 3049 3541 rite
3082 3466 3264 3541 dicit
3301 3466 3648 3559 Missam,
3683 3436 3983 3536 saeratffien-

2109 3606 2251 3658 nec
2311 3592 2672 3671 meretur,
2723 3584 2857 3657 sed
2931 3585 3118 3657 forte
3187 3583 3654 3682 quandoque

2111 3699 2357 3795 magis
2408 3708 2720 3797 propter
2786 3700 3323 3797 phantasmata
3364 3700 3651 3797 aliqua,

2109 3841 2154 3891 a
2184 3815 2467 3913 quibus
2525 3825 2783 3914 posset
2832 3816 3150 3891 moveri.
3200 3816 3408 3892 Deus
3448 3820 3653 3892 enim

2111 3956 2261 4006 non
2300 3932 2588 4029 obligat
2620 3932 3012 4006 hominem
3059 3933 3153 4007 ad
3212 3932 3656 4033 impossibi-

2111 4051 2207 4135 le,
2256 4073 2396 4125 nec
2428 4050 2522 4124 ad
2556 4049 2744 4124 illud
2780 4051 2985 4148 quod
3047 4075 3201 4125 non
3236 4061 3351 4128 est
3408 4052 3485 4124 in
3521 4077 3659 4151 po-

2108 4176 2377 4241 testate
2420 4166 2614 4264 ejuS,
2664 4167 2849 4266 quia
2890 4168 3315 4243 secundum
3346 4170 3660 4265 Augus-

2109 4282 2358 4356 tinum
2387 4282 2596 4357 3.,de
2668 4283 2802 4358 lib.
2876 4284 3136 4358 arbitr.
3181 4284 3368 4361 Non
3409 4293 3522 4360 est
3577 4287 3658 4361 in

2100 4405 2472 4499 potestate
2538 4406 2801 4475 nostra
2893 4402 3079 4498 quin
3137 4402 3324 4476 visis
3389 4407 3658 4499 tanqa-

2109 4543 2311 4593 mur.

2211 4643 2540 4718 Intentio
2597 4653 2850 4719 autem
2885 4643 3235 4718 virtualis
3298 4645 3656 4721 habitua-
3804 4653 3871 4718 9.

2113 4761 2285 4834 liter
2350 4759 2634 4834 sufficit
2701 4761 2795 4835 ad
2873 4770 3274 4858 peccatum
3333 4766 3652 4840 mortale
3680 4761 4003 4879 ‹ffiiss’mfflsst

2111 4877 2775 4970 committendum,
2848 4877 3021 4952 licet
3097 4901 3254 4952 non
3350 4841 3901 4979 semperiipecapre
3933 4900 4000 4936 0¹

2113 4992 2488 5067 habeatur
2600 4992 2924 5067 intentio
3036 4993 3381 5069 actualis.
3453 4952 4002 5072 Νᾶωῗὲὲῖἲὲὲὲῗ·

2111 5132 2555 5208 proponens
2635 5111 2755 5184 vel
2844 5108 3253 5184 intendens
3348 5111 3458 5187 ire
3555 5115 3649 5188 ad

2112 5225 2402 5301 bellum
2490 5227 2802 5326 aliquod
2881 5228 2976 5302 ad
3031 5227 3366 5325 aliquem
3445 5231 3653 5305 occi-

2113 5344 2480 5439 dendum,
2526 5347 2646 5418 vel
2690 5345 2783 5419 ad
2817 5344 3023 5420 aliud
3057 5346 3502 5443 hujusmodi
3544 5349 3654 5423 fa-

2109 5458 2332 5534 cinus
2372 5462 2976 5559 procurandum,
3005 5461 3066 5535 si
3109 5461 3182 5535 in
3218 5463 3471 5538 medio
3502 5465 3653 5541 viae

2109 5576 2427 5674 incipiat
2469 5577 2749 5671 furere,
2796 5589 2870 5653 et
2901 5578 3221 5672 occidat,
3259 5580 3474 5655 nulla
3533 5580 3656 5655 in-

3818 923 3925 960 um.
