4295 6326
356 595 592 653 sextum.

325 1958 626 2012 Confirma-

413 2022 511 2075 tio.

325 3030 444 3082 Alia
472 3045 604 3082 con-

329 3093 584 3147 firmatio.

321 4218 474 4270 Ratio
510 4220 580 4271 ad

337 4285 565 4348 opponit.

347 5275 548 5327 Condi-

357 5340 534 5413 tiones

347 5408 542 5454 meriti.

657 400 786 472 380
1993 395 2236 464 LIBRI
2282 394 2408 468 ΠΙ.

759 576 1168 670 Praeterea,
1233 578 1297 651 si
1356 574 1704 649 Christus
1758 570 2001 670 potuit
2033 591 2196 642 me—

655 692 806 768 reri
892 693 969 766 in
1074 694 1320 792 primo
1434 691 1774 783 instanti,
1853 687 2196 784 Angelus

652 809 901 908 potuit
976 833 1293 908 peccare
1362 809 1438 883 in
1537 807 1783 907 primo
1878 801 2193 878 instanti

649 926 1086 1022 creationiS,
1132 926 1332 1025 quod
1372 926 1645 1001 salsum
1697 932 1835 998 est.
1901 923 2194 996 Conse-

649 1043 964 1143 quentia
1005 1054 1238 1143 patet,
1275 1043 1457 1142 quia
1497 1042 1803 1140 eadem-J
1832 1061 2194 1113 mensura

647 1169 1141 1236 mensuratur
1202 1161 1553 1235 meritum
1625 1166 1698 1234 et
1756 1166 2182 1256 peccatum.

648 1279 971 1354 Falsitas
1017 1277 1564 1377 consequentis
1610 1274 1978 1375 probatur
2032 1273 2193 1372 pri-

650 1419 774 1470 mo
856 1394 991 1484 sic,
1101 1394 1286 1493 quia
1364 1393 1425 1467 si
1503 1393 1843 1491 Angelus
1947 1388 2192 1490 potuit

645 1536 963 1613 peccare
997 1512 1073 1586 in
1108 1512 1355 1612 primo
1387 1510 1730 1605 instanti,
1765 1518 1949 1585 tunc
1981 1509 2193 1582 Deus

647 1638 851 1705 esset
918 1651 1152 1705 causa
1223 1628 1403 1703 mali
1480 1636 1555 1702 et
1607 1627 1927 1725 peccati,
2010 1625 2193 1723 quia

651 1746 1026 1844 quidquid
1071 1745 1432 1821 convenit
1490 1741 1791 1820 effectui
1853 1766 1898 1818 a
1940 1742 2190 1842 primo

654 1864 970 1939 instanti
1025 1887 1189 1939 suae
1251 1861 1662 1938 creationis
1710 1869 1785 1935 et
1830 1860 1950 1935 sui
2000 1883 2187 1953 esse,

655 1980 1017 2057 convenit
1081 1979 1227 2055 sibi
1286 2002 1330 2054 a
1395 1979 1583 2053 Deo.
1675 1977 2192 2051 Confirmatur

654 2101 801 2173 hoc
842 2121 978 2197 per
1003 2097 1453 2171 Anselmum
1485 2094 1579 2169 de
1635 2092 2184 2193 Casujdiabolz‘,

650 2213 1094 2289 ubidicitur
1133 2234 1224 2285 ex
1257 2209 1708 2304 intentione,
1778 2209 1982 2307 quod
2040 2213 2193 2283 An-

646 2332 868 2429 gelus
935 2352 1088 2402 non
1158 2336 1406 2426 potest
1487 2326 1768 2401 habere
1853 2326 2189 2424 primurn

642 2447 841 2523 velle
889 2472 934 2523 a
988 2471 1097 2540 se,
1169 2446 1352 2543 quia
1408 2467 1634 2519 omne
1694 2467 2016 2518 movens
2073 2467 2184 2532 se,

645 2565 862 2665 prius
900 2566 1065 2639 vult
1105 2585 1414 2638 movere
1445 2585 1526 2637 se
1559 2584 1787 2660 quam
1830 2571 2128 2636 moveat
2164 2589 2180 2656 3

648 2709 830 2781 ergo
917 2684 983 2758 si
1058 2683 1401 2779 Angelus
1481 2681 1645 2755 vult
1722 2680 2011 2778 aliquid
2105 2680 2183 2753 in

647 2802 896 2902 primo
927 2800 1269 2889 instanti,
1315 2799 1420 2874 ita
1459 2799 1662 2898 quod
1706 2797 1891 2872 illud
1936 2797 2031 2871 sit
2090 2797 2186 2872 ab

648 2919 842 3018 ipso,
905 2937 1087 3015 ergo
1128 2914 1343 3016 prius
1382 2914 1548 2990 vult
1586 2937 1666 2990 se
1716 2914 1912 2989 velle
1961 2913 2181 3009 illud,

648 3047 722 3113 et
752 3036 858 3112 ita
895 3061 1052 3110 non
1093 3043 1209 3111 est
1238 3033 1572 3133 primum
1617 3029 1838 3107 velle.
1908 3034 1997 3107 Et
2055 3032 2188 3107 ite·

648 3179 817 3230 rum
860 3152 1152 3231 falsitas
1208 3148 1756 3251 consequentis
1817 3150 2187 3249 probatur

644 3270 985 3346 secundo
1018 3269 1179 3344 sic:
1245 3270 1328 3342 In
1385 3268 1634 3367 primo
1689 3267 2007 3343 instanti
2049 3267 2187 3342 fuit

641 3396 895 3462 motus
936 3385 1310 3461 naturalis
1342 3394 1622 3478 rectuS,
1668 3385 1799 3482 qui
1849 3408 2185 3484 praeces-

639 3505 736 3580 sit
780 3513 1069 3578 motum
1130 3503 1457 3577 liberum
1510 3503 1780 3577 saltem
1850 3511 2178 3596 natura3

637 3622 769 3697 sed
855 3628 1107 3694 motus
1206 3617 1581 3693 naturalis
1676 3627 1930 3694 rectus
2023 3642 2179 3694 non

637 3735 1098 3833 compatitur
1128 3756 1389 3809 secum
1441 3743 1730 3808 motum
1781 3733 2182 3808 inordina-

636 3861 798 3926 tum
847 3852 1230 3945 liberum3
1285 3873 1467 3946 ergo
1525 3873 1680 3924 non
1732 3849 1979 3948 potuit
2019 3853 2181 3924 An-

638 3972 860 4068 gelus
891 3969 965 4042 in
1004 3967 1250 4068 primo
1291 3966 1606 4042 instanti
1647 3989 1990 4067 peccare.

740 4087 1050 4180 Contra,
1097 4083 1172 4158 in
1223 4082 1472 4183 primo
1532 4083 1846 4159 instanti
1899 4084 1978 4159 in
2025 4107 2180 4183 quo

641 4203 782 4279 fuit
840 4203 1111 4297 viator,
1172 4199 1443 4277 habuit
1491 4200 1955 4300 principium
2033 4226 2182 4278 me-

640 4322 886 4416 rendi,
937 4320 1227 4397 scilicet
1274 4319 1625 4418 gratiam,
1680 4328 1754 4394 et
1829 4344 1981 4395 non
2042 4321 2180 4396 fuit

637 4439 1106 4538 impeditus;
1171 4461 1382 4534 ergo,
1449 4447 1590 4513 etc.
1665 4436 2181 4513 Confirmatur

635 4582 773 4657 per
796 4556 1316 4653 Augustinum
1350 4555 1421 4628 6.
1480 4554 1573 4630 de
1619 4555 1832 4630 Trin.
1897 4580 2062 4653 cap.
2121 4583 2174 4631 1.

635 4677 699 4751 si
741 4674 944 4772 ignis
982 4674 1243 4749 suisset
1284 4674 1381 4748 ab
1432 4683 1751 4767 aeterno,
1814 4675 2180 4772 splendor

637 4795 907 4868 fuisset
949 4814 1286 4884 coaevus,
1358 4791 1463 4865 ita
1529 4791 1736 4887 quod
1792 4791 1870 4864 in
1932 4791 2178 4888 primo

639 4909 953 4985 instanti
987 4910 1061 4984 in
1124 4933 1279 5006 quo
1335 4908 1475 4982 tuit
1533 4907 1760 5002 ignis,
1815 4909 2181 5006 splendor

639 5028 1213 5104 diffundebatur
1244 5035 1317 5102 et
1358 5026 1820 5101 causabatur
1871 5027 1964 5101 ab
2029 5051 2118 5102 eo
2157 5056 2176 5121 3

641 5169 823 5241 ergo
856 5142 1208 5219 similiter
1263 5141 1336 5215 in
1404 5142 1649 5239 primo
1717 5141 2032 5216 instanti
2099 5142 2178 5217 in

641 5287 795 5362 quo
837 5261 974 5336 fuit
1017 5261 1375 5334 voluntas
1415 5259 1720 5332 Christi.
1768 5260 1858 5333 Et
1893 5261 2034 5334 hoc
2070 5269 2184 5334 est

638 5383 748 5458 sic
793 5400 1145 5476 arguere,
1215 5386 1287 5452 ct
1336 5376 1642 5475 planius
1689 5401 1703 5451 :
1767 5377 1878 5450 Ad
1925 5385 2178 5451 actum

641 5497 1116 5575 meritorium
1194 5495 1474 5570 sufficit
1546 5495 1913 5593 potentia,
2006 5519 2181 5593 quae

637 5626 889 5721 potest
923 5615 1224 5705 mereri,
1271 5623 1344 5690 et
1396 5613 1796 5715 dispositio
1847 5612 2184 5713 gratuita

2304 566 2380 641 in
2416 568 2782 666 potentia,
2819 570 3253 667 cujusmodi
3287 582 3402 648 est
3436 572 3708 669 gratia,
3777 582 3852 647 et

2301 685 2715 782 praesentia
2753 687 3025 783 objecti
3072 713 3206 785 per
3236 688 3734 777 intellectum,
3774 699 3847 764 et

2303 825 2490 875 usus
2560 803 2920 899 potentiae
2979 805 3182 879 circa
3266 807 3480 881 illud.
3567 805 3841 881 Omnia
3880 808 4002 921 'gg
4031 809 4153 923 {¹⁰5

2300 915 2444 993 ista
2518 919 2828 993 fuerunt
2894 919 2970 992 in
3034 921 3331 996 Christo
3400 923 3646 1022 primo
3715 923 3839 995 in-
3914 910 4175 1001 5.q.‘2.'

2300 1034 2556 1129 stanti,
2619 1036 2889 1132 gratia,
2953 1037 3332 1134 obJ'ectum
3404 1043 3842 1139 apprehen-

2299 1174 2500 1245 sum,
2535 1160 2608 1226 et
2667 1175 2855 1227 usus
2912 1155 3300 1251 potentiae.
3370 1155 3480 1232 De
3537 1157 3841 1232 duobus

2298 1276 2589 1342 certum
2625 1278 2736 1343 est
2772 1297 2791 1363 ;
2836 1271 2928 1345 de
2968 1272 3220 1365 tertio,
3265 1272 3468 1370 quod
3504 1273 3845 1372 potentia

2297 1394 2547 1483 potest
2604 1388 2714 1460 uti
2775 1388 3019 1484 gratia
3081 1390 3459 1464 eliciendo
3552 1400 3837 1483 actum,

2298 1511 2503 1600 patet
2560 1504 2991 1580 secundum
3061 1507 3579 1603 Augustinum
3652 1508 3845 1582 cita-

2296 1628 2457 1693 tum
2508 1644 2524 1695 :
2573 1618 2965 1719 Splendor
2988 1623 3291 1719 qenilus
3322 1622 3412 1698 ab
3447 1624 3622 1721 ique
3655 1631 3847 1699 esset

2294 1742 2655 1829 aeternae,
2689 1738 2761 1811 3ἰ
2790 1738 2988 1835 iynis
3020 1745 3210 1814 esset
3235 1747 3571 1814 aeternus
3601 1768 3619 1833 ;
3656 1764 3840 1837 ergo

2297 1874 2420 1936 res
2462 1861 2535 1925 et
2601 1853 2943 1952 operatio
3012 1877 3152 1928 sua
3220 1865 3544 1953 possunt
3610 1855 3839 1930 simul

2297 1993 2464 2045 esse
2498 1996 2636 2070 pro
2667 1995 3159 2070 quocumque
3200 1973 3541 2049 instanti.

2843 2246 3200 2304 SCHOLIUM
3243 2248 3282 2304 Ι.

2367 2400 2533 2457 Ponit
2567 2400 2754 2473 primo
2802 2401 3245 2473 descriptionem
3297 2402 3503 2457 meriti.
3547 2405 3838 2470 Secundo,

2295 2488 2586 2546 Christum
2622 2490 2909 2547 meruisse
2939 2507 3036 2562 per
3068 2501 3259 2547 actum
3300 2490 3639 2560 voluntatis,
3689 2503 3739 2549 et
3772 2511 3839 2549 ex

2294 2580 2600 2637 affectione
2626 2580 2891 2652 justitiae,
2943 2597 3058 2636 non
3105 2582 3438 2651 commodi3
3487 2587 3544 2639 et
3591 2581 3838 2653 explicat

2292 2668 2398 2725 bas
2430 2669 2785 2732 affectiones.
2820 2669 2891 2725 de
2913 2684 3026 2741 quo
3058 2670 3115 2724 in
3135 2669 3317 2726 Oxon.
3351 2674 3404 2727 P.
3439 2671 3496 2729 d.
3528 2673 3583 2727 6.
3630 2681 3832 2743 quaest.

2290 2759 2344 2813 2.
2377 2758 2590 2826 Tertio,
2624 2759 2913 2830 quomodo
2943 2760 3207 2816 Christus
3256 2761 3423 2833 (quia
3469 2762 3578 2816 suit
3624 2778 3836 2818 secun·

2294 2849 2438 2905 dum
2469 2864 2688 2921 corpus
2720 2849 2924 2920 viator)
2970 2849 3152 2921 potuit
3205 2849 3402 2923 aliqua
3457 2851 3604 2907 velle
3634 2858 3838 2909 contra

2290 2938 2648 2995 affectionem
2680 2938 2999 3010 commodi,
3031 2939 3181 3010 quod
3213 2938 3310 2995 alii
3335 2940 3493 2997 Beati
3514 2948 3831 3014 nequeunt.

2291 3028 2713 3101 Quarto,'quoi
2749 3028 2988 3102 meruitj
3010 3045 3109 3103 per
3149 3036 3312 3086 actus
3353 3031 3641 3104 portionis
3684 3031 3829 3089 inse·

2292 3115 2485 3186 riorie,
2536 3115 2592 3172 id
2644 3121 2755 3182 est,
2807 3116 2906 3188 qui
2958 3120 3095 3175 sunt
3135 3117 3282 3175 circa
3330 3134 3397 3175 ca
3427 3135 3556 3191 quae
3586 3121 3829 3178 suntad

2292 3204 2488 3273 finem,
2521 3207 2594 3261 de
2633 3204 2850 3278 quibus
2880 3221 3058 3277 supra
3085 3207 3219 3264 dist.
3256 3208 3343 3263 15.
3370 3214 3429 3264 ct
3453 3211 3507 3263 2.
3568 3209 3705 3266 diet.
3738 3210 3827 3266 24.

2390 3384 2472 3458 In
2508 3384 2654 3459 ista
2680 3384 3106 3481 quaestione
3132 3385 3378 3484 primo
3410 3386 3828 3461 videndum
3986 3412 4057 3483 4,

2290 3513 2403 3579 est
2446 3502 2830 3601 quomodo
2878 3502 3227 3577 Christus
3275 3503 3619 3578 meruit?
3667 3505 3834 3580 Dir-

2288 3619 2487 3694 ficile
2556 3629 2808 3693 tamen
2880 3618 3185 3692 videtur
3242 3642 3466 3719 posse
3546 3622 3830 3697 salvari

2290 3738 2493 3836 quod
2529 3736 2834 3828 meruit,
2883 3759 3057 3811 cum
3123 3738 3347 3813 fuerit
3405 3739 3705 3835 beatuS,
3758 3751 3835 3817 et

2288 3853 2734 3954 perfectioni
2778 3856 3259 3952 conjunctus.
3319 3854 3396 3931 Si
3445 3857 3651 3931 enim
3706 3882 3833 3935 se·-

2289 3971 2626 4046 cundum
2695 3972 3167 4046 voluntatem
3251 3972 3328 4045 in
3389 3973 3635 4071 primo
3705 3975 3835 4050 in-

2289 4087 2547 4182 stanti,
2589 4089 2713 4162 vel
2756 4087 2829 4160 in
2877 4087 3135 4187 aliquo
3169 4088 3320 4163 alio
3364 4101 3624 4189 posset
3681 4116 3833 4170 me·

2287 4205 2465 4300 reri,
2586 4204 2888 4280 videtur
2971 4206 3175 4305 quod
3273 4206 3403 4281 alii
3514 4221 3832 4307 possent

2287 4321 2564 4398 mereri
2618 4322 2696 4394 in
2766 4320 3183 4417 infinitum,
3247 4332 3317 4397 et
3389 4324 3495 4399 ita
3560 4350 3828 4403 eorum

2289 4439 2692 4539 praemium
2730 4461 3130 4536 nunquam
3172 4463 3392 4515 suam
3432 4441 3827 4541 perfectio-

2291 4580 2466 4631 nem
2509 4554 2850 4630 haberet.

2388 4674 2536 4749 Sed
2594 4683 2851 4747 tamen
2928 4671 3004 4745 in
3074 4671 3343 4770 primis
3402 4674 3821 4752 videndum
3863 4693 4190 4766 mortuae-

2286 4792 2469 4891 quid
2548 4792 2644 4866 sit
2733 4789 3115 4864 meritum.
3216 4792 3308 4866 Et
3381 4792 3551 4867 dico
3618 4795 3824 4892 quod
3892 4760 4140 4821 sompno.

2286 4907 2645 4982 meritum
2713 4912 2822 4980 est
2868 4905 3169 4997 aliquid
3229 4915 3642 5006 acceptum,
3708 4912 3837 4988 vel

2286 5023 2837 5122 acceptandum
2907 5023 2987 5096 in
3072 5022 3226 5097 alio
3285 5047 3433 5120 pro
3513 5051 3657 5124 quo
3737 5030 3828 5105 ab

2288 5148 2724 5240 acceptante
2757 5147 2869 5215 est
2894 5139 3198 5237 aliquid
3251 5143 3832 5222 retribuendum

2288 5260 2437 5354 illi,
2483 5260 2565 5333 in
2597 5282 2741 5356 quo
2776 5256 3079 5356 aliquid
3113 5264 3570 5356 acceptatur,
3619 5266 3842 5361 quasi

2288 5376 2626 5453 debitum
2659 5374 2784 5450 illi
2811 5398 2959 5474 pro
3011 5400 3148 5450 suo
3209 5377 3480 5452 merito
3539 5380 3666 5454 vel
3718 5380 3838 5457 al-

2289 5497 2439 5570 leri
2486 5518 2631 5593 pro
2666 5518 2811 5593 quo
2853 5494 3160 5567 meruit.
3224 5496 3314 5568 Et
3366 5504 3550 5571 tunc
3604 5499 3840 5572 meri-

2289 5623 2450 5688 tum
2487 5632 2792 5711 semper
2828 5608 3011 5683 dicit
3069 5618 3353 5706 actum,
3408 5611 3539 5709 qui
3592 5622 3705 5688 est
3754 5614 3834 5688 in
