4295 6326
1372 458 1599 528 DIST.
1649 456 1839 527 XIII.
1893 455 2311 536 QUAESTIO
2360 459 2389 526 1
2436 455 2545 525 ET
2592 455 2679 524 11.

3519 452 3641 521 331

1172 988 2323 1143 DISTINCTIO
2442 987 2872 1140 XIII.

967 1640 1371 1720 QUAESTlO
1421 1642 1471 1707 1.
1531 1648 1542 1660 ‘

450 1810 694 1877 Utrum
758 1810 1092 1896 possibile
1149 1811 1299 1897 suit
1359 1810 1670 1895 conferri
1730 1810 1984 1875 am'mae

533 1916 796 1986 Christi
848 1938 1196 1986 summam
1250 1920 1554 2006 qratiam
1603 1918 1982 2004 confere‘bi-

532 2027 665 2094 lem
695 2025 1080 2096 crealurae?

438 2220 637 2278 Alens.
671 2222 724 2278 3.
756 2238 808 2292 p.

514 2294 570 2349 9.
603 2299 651 2349 et
675 2292 766 2348 hic
796 2308 849 2364 q.
880 2293 935 2350 3.
969 2296 1077 2348 art.
1102 2296 1156 2347 2.
1192 2297 1254 2348 D.
1286 2293 1491 2350 Bonav.
1531 2310 1586 2349 a.
1620 2310 1659 2348 ι.

512 2364 712 2422 chard.
757 2382 809 2420 a.
843 2380 882 2421 ι.
917 2381 968 2437 q.
1001 2365 1055 2419 3.
1089 2364 1352 2421 Durand.
1385 2372 1583 2436 quaest.
1615 2367 1670 2421 2.
1704 2365 1884 2421 Gabr.
1929 2381 1981 2437 q.

510 2454 549 2494 1.
584 2437 786 2512 Palud,
821 2453 873 2508 q.
906 2453 946 2493 1.
981 2436 1166 2506 Major
1228 2453 1281 2512 q.
1313 2437 1365 2491 3.
1410 2436 1578 2493 Suar.
1612 2444 1740 2492 tom.
1774 2454 1813 2492 1.
1840 2437 1893 2491 3.
1927 2454 1983 2508 p.

508 2509 563 2564 d.
595 2508 687 2563 22.
721 2519 852 2564 sect.
885 2509 941 2563 2.
974 2504 1158 2579 Vasq.
1188 2507 1243 2563 d.
1295 2508 1379 2564 45.
1424 2515 1476 2564 et
1524 2508 1612 2563 47.
1646 2508 1781 2564 Vide
1829 2512 1982 2564 Scot.

509 2582 564 2634 2.
595 2580 830 2651 Metapa·
884 2596 936 2650 q.
988 2578 1100 2635 ult.
1145 2583 1197 2636 et
1247 2597 1286 2635 1.
1339 2578 1564 2651 Physic.
1615 2595 1667 2652 q.
1720 2581 1809 2634 12.
1842 2587 1893 2636 et
1921 2581 1985 2636 in

513 2651 688 2709 oxon.
719 2652 810 2708 hic
839 2656 1040 2724 quaest.
1090 2666 1131 2708 1.

847 2238 897 2294 q.
935 2221 1019 2277 12.
1053 2238 1111 2276 n.
1144 2222 1199 2275 2.
1236 2226 1299 2276 D.
1333 2220 1540 2277 Thom.
1575 2222 1629 2277 3.
1659 2237 1714 2293 p.
1749 2239 1812 2348 q3
1831 2224 1982 2348 {Rc-1.

1690 2312 1741 2365 q.
1819 2333 1832 2347 .
1936 2309 1983 2347 1-

232 2853 307 2917 1,
540 2825 758 2914 Quod
828 2848 1014 2920 non,
1070 2823 1254 2922 quia
1311 2833 1598 2922 quanto
1675 2825 1986 2900 habitus

85 2969 409 3040 Argument.
440 2940 871 3042 perfectior,
904 2951 1116 3016 tanto
1175 2950 1390 3018 actus
1429 2941 1862 3040 perfectior,
1913 2950 1985 3017 et

120 3045 377 3097 pomum.
441 3067 732 3156 quanto
761 3069 976 3133 actus
1007 3057 1437 3157 perfectior,
1475 3067 1684 3132 tanto
1724 3057 1985 3133 inten-

442 3176 551 3250 dit
622 3175 1014 3269 habitum3
1072 3176 1308 3273 igitur
1364 3185 1653 3273 quanto
1726 3175 1985 3251 anima

443 3294 724 3370 Christi
779 3295 1094 3370 haberet
1121 3305 1374 3370 actum
1416 3294 1979 3393 perfectiorem,

443 3425 654 3490 tanto
680 3414 823 3489 erit
847 3414 1153 3489 habitus
1194 3412 1703 3507 intensibilis3
1749 3412 1986 3510 igitur

445 3555 602 3605 nou
676 3541 932 3631 potest
988 3530 1315 3606 conferri
1373 3529 1653 3605 animae
1702 3529 1984 3603 Christi

450 3657 663 3723 tanta
709 3649 979 3746 gratia,
1043 3648 1230 3747 quin
1275 3648 1518 3746 major
1556 3656 1757 3723 esset
1797 3671 1987 3721 con-

447 3765 791 3840 feribilis.

544 3883 759 3970 Item,
805 3883 875 3954 2.
920 3881 1014 3955 de
1066 3881 1400 3956 Anima:
1438 3880 1646 3977 Ignis
1686 3902 1986 3955 cresce-

445 4008 561 4072 ret
623 3999 700 4071 in
780 3997 1201 4092 infinitum,
1275 3998 1338 4071 si
1415 4007 1989 4096 apponerentur

445 4118 1056 4212 combustibilia3
1139 4117 1373 4214 igitur
1447 4116 1611 4215 pari
1691 4116 1984 4192 ratione

448 4238 783 4313 charitas
845 4246 1099 4312 creata
1175 4244 1421 4334 potest
1491 4257 1836 4309 crescere
1903 4236 1980 4308 in

443 4354 862 4449 infinitum,
899 4377 1073 4430 cum
1107 4377 1412 4452 semper
1450 4353 1826 4428 habeatur
1856 4353 1983 4427 ob-

428 4474 722 4572 jectum
755 4472 1157 4548 excedens.

535 4592 753 4683 Item,
865 4589 1104 4685 major
1206 4587 1566 4687 perfectio
1660 4586 1981 4685 requirit

436 4708 689 4806 majus
772 4705 1291 4805 perfectibile;
1366 4705 1603 4801 igitur
1679 4728 1984 4779 summa

435 4825 683 4922 gratia
712 4835 994 4918 creata,
1041 4832 1203 4898 esto
1260 4821 1463 4920 quod
1533 4830 1760 4916 esset,
1823 4845 1979 4896 non

434 4950 696 5040 posset
763 4940 1000 5038 recipi
1073 4939 1222 5013 nisi
1263 4939 1341 5012 in
1401 4962 1763 5036 supremo
1803 4961 1981 5036 per-

434 5056 746 5132 fectibili
789 5081 834 5130 a
864 5056 1156 5153 gratia;
1193 5054 1427 5151 igitur
1465 5078 1641 5128 cum
1701 5062 1978 5128 natura

433 5172 707 5268 Angeli
767 5172 864 5246 sit
902 5180 1178 5246 natura
1217 5170 1595 5268 superior,
1638 5169 1807 5267 ipsa
1863 5178 1978 5245 est

438 5287 933 5388 perfectibilis
978 5287 1242 5384 majori
1284 5286 1553 5383 gratia.

538 5404 757 5497 Item,
819 5404 1006 5477 ordo
1064 5402 1482 5478 attenditur
1546 5402 1972 5477 secundum

439 5518 885 5595 influentias
917 5518 1335 5618 superioris
1385 5518 1478 5593 ad
1519 5518 1866 5612 inferius,
1904 5528 1977 5593 et

437 5660 594 5712 non
638 5659 677 5711 e
719 5645 1025 5732 contra3
1059 5635 1295 5733 igitur
1349 5634 1537 5708 illud
1597 5634 1801 5732 quod
1862 5644 1976 5709 est

147 3904 353 3953 Secun-

185 3968 329 4017 dum.

95 4647 367 4698 Tertium.

91 5458 376 5517 Quartum.

2092 1427 2415 1502 inferius
2482 1426 2560 1500 in
2629 1434 2933 1517 natura,
2993 1448 3148 1500 non
3212 1429 3462 1521 potest
3517 1421 3643 1494 in-

2093 1543 2335 1620 fluere
2402 1544 2479 1617 in
2564 1543 2922 1642 superius
2991 1542 3069 1615 in
3139 1537 3636 1631 Hierarchia3

2095 1662 2228 1739 sed
2271 1661 2332 1737 si
2388 1661 2646 1736 anima
2685 1659 2965 1735 Christi
3041 1659 3360 1734 haberet
3424 1678 3641 1730 sum-

2098 1802 2298 1853 mam
2370 1778 2723 1876 gratiam,
2767 1778 2935 1877 ipsa
2993 1775 3342 1851 influeret
3382 1773 3459 1847 in
3495 1795 3642 1847 na-

2097 1904 2309 1971 turas
2340 1896 2772 1993 AngelicaS.

2196 2013 2677 2111 Oppositum,
2722 2011 2979 2086 anima
3009 2008 3285 2084 Christi
3327 2006 3468 2080 fuit
3508 2028 3641 2079 ca-

2096 2151 2244 2226 pax
2284 2129 2492 2202 illius
2544 2128 2881 2221 unionis,
2926 2127 3004 2200 in
3039 2150 3193 2224 qua
3240 2124 3382 2199 fuit
3421 2145 3642 2197 sum-

2097 2268 2224 2319 ma
2263 2246 2508 2342 gratia
2545 2247 2845 2338 collata,
2881 2244 3307 2319 secundum
3339 2245 3641 2339 Augus-

2101 2361 2344 2436 tinum
2388 2361 2503 2436 13.
2541 2362 2635 2436 de
2671 2361 2885 2436 Trin.
2933 2361 3195 2458 cap.9.

3710 2038 3922 2092 contra.

2605 2720 3007 2798 QUAESTIO
3057 2710 3141 2786 11.

2101 2888 2348 2953 Utrum
2386 2904 2656 2954 summa
2694 2886 2923 2973 qratia
2963 2885 3052 2954 sit
3089 2887 3338 2954 collata
3389 2884 3641 2954 animae

2716 2995 3043 3062 Christi?

2097 3185 2286 3242 Alone.
2314 3185 2368 3240 3.
2400 3201 2458 3253 p.
2491 3202 2543 3257 q.
2575 3186 2661 3242 12.
2694 3202 2747 3241 a.
2777 3185 2832 3242 3.
2865 3191 2931 3242 D.
2964 3185 3173 3242 Thom.
3204 3186 3257 3241 3.
3290 3203 3345 3258 p.
3378 3204 3429 3258 q.
3481 3187 3535 3244 6.
3587 3204 3640 3243 n.

2168 3259 2256 3312 11.
2305 3263 2359 3313 et
2402 3256 2489 3312 hic
2534 3273 2586 3329 q.
2646 3275 2686 3313 1.
2738 3262 2845 3315 art.
2895 3259 2947 3312 2.
2999 3257 3066 3314 D.
3100 3262 3308 3314 Bonav.
3339 3275 3392 3313 a.
3428 3274 3466 3312 1.
3498 3274 3550 3329 q.
3582 3259 3619 3314 2

2170 3327 2448 3385 Richard.
2483 3346 2544 3384 a.
2579 3347 2615 3384 ι.
2646 3346 2698 3399 q.
2731 3332 2783 3384 2.
2817 3329 2990 3385 Gabr.
3023 3334 3215 3402 quaest.
3270 3346 3310 3386 1.
3361 3330 3531 3386 Suar.
3582 3302 3638 3386 3:

2165 3417 2220 3470 p.
2254 3406 2389 3456 tom.
2442 3417 2482 3454 1.
2523 3400 2576 3456 d.
2623 3401 2715 3455 22.
2766 3409 2898 3458 scol.
2942 3401 2998 3456 2.
3049 3400 3222 3472 Vasq.
3252 3403 3307 3457 d.
3339 3401 3428 3457 46.
3462 3407 3515 3457 et
3547 3401 3636 3458 47.

2168 3471 2322 3528 Soot.
2355 3474 2417 3527 in
2446 3471 2621 3529 oxon.
2646 3473 2753 3530 hic.

2197 3650 2416 3737 Quod
2447 3650 3139 3748 non,Augustinus
3174 3650 3290 3724 13.
3340 3652 3431 3726 de
3471 3651 3641 3724 Tri-
3803 3689 3868 3754 2·

2097 3767 2236 3841 nit.
2311 3791 2475 3866 cap.
2539 3767 2608 3840 5.
2681 3768 2970 3842 Beatus
3036 3774 3170 3861 est,
3232 3768 3367 3866 qai
3418 3767 3645 3844 habet
3669 3804 3744 3854 Α,
3784 3805 3989 3856 ument.

2098 3884 2477 3982 quidquid
2488 3882 2674 3978 vult,
2701 3890 2775 3958 et
2793 3883 2997 3958 nihil
3011 3882 3204 3957 mali
3221 3882 3409 3978 vult,
3433 3886 3637 3982 quod
3702 3881 3763 3932 θ’
3789 3879 3953 3916 mum.

2097 4024 2253 4075 non
2349 4008 2462 4075 est
2550 3999 3166 4098 intelligendum,
3262 4001 3637 4099 quidquid

2096 4120 2262 4193 vult
2324 4127 2494 4193 actu
2572 4119 2853 4212 solum,
2937 4118 3119 4215 quia
3195 4117 3304 4194 sic
3381 4129 3640 4217 posset

2081 4236 2342 4330 ,viator
2390 4259 2559 4311 esse
2609 4236 2907 4330 beatuS,
2962 4236 3095 4310 sed
3155 4235 3338 4334 quia
3404 4236 3636 4311 habet

2095 4352 2469 4450 quidquid
2529 4361 2776 4451 potest
2831 4353 3058 4446 velle,
3122 4360 3196 4426 et
3249 4354 3394 4426 hoc
3437 4360 3639 4428 recte

2092 4467 2317 4541 velle.
2366 4466 2518 4541 Sed
2567 4468 2911 4563 Angelus
2942 4475 3191 4564 potest
3231 4468 3429 4542 velle
3476 4491 3642 4542 ma-

2084 4583 2333 4681 jorem
2377 4583 2699 4681 gratiam
2749 4605 2982 4680 quam
3024 4583 3286 4658 anima
3326 4583 3635 4677 Christi,

2095 4699 2279 4800 quia
2345 4698 2771 4775 secundum
2840 4722 2922 4774 se
3009 4707 3123 4774 est
3204 4697 3640 4797 receptivus

2095 4816 2410 4913 majoris
2450 4816 2745 4913 gratiae,
2805 4839 2981 4889 cum
3023 4815 3121 4890 sit
3169 4824 3447 4890 natura
3496 4839 3642 4890 no-

2093 4935 2323 5009 bilior
2356 4992 2374 5028 ,
2457 4934 2692 5030 igitur
2764 4934 3107 5029 Angelus
3200 4956 3356 5007 non
3438 4943 3641 5008 esset

2094 5051 2392 5144 beatus,
2440 5051 2585 5124 nisi
2639 5050 2948 5124 haberet
2992 5050 3360 5146 majorem
3402 5071 3634 5146 quam

2094 5166 2354 5241 anima
2384 5165 2688 5239 Christi.

2192 5282 2407 5371 Item,
2498 5304 2650 5354 non
2734 5287 3032 5377 oportet
3102 5279 3284 5353 dare
3353 5278 3633 5353 animae
3725 5294 3922 5344 secun-

2091 5397 2373 5472 Christi
2409 5396 2777 5493 majorem
2812 5395 3162 5493 gratiam,
3208 5416 3440 5491 quam
3485 5395 3628 5468 sibi
3752 5359 3899 5412 ‘¹⁰³¹'

2090 5513 2373 5589 sufficit
2413 5513 2508 5587 ad
2578 5514 2721 5585 hoc
2789 5511 2994 5609 quod
3058 5510 3155 5585 sit
3212 5510 3315 5583 ita
3375 5510 3624 5604 beata,

2090 5632 2288 5707 sicut
2320 5639 2434 5706 est
2466 5640 2641 5729 apta
2680 5639 2859 5706 nata
2884 5658 2902 5725 3
2943 5628 3078 5706 sed
3119 5627 3372 5703 minor
3392 5650 3623 5727 quam
