<?xml version="1.0" encoding="UTF-8"?>
<!DOCTYPE html PUBLIC "-//W3C//DTD XHTML 1.0 Transitional//EN"
    "http://www.w3.org/TR/xhtml1/DTD/xhtml1-transitional.dtd">
<html xmlns="http://www.w3.org/1999/xhtml" xml:lang="en" lang="en">
 <head>
  <title>
</title>
<meta http-equiv="Content-Type" content="text/html;charset=utf-8" />
  <meta name='ocr-system' content='tesseract 3.04.00' />
  <meta name='ocr-capabilities' content='ocr_page ocr_carea ocr_par ocr_line ocrx_word'/>
</head>
<body>
  <div class='ocr_page' id='page_1' title='image "./joannisdunsscot00waddgoog_0648.png"; bbox 0 0 4295 6326; ppageno 0'>
   <div class='ocr_carea' id='block_1_1' title="bbox 351 3294 622 3662">
    <p class='ocr_par' dir='ltr' id='par_1_1' title="bbox 351 3294 622 3662">
     <span class='ocr_line' id='line_1_1' title="bbox 368 3294 588 3359; baseline -0.005 -14"><span class='ocrx_word' id='word_1_1' title='bbox 368 3294 452 3345; x_wconf 86' lang='lat' dir='ltr'>Ad</span> <span class='ocrx_word' id='word_1_2' title='bbox 483 3295 588 3359; x_wconf 85' lang='lat' dir='ltr'>pri-</span> 
     </span>
     <span class='ocr_line' id='line_1_2' title="bbox 351 3371 622 3408; baseline -0.004 0"><span class='ocrx_word' id='word_1_3' title='bbox 351 3372 498 3408; x_wconf 89' lang='lat' dir='ltr'>mum</span> <span class='ocrx_word' id='word_1_4' title='bbox 531 3371 622 3408; x_wconf 87' lang='lat' dir='ltr'>ar-</span> 
     </span>
     <span class='ocr_line' id='line_1_3' title="bbox 385 3425 609 3486; baseline 0 -16"><span class='ocrx_word' id='word_1_5' title='bbox 385 3425 609 3486; x_wconf 87' lang='lat' dir='ltr'>gument.</span> 
     </span>
     <span class='ocr_line' id='line_1_4' title="bbox 364 3483 616 3534; baseline 0.004 -1"><span class='ocrx_word' id='word_1_6' title='bbox 364 3483 616 3534; x_wconf 79' lang='lat' dir='ltr'>secundae</span> 
     </span>
     <span class='ocr_line' id='line_1_5' title="bbox 364 3547 622 3612; baseline 0 -16"><span class='ocrx_word' id='word_1_7' title='bbox 364 3547 622 3612; x_wconf 79' lang='lat' dir='ltr'>quaestio-</span> 
     </span>
     <span class='ocr_line' id='line_1_6' title="bbox 434 3611 536 3662; baseline 0.02 -2"><span class='ocrx_word' id='word_1_8' title='bbox 434 3611 536 3662; x_wconf 84' lang='lat' dir='ltr'>nis.</span> 
     </span>
    </p>
   </div>
   <div class='ocr_carea' id='block_1_2' title="bbox 313 4095 634 4781">
    <p class='ocr_par' dir='ltr' id='par_1_2' title="bbox 313 4095 634 4781">
     <span class='ocr_line' id='line_1_7' title="bbox 337 4095 621 4150; baseline 0.021 -5"><span class='ocrx_word' id='word_1_9' title='bbox 337 4095 419 4146; x_wconf 86' lang='lat' dir='ltr'>Ad</span> <span class='ocrx_word' id='word_1_10' title='bbox 434 4110 621 4150; x_wconf 84' lang='lat' dir='ltr'>secun-</span> 
     </span>
     <span class='ocr_line' id='line_1_8' title="bbox 409 4160 557 4212; baseline 0.027 -3"><span class='ocrx_word' id='word_1_11' title='bbox 409 4160 557 4212; x_wconf 89' lang='lat' dir='ltr'>dum.</span> 
     </span>
     <span class='ocr_line' id='line_1_9' title="bbox 336 4222 611 4283; baseline 0.022 -12"><span class='ocrx_word' id='word_1_12' title='bbox 336 4222 611 4283; x_wconf 86' lang='lat' dir='ltr'>Quomodo</span> 
     </span>
     <span class='ocr_line' id='line_1_10' title="bbox 371 4292 580 4397; baseline 0.01 -61"><span class='ocrx_word' id='word_1_13' title='bbox 371 4292 580 4397; x_wconf 62' lang='lat' dir='ltr'>Ipetens</span> 
     </span>
     <span class='ocr_line' id='line_1_11' title="bbox 451 4352 578 4412; baseline 0.008 -13"><span class='ocrx_word' id='word_1_14' title='bbox 451 4352 578 4412; x_wconf 78' lang='lat' dir='ltr'>ptis-</span> 
     </span>
     <span class='ocr_line' id='line_1_12' title="bbox 383 4425 593 4465; baseline 0.019 -4"><span class='ocrx_word' id='word_1_15' title='bbox 383 4425 529 4463; x_wconf 90' lang='lat' dir='ltr'>mum</span> <span class='ocrx_word' id='word_1_16' title='bbox 562 4429 593 4465; x_wconf 87' lang='lat' dir='ltr'>a</span> 
     </span>
     <span class='ocr_line' id='line_1_13' title="bbox 352 4476 612 4527; baseline 0.012 -3"><span class='ocrx_word' id='word_1_17' title='bbox 352 4476 490 4527; x_wconf 86' lang='lat' dir='ltr'>malo</span> <span class='ocrx_word' id='word_1_18' title='bbox 518 4478 612 4527; x_wconf 88' lang='lat' dir='ltr'>mi-</span> 
     </span>
     <span class='ocr_line' id='line_1_14' title="bbox 342 4539 628 4604; baseline 0.014 -17"><span class='ocrx_word' id='word_1_19' title='bbox 342 4539 510 4604; x_wconf 77' lang='lat' dir='ltr'>nistro</span> <span class='ocrx_word' id='word_1_20' title='bbox 542 4554 628 4591; x_wconf 86' lang='lat' dir='ltr'>ex·</span> 
     </span>
     <span class='ocr_line' id='line_1_15' title="bbox 333 4606 608 4655; baseline 0.018 -5"><span class='ocrx_word' id='word_1_21' title='bbox 333 4606 551 4653; x_wconf 85' lang='lat' dir='ltr'>cusetur</span> <span class='ocrx_word' id='word_1_22' title='bbox 579 4619 608 4655; x_wconf 85' lang='lat' dir='ltr'>a</span> 
     </span>
     <span class='ocr_line' id='line_1_16' title="bbox 351 4679 600 4731; baseline 0.012 -17"><span class='ocrx_word' id='word_1_23' title='bbox 351 4679 600 4731; x_wconf 87' lang='lat' dir='ltr'>coopera-</span> 
     </span>
     <span class='ocr_line' id='line_1_17' title="bbox 313 4728 634 4781; baseline 0.012 -4"><span class='ocrx_word' id='word_1_24' title='bbox 313 4728 458 4780; x_wconf 84' lang='lat' dir='ltr'>tione</span> <span class='ocrx_word' id='word_1_25' title='bbox 490 4731 634 4781; x_wconf 80' lang='lat' dir='ltr'>mali.</span> 
     </span>
    </p>
   </div>
   <div class='ocr_carea' id='block_1_3' title="bbox 698 386 831 454">
    <p class='ocr_par' dir='ltr' id='par_1_3' title="bbox 698 386 831 454">
     <span class='ocr_line' id='line_1_18' title="bbox 698 386 831 454; baseline 0.015 -2"><span class='ocrx_word' id='word_1_26' title='bbox 698 386 831 454; x_wconf 81' lang='lat'>620</span> 
     </span>
    </p>
   </div>
   <div class='ocr_carea' id='block_1_4' title="bbox 605 557 2251 5461">
    <p class='ocr_par' dir='ltr' id='par_1_4' title="bbox 605 557 2251 2061">
     <span class='ocr_line' id='line_1_19' title="bbox 702 557 2248 650; baseline 0 -17"><span class='ocrx_word' id='word_1_27' title='bbox 702 558 1176 633; x_wconf 79' lang='lat' dir='ltr'>sacerdotem</span> <span class='ocrx_word' id='word_1_28' title='bbox 1231 558 1460 633; x_wconf 89' lang='lat' dir='ltr'>etiam</span> <span class='ocrx_word' id='word_1_29' title='bbox 1528 559 1841 650; x_wconf 90' lang='lat' dir='ltr'>malum,</span> <span class='ocrx_word' id='word_1_30' title='bbox 1905 557 2029 631; x_wconf 91' lang='lat' dir='ltr'>cui</span> <span class='ocrx_word' id='word_1_31' title='bbox 2090 583 2248 633; x_wconf 92' lang='lat' dir='ltr'>non</span> 
     </span>
     <span class='ocr_line' id='line_1_20' title="bbox 703 673 2251 768; baseline 0.001 -23"><span class='ocrx_word' id='word_1_32' title='bbox 703 673 1106 766; x_wconf 82' lang='lat' dir='ltr'>incumbit,</span> <span class='ocrx_word' id='word_1_33' title='bbox 1179 674 1312 748; x_wconf 91' lang='lat' dir='ltr'>sed</span> <span class='ocrx_word' id='word_1_34' title='bbox 1368 683 1665 748; x_wconf 87' lang='lat' dir='ltr'>tantum</span> <span class='ocrx_word' id='word_1_35' title='bbox 1730 673 2111 768; x_wconf 83' lang='lat' dir='ltr'>congruit,</span> <span class='ocrx_word' id='word_1_36' title='bbox 2177 683 2251 748; x_wconf 94' lang='lat' dir='ltr'>et</span> 
     </span>
     <span class='ocr_line' id='line_1_21' title="bbox 702 789 2250 888; baseline -0.001 -24"><span class='ocrx_word' id='word_1_37' title='bbox 702 799 951 888; x_wconf 89' lang='lat' dir='ltr'>potest</span> <span class='ocrx_word' id='word_1_38' title='bbox 1045 790 1328 865; x_wconf 90' lang='lat' dir='ltr'>habere</span> <span class='ocrx_word' id='word_1_39' title='bbox 1408 790 1687 865; x_wconf 87' lang='lat' dir='ltr'>laicum</span> <span class='ocrx_word' id='word_1_40' title='bbox 1780 789 2070 863; x_wconf 89' lang='lat' dir='ltr'>bonum</span> <span class='ocrx_word' id='word_1_41' title='bbox 2176 799 2250 864; x_wconf 89' lang='lat' dir='ltr'>et</span> 
     </span>
     <span class='ocr_line' id='line_1_22' title="bbox 704 908 2248 1007; baseline 0.001 -26"><span class='ocrx_word' id='word_1_42' title='bbox 704 908 1038 1003; x_wconf 85' lang='lat' dir='ltr'>fidelem,</span> <span class='ocrx_word' id='word_1_43' title='bbox 1103 909 1423 983; x_wconf 88' lang='lat' dir='ltr'>dubium</span> <span class='ocrx_word' id='word_1_44' title='bbox 1496 920 1635 1002; x_wconf 92' lang='lat' dir='ltr'>est,</span> <span class='ocrx_word' id='word_1_45' title='bbox 1709 933 1752 984; x_wconf 92' lang='lat' dir='ltr'>a</span> <span class='ocrx_word' id='word_1_46' title='bbox 1812 932 1963 1007; x_wconf 90' lang='lat' dir='ltr'>quo</span> <span class='ocrx_word' id='word_1_47' title='bbox 2023 910 2248 984; x_wconf 85' lang='lat' dir='ltr'>debet</span> 
     </span>
     <span class='ocr_line' id='line_1_23' title="bbox 700 1028 2244 1127; baseline 0 -25"><span class='ocrx_word' id='word_1_48' title='bbox 700 1036 957 1125; x_wconf 87' lang='lat' dir='ltr'>petere</span> <span class='ocrx_word' id='word_1_49' title='bbox 1027 1028 1503 1125; x_wconf 88' lang='lat' dir='ltr'>Baptismum</span> <span class='ocrx_word' id='word_1_50' title='bbox 1566 1053 1702 1126; x_wconf 89' lang='lat' dir='ltr'>pro</span> <span class='ocrx_word' id='word_1_51' title='bbox 1763 1051 1871 1120; x_wconf 89' lang='lat' dir='ltr'>se,</span> <span class='ocrx_word' id='word_1_52' title='bbox 1941 1030 2061 1103; x_wconf 81' lang='lat' dir='ltr'>vel</span> <span class='ocrx_word' id='word_1_53' title='bbox 2106 1052 2244 1127; x_wconf 89' lang='lat' dir='ltr'>pro</span> 
     </span>
     <span class='ocr_line' id='line_1_24' title="bbox 695 1144 2241 1242; baseline 0.001 -24"><span class='ocrx_word' id='word_1_54' title='bbox 695 1166 836 1218; x_wconf 94' lang='lat' dir='ltr'>suo</span> <span class='ocrx_word' id='word_1_55' title='bbox 937 1144 1327 1242; x_wconf 78' lang='lat' dir='ltr'>parvulo?</span> <span class='ocrx_word' id='word_1_56' title='bbox 1414 1145 1793 1219; x_wconf 74' lang='lat' dir='ltr'>Videntur</span> <span class='ocrx_word' id='word_1_57' title='bbox 1872 1144 2076 1218; x_wconf 91' lang='lat' dir='ltr'>enim</span> <span class='ocrx_word' id='word_1_58' title='bbox 2161 1169 2241 1220; x_wconf 91' lang='lat' dir='ltr'>se</span> 
     </span>
     <span class='ocr_line' id='line_1_25' title="bbox 694 1261 2235 1338; baseline 0.002 -5"><span class='ocrx_word' id='word_1_59' title='bbox 694 1261 976 1336; x_wconf 89' lang='lat' dir='ltr'>habere</span> <span class='ocrx_word' id='word_1_60' title='bbox 1037 1261 1235 1336; x_wconf 89' lang='lat' dir='ltr'>sicut</span> <span class='ocrx_word' id='word_1_61' title='bbox 1276 1261 1723 1337; x_wconf 80' lang='lat' dir='ltr'>excedentia</span> <span class='ocrx_word' id='word_1_62' title='bbox 1783 1270 1855 1336; x_wconf 88' lang='lat' dir='ltr'>et</span> <span class='ocrx_word' id='word_1_63' title='bbox 1896 1285 2235 1338; x_wconf 87' lang='lat' dir='ltr'>excessa.</span> 
     </span>
     <span class='ocr_line' id='line_1_26' title="bbox 689 1378 2244 1473; baseline 0.003 -22"><span class='ocrx_word' id='word_1_64' title='bbox 689 1378 967 1453; x_wconf 88' lang='lat' dir='ltr'>Laicus</span> <span class='ocrx_word' id='word_1_65' title='bbox 1034 1379 1241 1454; x_wconf 90' lang='lat' dir='ltr'>enim</span> <span class='ocrx_word' id='word_1_66' title='bbox 1331 1380 1626 1455; x_wconf 78' lang='lat' dir='ltr'>excedit</span> <span class='ocrx_word' id='word_1_67' title='bbox 1707 1380 1783 1454; x_wconf 90' lang='lat' dir='ltr'>in</span> <span class='ocrx_word' id='word_1_68' title='bbox 1858 1379 2039 1473; x_wconf 86' lang='lat' dir='ltr'>vita,</span> <span class='ocrx_word' id='word_1_69' title='bbox 2116 1405 2244 1455; x_wconf 91' lang='lat' dir='ltr'>sa-</span> 
     </span>
     <span class='ocr_line' id='line_1_27' title="bbox 605 1496 2243 1594; baseline -0.001 -22"><span class='ocrx_word' id='word_1_70' title='bbox 605 1579 610 1583; x_wconf 59' lang='grc'><strong>,</strong></span> <span class='ocrx_word' id='word_1_71' title='bbox 691 1498 963 1572; x_wconf 90' lang='lat' dir='ltr'>cerdos</span> <span class='ocrx_word' id='word_1_72' title='bbox 1020 1497 1095 1570; x_wconf 92' lang='lat' dir='ltr'>in</span> <span class='ocrx_word' id='word_1_73' title='bbox 1158 1496 1440 1591; x_wconf 82' lang='lat' dir='ltr'>officiO,</span> <span class='ocrx_word' id='word_1_74' title='bbox 1512 1497 1635 1572; x_wconf 91' lang='lat' dir='ltr'>cui</span> <span class='ocrx_word' id='word_1_75' title='bbox 1697 1498 2053 1594; x_wconf 81' lang='lat' dir='ltr'>congruit</span> <span class='ocrx_word' id='word_1_76' title='bbox 2092 1498 2243 1570; x_wconf 89' lang='lat' dir='ltr'>mi-</span> 
     </span>
     <span class='ocr_line' id='line_1_28' title="bbox 692 1614 2240 1701; baseline 0.002 -14"><span class='ocrx_word' id='word_1_77' title='bbox 692 1615 1021 1689; x_wconf 85' lang='lat' dir='ltr'>nistrare</span> <span class='ocrx_word' id='word_1_78' title='bbox 1076 1614 1574 1689; x_wconf 75' lang='lat' dir='ltr'>Sacramenta</span> <span class='ocrx_word' id='word_1_79' title='bbox 1616 1614 2008 1688; x_wconf 55' lang='lat' dir='ltr'>Ecclesiae.</span> <span class='ocrx_word' id='word_1_80' title='bbox 2049 1614 2240 1701; x_wconf 74' lang='lat' dir='ltr'>Quae.</span> 
     </span>
     <span class='ocr_line' id='line_1_29' title="bbox 692 1729 2241 1806; baseline 0 -1"><span class='ocrx_word' id='word_1_81' title='bbox 692 1739 951 1805; x_wconf 89' lang='lat' dir='ltr'>autem</span> <span class='ocrx_word' id='word_1_82' title='bbox 1022 1730 1340 1806; x_wconf 88' lang='lat' dir='ltr'>istarum</span> <span class='ocrx_word' id='word_1_83' title='bbox 1412 1730 1940 1804; x_wconf 88' lang='lat' dir='ltr'>conditionum</span> <span class='ocrx_word' id='word_1_84' title='bbox 2015 1729 2241 1805; x_wconf 88' lang='lat' dir='ltr'>debet</span> 
     </span>
     <span class='ocr_line' id='line_1_30' title="bbox 689 1844 2241 1944; baseline 0.001 -27"><span class='ocrx_word' id='word_1_85' title='bbox 689 1846 1033 1944; x_wconf 80' lang='lat' dir='ltr'>praeferri</span> <span class='ocrx_word' id='word_1_86' title='bbox 1131 1846 1223 1920; x_wconf 90' lang='lat' dir='ltr'>ad</span> <span class='ocrx_word' id='word_1_87' title='bbox 1302 1845 1882 1943; x_wconf 89' lang='lat' dir='ltr'>suscipiendum</span> <span class='ocrx_word' id='word_1_88' title='bbox 1963 1844 2241 1919; x_wconf 85' lang='lat' dir='ltr'>Sacra-</span> 
     </span>
     <span class='ocr_line' id='line_1_31' title="bbox 693 1964 1544 2061; baseline -0.001 -25"><span class='ocrx_word' id='word_1_89' title='bbox 693 1974 1037 2039; x_wconf 84' lang='lat' dir='ltr'>mentum</span> <span class='ocrx_word' id='word_1_90' title='bbox 1104 1964 1544 2061; x_wconf 75' lang='lat' dir='ltr'>Baptismi‘?</span> 
     </span>
    </p>

    <p class='ocr_par' dir='ltr' id='par_1_5' title="bbox 679 2079 2238 3089">
     <span class='ocr_line' id='line_1_32' title="bbox 787 2079 2238 2178; baseline 0.003 -26"><span class='ocrx_word' id='word_1_91' title='bbox 787 2080 974 2154; x_wconf 90' lang='lat' dir='ltr'>Dico</span> <span class='ocrx_word' id='word_1_92' title='bbox 1029 2081 1233 2178; x_wconf 91' lang='lat' dir='ltr'>quod</span> <span class='ocrx_word' id='word_1_93' title='bbox 1277 2079 1645 2174; x_wconf 81' lang='lat' dir='ltr'>officium,</span> <span class='ocrx_word' id='word_1_94' title='bbox 1682 2090 1756 2155; x_wconf 91' lang='lat' dir='ltr'>et</span> <span class='ocrx_word' id='word_1_95' title='bbox 1798 2079 1966 2155; x_wconf 89' lang='lat' dir='ltr'>ideo</span> <span class='ocrx_word' id='word_1_96' title='bbox 2025 2104 2070 2155; x_wconf 93' lang='lat' dir='ltr'>a</span> <span class='ocrx_word' id='word_1_97' title='bbox 2110 2106 2238 2156; x_wconf 92' lang='lat' dir='ltr'>sa-</span> 
     </span>
     <span class='ocr_line' id='line_1_33' title="bbox 689 2196 2231 2295; baseline 0.001 -24"><span class='ocrx_word' id='word_1_98' title='bbox 689 2196 993 2271; x_wconf 89' lang='lat' dir='ltr'>cerdote</span> <span class='ocrx_word' id='word_1_99' title='bbox 1091 2198 1291 2271; x_wconf 92' lang='lat' dir='ltr'>malo</span> <span class='ocrx_word' id='word_1_100' title='bbox 1395 2221 1549 2271; x_wconf 91' lang='lat' dir='ltr'>non</span> <span class='ocrx_word' id='word_1_101' title='bbox 1646 2197 2010 2295; x_wconf 59' lang='lat' dir='ltr'>praesciso</span> <span class='ocrx_word' id='word_1_102' title='bbox 2110 2200 2231 2273; x_wconf 86' lang='lat' dir='ltr'>vel</span> 
     </span>
     <span class='ocr_line' id='line_1_34' title="bbox 687 2312 2237 2411; baseline 0.001 -24"><span class='ocrx_word' id='word_1_103' title='bbox 687 2312 1384 2407; x_wconf 83' lang='lat' dir='ltr'>excommunicatO,</span> <span class='ocrx_word' id='word_1_104' title='bbox 1422 2323 1745 2411; x_wconf 87' lang='lat' dir='ltr'>possunt</span> <span class='ocrx_word' id='word_1_105' title='bbox 1791 2313 2237 2388; x_wconf 84' lang='lat' dir='ltr'>Sacramen-</span> 
     </span>
     <span class='ocr_line' id='line_1_35' title="bbox 686 2430 2238 2529; baseline 0.005 -29"><span class='ocrx_word' id='word_1_106' title='bbox 686 2437 762 2501; x_wconf 90' lang='lat' dir='ltr'>ta</span> <span class='ocrx_word' id='word_1_107' title='bbox 844 2430 1206 2504; x_wconf 57' lang='lat' dir='ltr'>Ecclesiae</span> <span class='ocrx_word' id='word_1_108' title='bbox 1288 2430 1489 2504; x_wconf 90' lang='lat' dir='ltr'>licite</span> <span class='ocrx_word' id='word_1_109' title='bbox 1572 2430 1725 2528; x_wconf 84' lang='lat' dir='ltr'>peti</span> <span class='ocrx_word' id='word_1_110' title='bbox 1796 2455 1933 2529; x_wconf 87' lang='lat' dir='ltr'>pro</span> <span class='ocrx_word' id='word_1_111' title='bbox 2001 2454 2081 2505; x_wconf 96' lang='lat' dir='ltr'>se</span> <span class='ocrx_word' id='word_1_112' title='bbox 2162 2442 2238 2507; x_wconf 91' lang='lat' dir='ltr'>et</span> 
     </span>
     <span class='ocr_line' id='line_1_36' title="bbox 685 2547 2225 2644; baseline 0.002 -25"><span class='ocrx_word' id='word_1_113' title='bbox 685 2570 823 2644; x_wconf 89' lang='lat' dir='ltr'>pro</span> <span class='ocrx_word' id='word_1_114' title='bbox 886 2547 1077 2642; x_wconf 82' lang='lat' dir='ltr'>suiS,</span> <span class='ocrx_word' id='word_1_115' title='bbox 1150 2548 1350 2623; x_wconf 89' lang='lat' dir='ltr'>sicut</span> <span class='ocrx_word' id='word_1_116' title='bbox 1411 2548 1692 2622; x_wconf 88' lang='lat' dir='ltr'>dicitur</span> <span class='ocrx_word' id='word_1_117' title='bbox 1756 2549 1849 2622; x_wconf 85' lang='lat' dir='ltr'>de</span> <span class='ocrx_word' id='word_1_118' title='bbox 1890 2572 2225 2624; x_wconf 77' lang='lat' dir='ltr'>consecr.</span> 
     </span>
     <span class='ocr_line' id='line_1_37' title="bbox 685 2663 2228 2763; baseline 0.003 -26"><span class='ocrx_word' id='word_1_119' title='bbox 685 2663 859 2737; x_wconf 70' lang='lat' dir='ltr'>dist.</span> <span class='ocrx_word' id='word_1_120' title='bbox 906 2664 976 2737; x_wconf 73' lang='lat'>4.</span> <span class='ocrx_word' id='word_1_121' title='bbox 1016 2688 1181 2763; x_wconf 81' lang='lat' dir='ltr'>cap.</span> <span class='ocrx_word' id='word_1_122' title='bbox 1229 2671 1542 2751; x_wconf 79' lang='lat' dir='ltr'>constat,</span> <span class='ocrx_word' id='word_1_123' title='bbox 1589 2665 1717 2739; x_wconf 92' lang='lat' dir='ltr'>ubi</span> <span class='ocrx_word' id='word_1_124' title='bbox 1770 2668 1962 2759; x_wconf 84' lang='lat' dir='ltr'>vult,</span> <span class='ocrx_word' id='word_1_125' title='bbox 2023 2667 2228 2763; x_wconf 91' lang='lat' dir='ltr'>quod</span> 
     </span>
     <span class='ocr_line' id='line_1_38' title="bbox 680 2780 2229 2879; baseline 0.001 -25"><span class='ocrx_word' id='word_1_126' title='bbox 680 2780 866 2854; x_wconf 89' lang='lat' dir='ltr'>solis</span> <span class='ocrx_word' id='word_1_127' title='bbox 966 2782 1493 2857; x_wconf 87' lang='lat' dir='ltr'>sacerdotibus</span> <span class='ocrx_word' id='word_1_128' title='bbox 1585 2782 1684 2856; x_wconf 89' lang='lat' dir='ltr'>sit</span> <span class='ocrx_word' id='word_1_129' title='bbox 1785 2783 2229 2879; x_wconf 88' lang='lat' dir='ltr'>hujusmodi</span> 
     </span>
     <span class='ocr_line' id='line_1_39' title="bbox 679 2896 2231 2997; baseline 0.001 -27"><span class='ocrx_word' id='word_1_130' title='bbox 679 2896 1018 2971; x_wconf 81' lang='lat' dir='ltr'>officium</span> <span class='ocrx_word' id='word_1_131' title='bbox 1101 2921 1583 2992; x_wconf 86' lang='lat' dir='ltr'>concessum,</span> <span class='ocrx_word' id='word_1_132' title='bbox 1658 2910 1970 2997; x_wconf 87' lang='lat' dir='ltr'>excepto</span> <span class='ocrx_word' id='word_1_133' title='bbox 2041 2899 2231 2973; x_wconf 87' lang='lat' dir='ltr'>arti-</span> 
     </span>
     <span class='ocr_line' id='line_1_40' title="bbox 679 3014 1412 3089; baseline 0.001 -2"><span class='ocrx_word' id='word_1_134' title='bbox 679 3014 854 3088; x_wconf 90' lang='lat' dir='ltr'>culo</span> <span class='ocrx_word' id='word_1_135' title='bbox 910 3014 1412 3089; x_wconf 68' lang='lat' dir='ltr'>necessitatis„</span> 
     </span>
    </p>

    <p class='ocr_par' dir='ltr' id='par_1_6' title="bbox 673 3130 2231 4045">
     <span class='ocr_line' id='line_1_41' title="bbox 775 3130 2231 3231; baseline 0.001 -26"><span class='ocrx_word' id='word_1_136' title='bbox 775 3131 888 3205; x_wconf 88' lang='lat' dir='ltr'>Ad</span> <span class='ocrx_word' id='word_1_137' title='bbox 949 3130 1139 3205; x_wconf 86' lang='lat' dir='ltr'>illud</span> <span class='ocrx_word' id='word_1_138' title='bbox 1209 3131 1623 3226; x_wconf 88' lang='lat' dir='ltr'>Ambrosii,</span> <span class='ocrx_word' id='word_1_139' title='bbox 1670 3132 1837 3207; x_wconf 90' lang='lat' dir='ltr'>dico</span> <span class='ocrx_word' id='word_1_140' title='bbox 1880 3133 2083 3231; x_wconf 84' lang='lat' dir='ltr'>quod</span> <span class='ocrx_word' id='word_1_141' title='bbox 2126 3134 2231 3207; x_wconf 88' lang='lat' dir='ltr'>lo-</span> 
     </span>
     <span class='ocr_line' id='line_1_42' title="bbox 680 3246 2230 3346; baseline 0.003 -26"><span class='ocrx_word' id='word_1_142' title='bbox 680 3246 945 3345; x_wconf 82' lang='lat' dir='ltr'>quitur</span> <span class='ocrx_word' id='word_1_143' title='bbox 1009 3247 1102 3322; x_wconf 94' lang='lat' dir='ltr'>de</span> <span class='ocrx_word' id='word_1_144' title='bbox 1186 3247 1467 3322; x_wconf 91' lang='lat' dir='ltr'>adultis</span> <span class='ocrx_word' id='word_1_145' title='bbox 1540 3246 1762 3342; x_wconf 85' lang='lat' dir='ltr'>fictis,</span> <span class='ocrx_word' id='word_1_146' title='bbox 1836 3248 1965 3346; x_wconf 89' lang='lat' dir='ltr'>qui</span> <span class='ocrx_word' id='word_1_147' title='bbox 2044 3273 2230 3323; x_wconf 89' lang='lat' dir='ltr'>con-</span> 
     </span>
     <span class='ocr_line' id='line_1_43' title="bbox 679 3363 2223 3451; baseline 0.002 -14"><span class='ocrx_word' id='word_1_148' title='bbox 679 3365 1026 3438; x_wconf 89' lang='lat' dir='ltr'>sentiunt</span> <span class='ocrx_word' id='word_1_149' title='bbox 1064 3363 1140 3437; x_wconf 94' lang='lat' dir='ltr'>in</span> <span class='ocrx_word' id='word_1_150' title='bbox 1179 3366 1564 3451; x_wconf 84' lang='lat' dir='ltr'>haeresim,</span> <span class='ocrx_word' id='word_1_151' title='bbox 1632 3365 1807 3439; x_wconf 85' lang='lat' dir='ltr'>etin</span> <span class='ocrx_word' id='word_1_152' title='bbox 1860 3366 2223 3440; x_wconf 90' lang='lat' dir='ltr'>malitiam</span> 
     </span>
     <span class='ocr_line' id='line_1_44' title="bbox 681 3480 2225 3581; baseline 0.002 -29"><span class='ocrx_word' id='word_1_153' title='bbox 681 3480 1219 3555; x_wconf 64' lang='lat' dir='ltr'>beer-eticorum</span> <span class='ocrx_word' id='word_1_154' title='bbox 1265 3482 1845 3579; x_wconf 75' lang='lat' dir='ltr'>baptizantium,</span> <span class='ocrx_word' id='word_1_155' title='bbox 1895 3507 2225 3581; x_wconf 88' lang='lat' dir='ltr'>quorum</span> 
     </span>
     <span class='ocr_line' id='line_1_45' title="bbox 678 3597 2229 3697; baseline 0.004 -27"><span class='ocrx_word' id='word_1_156' title='bbox 678 3597 849 3671; x_wconf 89' lang='lat' dir='ltr'>facti</span> <span class='ocrx_word' id='word_1_157' title='bbox 915 3607 1096 3672; x_wconf 89' lang='lat' dir='ltr'>sunt</span> <span class='ocrx_word' id='word_1_158' title='bbox 1172 3598 1528 3697; x_wconf 88' lang='lat' dir='ltr'>discipuli</span> <span class='ocrx_word' id='word_1_159' title='bbox 1597 3599 1675 3671; x_wconf 90' lang='lat' dir='ltr'>in</span> <span class='ocrx_word' id='word_1_160' title='bbox 1772 3600 2079 3695; x_wconf 79' lang='lat' dir='ltr'>liaeresi,</span> <span class='ocrx_word' id='word_1_161' title='bbox 2153 3611 2229 3676; x_wconf 91' lang='lat' dir='ltr'>et</span> 
     </span>
     <span class='ocr_line' id='line_1_46' title="bbox 675 3714 2226 3814; baseline 0.003 -27"><span class='ocrx_word' id='word_1_162' title='bbox 675 3715 750 3787; x_wconf 91' lang='lat' dir='ltr'>in</span> <span class='ocrx_word' id='word_1_163' title='bbox 812 3714 970 3789; x_wconf 89' lang='lat' dir='ltr'>vita</span> <span class='ocrx_word' id='word_1_164' title='bbox 1036 3739 1299 3814; x_wconf 84' lang='lat' dir='ltr'>prava,</span> <span class='ocrx_word' id='word_1_165' title='bbox 1355 3725 1429 3791; x_wconf 90' lang='lat' dir='ltr'>et</span> <span class='ocrx_word' id='word_1_166' title='bbox 1482 3716 1558 3790; x_wconf 92' lang='lat' dir='ltr'>in</span> <span class='ocrx_word' id='word_1_167' title='bbox 1605 3717 1885 3791; x_wconf 89' lang='lat' dir='ltr'>talibus</span> <span class='ocrx_word' id='word_1_168' title='bbox 1944 3717 2226 3792; x_wconf 92' lang='lat' dir='ltr'>intelli-</span> 
     </span>
     <span class='ocr_line' id='line_1_47' title="bbox 673 3831 2226 3930; baseline 0.003 -26"><span class='ocrx_word' id='word_1_169' title='bbox 673 3831 782 3928; x_wconf 81' lang='lat' dir='ltr'>git</span> <span class='ocrx_word' id='word_1_170' title='bbox 840 3833 1045 3929; x_wconf 89' lang='lat' dir='ltr'>quod</span> <span class='ocrx_word' id='word_1_171' title='bbox 1088 3832 1281 3906; x_wconf 92' lang='lat' dir='ltr'>nihil</span> <span class='ocrx_word' id='word_1_172' title='bbox 1343 3833 1679 3930; x_wconf 86' lang='lat' dir='ltr'>prodest,</span> <span class='ocrx_word' id='word_1_173' title='bbox 1726 3835 1930 3930; x_wconf 91' lang='lat' dir='ltr'>quod</span> <span class='ocrx_word' id='word_1_174' title='bbox 1992 3837 2226 3911; x_wconf 89' lang='lat' dir='ltr'>susci-</span> 
     </span>
     <span class='ocr_line' id='line_1_48' title="bbox 674 3946 1249 4045; baseline 0.002 -25"><span class='ocrx_word' id='word_1_175' title='bbox 674 3946 897 4045; x_wconf 91' lang='lat' dir='ltr'>piunt</span> <span class='ocrx_word' id='word_1_176' title='bbox 954 3948 1049 4022; x_wconf 91' lang='lat' dir='ltr'>ab</span> <span class='ocrx_word' id='word_1_177' title='bbox 1114 3948 1249 4023; x_wconf 88' lang='lat' dir='ltr'>eis.</span> 
     </span>
    </p>

    <p class='ocr_par' dir='ltr' id='par_1_7' title="bbox 665 4063 2223 5461">
     <span class='ocr_line' id='line_1_49' title="bbox 772 4063 2223 4166; baseline 0.003 -28"><span class='ocrx_word' id='word_1_178' title='bbox 772 4063 881 4138; x_wconf 75' lang='lat' dir='ltr'>Ad</span> <span class='ocrx_word' id='word_1_179' title='bbox 925 4064 1162 4158; x_wconf 89' lang='lat' dir='ltr'>aliud,</span> <span class='ocrx_word' id='word_1_180' title='bbox 1226 4090 1402 4140; x_wconf 92' lang='lat' dir='ltr'>cum</span> <span class='ocrx_word' id='word_1_181' title='bbox 1457 4066 1737 4141; x_wconf 89' lang='lat' dir='ltr'>dicitur</span> <span class='ocrx_word' id='word_1_182' title='bbox 1804 4069 2006 4166; x_wconf 90' lang='lat' dir='ltr'>quod</span> <span class='ocrx_word' id='word_1_183' title='bbox 2053 4093 2223 4143; x_wconf 64' lang='lat' dir='ltr'>coc»</span> 
     </span>
     <span class='ocr_line' id='line_1_50' title="bbox 674 4181 2216 4281; baseline 0.003 -25"><span class='ocrx_word' id='word_1_184' title='bbox 674 4190 989 4281; x_wconf 86' lang='lat' dir='ltr'>peratur</span> <span class='ocrx_word' id='word_1_185' title='bbox 1073 4181 1216 4256; x_wconf 91' lang='lat' dir='ltr'>sibi</span> <span class='ocrx_word' id='word_1_186' title='bbox 1295 4183 1374 4254; x_wconf 90' lang='lat' dir='ltr'>in</span> <span class='ocrx_word' id='word_1_187' title='bbox 1457 4194 1769 4281; x_wconf 85' lang='lat' dir='ltr'>peccato</span> <span class='ocrx_word' id='word_1_188' title='bbox 1886 4188 2216 4280; x_wconf 85' lang='lat' dir='ltr'>mortali,</span> 
     </span>
     <span class='ocr_line' id='line_1_51' title="bbox 673 4301 2221 4398; baseline 0.003 -24"><span class='ocrx_word' id='word_1_189' title='bbox 673 4301 844 4375; x_wconf 91' lang='lat' dir='ltr'>dico</span> <span class='ocrx_word' id='word_1_190' title='bbox 914 4301 1117 4398; x_wconf 89' lang='lat' dir='ltr'>quod</span> <span class='ocrx_word' id='word_1_191' title='bbox 1202 4324 1385 4395; x_wconf 91' lang='lat' dir='ltr'>non,</span> <span class='ocrx_word' id='word_1_192' title='bbox 1462 4301 1642 4398; x_wconf 91' lang='lat' dir='ltr'>quia</span> <span class='ocrx_word' id='word_1_193' title='bbox 1710 4327 1864 4376; x_wconf 92' lang='lat' dir='ltr'>non</span> <span class='ocrx_word' id='word_1_194' title='bbox 1928 4303 2221 4378; x_wconf 87' lang='lat' dir='ltr'>inducit</span> 
     </span>
     <span class='ocr_line' id='line_1_52' title="bbox 673 4417 2215 4516; baseline 0.003 -25"><span class='ocrx_word' id='word_1_195' title='bbox 673 4417 903 4492; x_wconf 91' lang='lat' dir='ltr'>istum</span> <span class='ocrx_word' id='word_1_196' title='bbox 982 4418 1076 4492; x_wconf 90' lang='lat' dir='ltr'>ad</span> <span class='ocrx_word' id='word_1_197' title='bbox 1136 4419 1643 4516; x_wconf 88' lang='lat' dir='ltr'>peccandum,</span> <span class='ocrx_word' id='word_1_198' title='bbox 1707 4421 1840 4494; x_wconf 92' lang='lat' dir='ltr'>sed</span> <span class='ocrx_word' id='word_1_199' title='bbox 1917 4430 2215 4497; x_wconf 87' lang='lat' dir='ltr'>tantum</span> 
     </span>
     <span class='ocr_line' id='line_1_53' title="bbox 671 4534 2217 4636; baseline 0.001 -26"><span class='ocrx_word' id='word_1_200' title='bbox 671 4536 857 4633; x_wconf 87' lang='lat' dir='ltr'>petit</span> <span class='ocrx_word' id='word_1_201' title='bbox 890 4534 1232 4609; x_wconf 92' lang='lat' dir='ltr'>debitum</span> <span class='ocrx_word' id='word_1_202' title='bbox 1280 4535 1424 4609; x_wconf 89' lang='lat' dir='ltr'>sibi</span> <span class='ocrx_word' id='word_1_203' title='bbox 1459 4546 1745 4631; x_wconf 89' lang='lat' dir='ltr'>actum,</span> <span class='ocrx_word' id='word_1_204' title='bbox 1798 4537 1926 4636; x_wconf 91' lang='lat' dir='ltr'>qui</span> <span class='ocrx_word' id='word_1_205' title='bbox 1962 4561 2217 4636; x_wconf 90' lang='lat' dir='ltr'>quan-</span> 
     </span>
     <span class='ocr_line' id='line_1_54' title="bbox 670 4654 2218 4753; baseline 0.004 -27"><span class='ocrx_word' id='word_1_206' title='bbox 670 4661 831 4727; x_wconf 89' lang='lat' dir='ltr'>tum</span> <span class='ocrx_word' id='word_1_207' title='bbox 902 4661 1016 4727; x_wconf 92' lang='lat' dir='ltr'>est</span> <span class='ocrx_word' id='word_1_208' title='bbox 1083 4676 1174 4727; x_wconf 88' lang='lat' dir='ltr'>ex</span> <span class='ocrx_word' id='word_1_209' title='bbox 1262 4677 1372 4747; x_wconf 92' lang='lat' dir='ltr'>se,</span> <span class='ocrx_word' id='word_1_210' title='bbox 1442 4654 1639 4729; x_wconf 92' lang='lat' dir='ltr'>bene</span> <span class='ocrx_word' id='word_1_211' title='bbox 1722 4666 1972 4753; x_wconf 87' lang='lat' dir='ltr'>potest</span> <span class='ocrx_word' id='word_1_212' title='bbox 2029 4681 2218 4732; x_wconf 91' lang='lat' dir='ltr'>con-</span> 
     </span>
     <span class='ocr_line' id='line_1_55' title="bbox 671 4768 2217 4873; baseline 0.003 -29"><span class='ocrx_word' id='word_1_213' title='bbox 671 4768 875 4845; x_wconf 87' lang='lat' dir='ltr'>ferri.</span> <span class='ocrx_word' id='word_1_214' title='bbox 943 4769 1033 4843; x_wconf 90' lang='lat' dir='ltr'>Et</span> <span class='ocrx_word' id='word_1_215' title='bbox 1090 4768 1263 4845; x_wconf 90' lang='lat' dir='ltr'>ideo</span> <span class='ocrx_word' id='word_1_216' title='bbox 1324 4771 1499 4846; x_wconf 86' lang='lat' dir='ltr'>licet</span> <span class='ocrx_word' id='word_1_217' title='bbox 1562 4772 1908 4847; x_wconf 89' lang='lat' dir='ltr'>minister</span> <span class='ocrx_word' id='word_1_218' title='bbox 1956 4783 2217 4873; x_wconf 89' lang='lat' dir='ltr'>peccet</span> 
     </span>
     <span class='ocr_line' id='line_1_56' title="bbox 671 4890 2216 4989; baseline 0.003 -25"><span class='ocrx_word' id='word_1_219' title='bbox 671 4914 870 4964; x_wconf 87' lang='lat' dir='ltr'>novo</span> <span class='ocrx_word' id='word_1_220' title='bbox 966 4898 1280 4989; x_wconf 89' lang='lat' dir='ltr'>peccato</span> <span class='ocrx_word' id='word_1_221' title='bbox 1358 4890 1688 4985; x_wconf 88' lang='lat' dir='ltr'>mortali,</span> <span class='ocrx_word' id='word_1_222' title='bbox 1789 4892 1865 4965; x_wconf 90' lang='lat' dir='ltr'>in</span> <span class='ocrx_word' id='word_1_223' title='bbox 1942 4893 2216 4968; x_wconf 91' lang='lat' dir='ltr'>minis·-</span> 
     </span>
     <span class='ocr_line' id='line_1_57' title="bbox 667 5007 2211 5104; baseline 0.003 -23"><span class='ocrx_word' id='word_1_224' title='bbox 667 5007 940 5082; x_wconf 84' lang='lat' dir='ltr'>trando</span> <span class='ocrx_word' id='word_1_225' title='bbox 1043 5007 1553 5104; x_wconf 88' lang='lat' dir='ltr'>Baptismum,</span> <span class='ocrx_word' id='word_1_226' title='bbox 1681 5032 1835 5083; x_wconf 90' lang='lat' dir='ltr'>non</span> <span class='ocrx_word' id='word_1_227' title='bbox 1954 5020 2211 5085; x_wconf 89' lang='lat' dir='ltr'>tamen</span> 
     </span>
     <span class='ocr_line' id='line_1_58' title="bbox 665 5125 2209 5227; baseline 0.002 -26"><span class='ocrx_word' id='word_1_228' title='bbox 665 5133 936 5224; x_wconf 86' lang='lat' dir='ltr'>petens</span> <span class='ocrx_word' id='word_1_229' title='bbox 1005 5125 1081 5198; x_wconf 92' lang='lat' dir='ltr'>in</span> <span class='ocrx_word' id='word_1_230' title='bbox 1155 5127 1510 5224; x_wconf 88' lang='lat' dir='ltr'>petend0,</span> <span class='ocrx_word' id='word_1_231' title='bbox 1587 5127 1769 5225; x_wconf 90' lang='lat' dir='ltr'>quia</span> <span class='ocrx_word' id='word_1_232' title='bbox 1837 5140 2209 5227; x_wconf 89' lang='lat' dir='ltr'>quantum</span> 
     </span>
     <span class='ocr_line' id='line_1_59' title="bbox 665 5244 2212 5342; baseline 0.002 -24"><span class='ocrx_word' id='word_1_233' title='bbox 665 5253 780 5318; x_wconf 87' lang='lat' dir='ltr'>est</span> <span class='ocrx_word' id='word_1_234' title='bbox 833 5266 926 5318; x_wconf 85' lang='lat' dir='ltr'>ex</span> <span class='ocrx_word' id='word_1_235' title='bbox 975 5267 1085 5337; x_wconf 92' lang='lat' dir='ltr'>se,</span> <span class='ocrx_word' id='word_1_236' title='bbox 1149 5244 1344 5318; x_wconf 89' lang='lat' dir='ltr'>bene</span> <span class='ocrx_word' id='word_1_237' title='bbox 1410 5253 1660 5341; x_wconf 86' lang='lat' dir='ltr'>potest</span> <span class='ocrx_word' id='word_1_238' title='bbox 1719 5247 2074 5342; x_wconf 81' lang='lat' dir='ltr'>conferri,</span> <span class='ocrx_word' id='word_1_239' title='bbox 2146 5247 2212 5323; x_wconf 92' lang='lat' dir='ltr'>si</span> 
     </span>
     <span class='ocr_line' id='line_1_60' title="bbox 668 5359 1704 5461; baseline 0 -24"><span class='ocrx_word' id='word_1_240' title='bbox 668 5359 1017 5438; x_wconf 90' lang='lat' dir='ltr'>minister</span> <span class='ocrx_word' id='word_1_241' title='bbox 1081 5386 1161 5437; x_wconf 91' lang='lat' dir='ltr'>se</span> <span class='ocrx_word' id='word_1_242' title='bbox 1240 5362 1704 5461; x_wconf 87' lang='lat' dir='ltr'>disponeret.</span> 
     </span>
    </p>
   </div>
   <div class='ocr_carea' id='block_1_5' title="bbox 2072 381 2482 456">
    <p class='ocr_par' dir='ltr' id='par_1_8' title="bbox 2072 381 2482 456">
     <span class='ocr_line' id='line_1_61' title="bbox 2072 381 2482 456; baseline 0.017 -7"><span class='ocrx_word' id='word_1_243' title='bbox 2072 381 2314 454; x_wconf 84' lang='lat' dir='ltr'><strong>LIBRI</strong></span> <span class='ocrx_word' id='word_1_244' title='bbox 2360 386 2482 456; x_wconf 91' lang='lat' dir='ltr'>IV.</span> 
     </span>
    </p>
   </div>
   <div class='ocr_carea' id='block_1_6' title="bbox 2888 739 3398 803">
    <p class='ocr_par' dir='ltr' id='par_1_9' title="bbox 2888 739 3398 803">
     <span class='ocr_line' id='line_1_62' title="bbox 2888 739 3398 803; baseline 0.008 -4"><span class='ocrx_word' id='word_1_245' title='bbox 2888 739 3257 801; x_wconf 83' lang='lat' dir='ltr'>SCHOLIUM</span> <span class='ocrx_word' id='word_1_246' title='bbox 3299 747 3398 803; x_wconf 87' lang='lat'>111.</span> 
     </span>
    </p>
   </div>
   <div class='ocr_carea' id='block_1_7' title="bbox 2344 888 3899 1850">
    <p class='ocr_par' dir='ltr' id='par_1_10' title="bbox 2344 888 3899 1850">
     <span class='ocr_line' id='line_1_63' title="bbox 2427 888 3899 970; baseline 0.01 -27"><span class='ocrx_word' id='word_1_247' title='bbox 2427 888 2611 961; x_wconf 83' lang='lat' dir='ltr'>Negat</span> <span class='ocrx_word' id='word_1_248' title='bbox 2639 892 2888 963; x_wconf 83' lang='lat' dir='ltr'>pretium</span> <span class='ocrx_word' id='word_1_249' title='bbox 2925 895 3182 952; x_wconf 85' lang='lat' dir='ltr'>dandum</span> <span class='ocrx_word' id='word_1_250' title='bbox 3217 914 3321 970; x_wconf 89' lang='lat' dir='ltr'>pro</span> <span class='ocrx_word' id='word_1_251' title='bbox 3344 898 3740 968; x_wconf 81' lang='lat' dir='ltr'>SacramentO,</span> <span class='ocrx_word' id='word_1_252' title='bbox 3788 900 3899 958; x_wconf 86' lang='lat' dir='ltr'>etsi</span> 
     </span>
     <span class='ocr_line' id='line_1_64' title="bbox 2356 979 3898 1062; baseline 0.01 -28"><span class='ocrx_word' id='word_1_253' title='bbox 2356 979 2552 1037; x_wconf 91' lang='lat' dir='ltr'>nullus</span> <span class='ocrx_word' id='word_1_254' title='bbox 2583 982 2660 1038; x_wconf 86' lang='lat' dir='ltr'>sit</span> <span class='ocrx_word' id='word_1_255' title='bbox 2689 983 2788 1054; x_wconf 88' lang='lat' dir='ltr'>qui</span> <span class='ocrx_word' id='word_1_256' title='bbox 2824 985 3119 1057; x_wconf 82' lang='lat' dir='ltr'>baptizare</span> <span class='ocrx_word' id='word_1_257' title='bbox 3150 989 3331 1059; x_wconf 81' lang='lat' dir='ltr'>possit</span> <span class='ocrx_word' id='word_1_258' title='bbox 3365 993 3575 1061; x_wconf 82' lang='lat' dir='ltr'>praeter</span> <span class='ocrx_word' id='word_1_259' title='bbox 3604 996 3898 1062; x_wconf 86' lang='lat' dir='ltr'>petentem</span> 
     </span>
     <span class='ocr_line' id='line_1_65' title="bbox 2353 1071 3894 1153; baseline 0.009 -29"><span class='ocrx_word' id='word_1_260' title='bbox 2353 1071 2624 1139; x_wconf 86' lang='lat' dir='ltr'>pretium.</span> <span class='ocrx_word' id='word_1_261' title='bbox 2656 1073 2835 1145; x_wconf 89' lang='lat' dir='ltr'>[Idem</span> <span class='ocrx_word' id='word_1_262' title='bbox 2887 1079 3085 1133; x_wconf 84' lang='lat' dir='ltr'>tenent</span> <span class='ocrx_word' id='word_1_263' title='bbox 3141 1077 3341 1135; x_wconf 85' lang='lat' dir='ltr'>Alens.</span> <span class='ocrx_word' id='word_1_264' title='bbox 3399 1080 3454 1135; x_wconf 83' lang='lat'>2.</span> <span class='ocrx_word' id='word_1_265' title='bbox 3515 1086 3659 1152; x_wconf 84' lang='lat' dir='ltr'>part.</span> <span class='ocrx_word' id='word_1_266' title='bbox 3689 1087 3894 1153; x_wconf 83' lang='lat' dir='ltr'>quaest.</span> 
     </span>
     <span class='ocr_line' id='line_1_66' title="bbox 2359 1159 3895 1240; baseline 0.01 -28"><span class='ocrx_word' id='word_1_267' title='bbox 2359 1159 2474 1214; x_wconf 80' lang='lat'><strong>187.</strong></span> <span class='ocrx_word' id='word_1_268' title='bbox 2512 1177 2586 1217; x_wconf 90' lang='lat' dir='ltr'>m.</span> <span class='ocrx_word' id='word_1_269' title='bbox 2615 1163 2664 1217; x_wconf 91' lang='lat'>3.</span> <span class='ocrx_word' id='word_1_270' title='bbox 2702 1168 2809 1219; x_wconf 86' lang='lat' dir='ltr'>art.</span> <span class='ocrx_word' id='word_1_271' title='bbox 2834 1181 2876 1219; x_wconf 88' lang='lat'>1.</span> <span class='ocrx_word' id='word_1_272' title='bbox 2910 1165 2975 1220; x_wconf 90' lang='lat' dir='ltr'>D.</span> <span class='ocrx_word' id='word_1_273' title='bbox 3009 1166 3216 1222; x_wconf 88' lang='lat' dir='ltr'>Thom.</span> <span class='ocrx_word' id='word_1_274' title='bbox 3256 1168 3346 1223; x_wconf 75' lang='lat' dir='ltr'>bic</span> <span class='ocrx_word' id='word_1_275' title='bbox 3367 1176 3574 1240; x_wconf 77' lang='lat' dir='ltr'>quaest.</span> <span class='ocrx_word' id='word_1_276' title='bbox 3607 1172 3663 1225; x_wconf 97' lang='grc'>2.</span> <span class='ocrx_word' id='word_1_277' title='bbox 3698 1176 3808 1227; x_wconf 77' lang='lat' dir='ltr'>art.</span> <span class='ocrx_word' id='word_1_278' title='bbox 3839 1174 3895 1228; x_wconf 86' lang='grc'>2.</span> 
     </span>
     <span class='ocr_line' id='line_1_67' title="bbox 2352 1250 3894 1333; baseline 0.01 -28"><span class='ocrx_word' id='word_1_279' title='bbox 2352 1254 2407 1305; x_wconf 91' lang='lat' dir='ltr'>et</span> <span class='ocrx_word' id='word_1_280' title='bbox 2439 1250 2703 1309; x_wconf 83' lang='lat' dir='ltr'>distinct.</span> <span class='ocrx_word' id='word_1_281' title='bbox 2734 1253 2825 1311; x_wconf 84' lang='lat'>25.</span> <span class='ocrx_word' id='word_1_282' title='bbox 2859 1260 3065 1327; x_wconf 81' lang='lat' dir='ltr'>quaest.</span> <span class='ocrx_word' id='word_1_283' title='bbox 3103 1258 3155 1312; x_wconf 89' lang='lat'>3.</span> <span class='ocrx_word' id='word_1_284' title='bbox 3191 1263 3301 1316; x_wconf 87' lang='lat' dir='ltr'>art.</span> <span class='ocrx_word' id='word_1_285' title='bbox 3332 1260 3386 1316; x_wconf 83' lang='lat'>2.</span> <span class='ocrx_word' id='word_1_286' title='bbox 3420 1264 3478 1316; x_wconf 88' lang='lat' dir='ltr'>et</span> <span class='ocrx_word' id='word_1_287' title='bbox 3513 1261 3567 1317; x_wconf 86' lang='lat'>2.</span> <span class='ocrx_word' id='word_1_288' title='bbox 3601 1261 3655 1315; x_wconf 90' lang='grc'>2.</span> <span class='ocrx_word' id='word_1_289' title='bbox 3690 1266 3894 1333; x_wconf 82' lang='lat' dir='ltr'>quaest.</span> 
     </span>
     <span class='ocr_line' id='line_1_68' title="bbox 2353 1341 3894 1421; baseline 0.01 -27"><span class='ocrx_word' id='word_1_290' title='bbox 2353 1341 2476 1398; x_wconf 78' lang='lat'><strong>100.</strong></span> <span class='ocrx_word' id='word_1_291' title='bbox 2511 1350 2617 1400; x_wconf 89' lang='lat' dir='ltr'>art.</span> <span class='ocrx_word' id='word_1_292' title='bbox 2649 1345 2703 1401; x_wconf 83' lang='lat'>2.</span> <span class='ocrx_word' id='word_1_293' title='bbox 2739 1346 2811 1401; x_wconf 86' lang='lat' dir='ltr'>ad</span> <span class='ocrx_word' id='word_1_294' title='bbox 2860 1345 3140 1418; x_wconf 86' lang='lat' dir='ltr'>primum.</span> <span class='ocrx_word' id='word_1_295' title='bbox 3194 1354 3442 1421; x_wconf 81' lang='lat' dir='ltr'>Aragon.</span> <span class='ocrx_word' id='word_1_296' title='bbox 3494 1351 3574 1408; x_wconf 90' lang='lat' dir='ltr'>ibi</span> <span class='ocrx_word' id='word_1_297' title='bbox 3618 1351 3894 1410; x_wconf 82' lang='lat' dir='ltr'>Richard.</span> 
     </span>
     <span class='ocr_line' id='line_1_69' title="bbox 2350 1432 3894 1515; baseline 0.008 -29"><span class='ocrx_word' id='word_1_298' title='bbox 2350 1433 2402 1487; x_wconf 78' lang='lat'>4.</span> <span class='ocrx_word' id='word_1_299' title='bbox 2430 1432 2689 1490; x_wconf 87' lang='lat' dir='ltr'>distinct.</span> <span class='ocrx_word' id='word_1_300' title='bbox 2713 1435 2799 1492; x_wconf 86' lang='grc'>25.</span> <span class='ocrx_word' id='word_1_301' title='bbox 2844 1442 2955 1493; x_wconf 86' lang='lat' dir='ltr'>art.</span> <span class='ocrx_word' id='word_1_302' title='bbox 2988 1438 3042 1492; x_wconf 91' lang='lat'>3.</span> <span class='ocrx_word' id='word_1_303' title='bbox 3073 1444 3277 1511; x_wconf 84' lang='lat' dir='ltr'>quaest.</span> <span class='ocrx_word' id='word_1_304' title='bbox 3302 1457 3341 1496; x_wconf 88' lang='lat'>1.</span> <span class='ocrx_word' id='word_1_305' title='bbox 3377 1441 3655 1498; x_wconf 86' lang='lat' dir='ltr'>Paludan.</span> <span class='ocrx_word' id='word_1_306' title='bbox 3690 1449 3894 1515; x_wconf 81' lang='lat' dir='ltr'>quaest.</span> 
     </span>
     <span class='ocr_line' id='line_1_70' title="bbox 2347 1520 3897 1601; baseline 0.009 -28"><span class='ocrx_word' id='word_1_307' title='bbox 2347 1520 2401 1574; x_wconf 89' lang='lat'>8.</span> <span class='ocrx_word' id='word_1_308' title='bbox 2470 1520 2607 1578; x_wconf 82' lang='lat' dir='ltr'>licet</span> <span class='ocrx_word' id='word_1_309' title='bbox 2666 1528 2863 1580; x_wconf 85' lang='lat' dir='ltr'>tamen</span> <span class='ocrx_word' id='word_1_310' title='bbox 2922 1524 3136 1597; x_wconf 87' lang='lat' dir='ltr'>aliquid</span> <span class='ocrx_word' id='word_1_311' title='bbox 3195 1528 3330 1586; x_wconf 81' lang='lat' dir='ltr'>dare</span> <span class='ocrx_word' id='word_1_312' title='bbox 3387 1547 3489 1601; x_wconf 88' lang='lat' dir='ltr'>pro</span> <span class='ocrx_word' id='word_1_313' title='bbox 3558 1531 3897 1589; x_wconf 85' lang='lat' dir='ltr'>redimenda</span> 
     </span>
     <span class='ocr_line' id='line_1_71' title="bbox 2346 1611 3892 1692; baseline 0.01 -30"><span class='ocrx_word' id='word_1_314' title='bbox 2346 1611 2664 1678; x_wconf 82' lang='lat' dir='ltr'>vexatione,</span> <span class='ocrx_word' id='word_1_315' title='bbox 2699 1629 2801 1685; x_wconf 86' lang='lat' dir='ltr'>pro</span> <span class='ocrx_word' id='word_1_316' title='bbox 2833 1615 3075 1671; x_wconf 87' lang='lat' dir='ltr'>materia</span> <span class='ocrx_word' id='word_1_317' title='bbox 3102 1621 3160 1672; x_wconf 84' lang='lat' dir='ltr'>et</span> <span class='ocrx_word' id='word_1_318' title='bbox 3189 1616 3403 1687; x_wconf 77' lang='lat' dir='ltr'>labore,</span> <span class='ocrx_word' id='word_1_319' title='bbox 3436 1620 3539 1677; x_wconf 85' lang='lat' dir='ltr'>sed</span> <span class='ocrx_word' id='word_1_320' title='bbox 3570 1621 3804 1692; x_wconf 84' lang='lat' dir='ltr'>praecise</span> <span class='ocrx_word' id='word_1_321' title='bbox 3835 1623 3892 1678; x_wconf 90' lang='lat' dir='ltr'>in</span> 
     </span>
     <span class='ocr_line' id='line_1_72' title="bbox 2347 1701 3894 1770; baseline 0.008 -16"><span class='ocrx_word' id='word_1_322' title='bbox 2347 1702 2588 1756; x_wconf 88' lang='lat' dir='ltr'>emendo</span> <span class='ocrx_word' id='word_1_323' title='bbox 2619 1701 2911 1770; x_wconf 80' lang='lat' dir='ltr'>spirituali</span> <span class='ocrx_word' id='word_1_324' title='bbox 2942 1712 3026 1760; x_wconf 88' lang='lat' dir='ltr'>est</span> <span class='ocrx_word' id='word_1_325' title='bbox 3076 1705 3389 1764; x_wconf 84' lang='lat' dir='ltr'>intrinsece</span> <span class='ocrx_word' id='word_1_326' title='bbox 3447 1705 3664 1766; x_wconf 82' lang='lat' dir='ltr'>malum</span> <span class='ocrx_word' id='word_1_327' title='bbox 3734 1710 3894 1767; x_wconf 80' lang='lat' dir='ltr'>nulla</span> 
     </span>
     <span class='ocr_line' id='line_1_73' title="bbox 2344 1786 3176 1850; baseline 0.006 -6"><span class='ocrx_word' id='word_1_328' title='bbox 2344 1786 2786 1846; x_wconf 85' lang='lat' dir='ltr'>circumstantia</span> <span class='ocrx_word' id='word_1_329' title='bbox 2824 1793 3176 1850; x_wconf 82' lang='lat' dir='ltr'>excusabile.</span> 
     </span>
    </p>
   </div>
   <div class='ocr_carea' id='block_1_8' title="bbox 2317 1966 4241 5580">
    <p class='ocr_par' dir='ltr' id='par_1_11' title="bbox 2333 1966 3890 3219">
     <span class='ocr_line' id='line_1_74' title="bbox 2440 1966 3887 2073; baseline 0.008 -34"><span class='ocrx_word' id='word_1_330' title='bbox 2440 1966 2553 2039; x_wconf 88' lang='lat' dir='ltr'>Ad</span> <span class='ocrx_word' id='word_1_331' title='bbox 2613 1967 2818 2042; x_wconf 90' lang='lat' dir='ltr'>aliud</span> <span class='ocrx_word' id='word_1_332' title='bbox 2890 1969 2982 2044; x_wconf 91' lang='lat' dir='ltr'>de</span> <span class='ocrx_word' id='word_1_333' title='bbox 3050 1969 3405 2059; x_wconf 89' lang='lat' dir='ltr'>simonia,</span> <span class='ocrx_word' id='word_1_334' title='bbox 3472 1974 3640 2049; x_wconf 92' lang='lat' dir='ltr'>dico</span> <span class='ocrx_word' id='word_1_335' title='bbox 3682 1978 3887 2073; x_wconf 92' lang='lat' dir='ltr'>quod</span> 
     </span>
     <span class='ocr_line' id='line_1_75' title="bbox 2343 2082 3883 2186; baseline 0.009 -31"><span class='ocrx_word' id='word_1_336' title='bbox 2343 2082 2405 2155; x_wconf 88' lang='lat' dir='ltr'>si</span> <span class='ocrx_word' id='word_1_337' title='bbox 2488 2096 2689 2159; x_wconf 91' lang='lat' dir='ltr'>emat</span> <span class='ocrx_word' id='word_1_338' title='bbox 2755 2110 3062 2184; x_wconf 90' lang='lat' dir='ltr'>aquam,</span> <span class='ocrx_word' id='word_1_339' title='bbox 3154 2090 3337 2186; x_wconf 87' lang='lat' dir='ltr'>quia</span> <span class='ocrx_word' id='word_1_340' title='bbox 3412 2101 3678 2167; x_wconf 87' lang='lat' dir='ltr'>sancta</span> <span class='ocrx_word' id='word_1_341' title='bbox 3743 2104 3883 2182; x_wconf 84' lang='lat' dir='ltr'>est,</span> 
     </span>
     <span class='ocr_line' id='line_1_76' title="bbox 2342 2202 3886 2309; baseline 0.008 -36"><span class='ocrx_word' id='word_1_342' title='bbox 2342 2211 2634 2297; x_wconf 85' lang='lat' dir='ltr'>peccat,</span> <span class='ocrx_word' id='word_1_343' title='bbox 2725 2202 2908 2300; x_wconf 91' lang='lat' dir='ltr'>quia</span> <span class='ocrx_word' id='word_1_344' title='bbox 3009 2204 3193 2278; x_wconf 90' lang='lat' dir='ltr'>emit</span> <span class='ocrx_word' id='word_1_345' title='bbox 3277 2207 3595 2306; x_wconf 90' lang='lat' dir='ltr'>aliquid,</span> <span class='ocrx_word' id='word_1_346' title='bbox 3682 2212 3886 2309; x_wconf 92' lang='lat' dir='ltr'>quod</span> 
     </span>
     <span class='ocr_line' id='line_1_77' title="bbox 2341 2323 3890 2423; baseline 0.008 -32"><span class='ocrx_word' id='word_1_347' title='bbox 2341 2343 2494 2393; x_wconf 91' lang='lat' dir='ltr'>non</span> <span class='ocrx_word' id='word_1_348' title='bbox 2540 2330 2787 2418; x_wconf 80' lang='lat' dir='ltr'>potest</span> <span class='ocrx_word' id='word_1_349' title='bbox 2829 2323 3059 2397; x_wconf 89' lang='lat' dir='ltr'>rebus</span> <span class='ocrx_word' id='word_1_350' title='bbox 3090 2327 3642 2423; x_wconf 87' lang='lat' dir='ltr'>temporalibus</span> <span class='ocrx_word' id='word_1_351' title='bbox 3682 2331 3890 2405; x_wconf 76' lang='lat' dir='ltr'>aesli-</span> 
     </span>
     <span class='ocr_line' id='line_1_78' title="bbox 2344 2439 3890 2524; baseline 0.01 -15"><span class='ocrx_word' id='word_1_352' title='bbox 2344 2439 2533 2512; x_wconf 86' lang='lat' dir='ltr'>mari</span> <span class='ocrx_word' id='word_1_353' title='bbox 2592 2442 3019 2516; x_wconf 83' lang='lat' dir='ltr'>secundum</span> <span class='ocrx_word' id='word_1_354' title='bbox 3085 2446 3456 2520; x_wconf 86' lang='lat' dir='ltr'>valorem.</span> <span class='ocrx_word' id='word_1_355' title='bbox 3521 2449 3692 2523; x_wconf 82' lang='lat' dir='ltr'>Non</span> <span class='ocrx_word' id='word_1_356' title='bbox 3745 2475 3890 2524; x_wconf 91' lang='lat' dir='ltr'>au-</span> 
     </span>
     <span class='ocr_line' id='line_1_79' title="bbox 2345 2560 3886 2659; baseline 0.009 -31"><span class='ocrx_word' id='word_1_357' title='bbox 2345 2564 2486 2629; x_wconf 92' lang='lat' dir='ltr'>tem</span> <span class='ocrx_word' id='word_1_358' title='bbox 2542 2568 2832 2654; x_wconf 90' lang='lat' dir='ltr'>peccat,</span> <span class='ocrx_word' id='word_1_359' title='bbox 2896 2560 3026 2658; x_wconf 90' lang='lat' dir='ltr'>qui</span> <span class='ocrx_word' id='word_1_360' title='bbox 3071 2563 3262 2659; x_wconf 91' lang='lat' dir='ltr'>petit</span> <span class='ocrx_word' id='word_1_361' title='bbox 3301 2564 3886 2643; x_wconf 84' lang='lat' dir='ltr'>Sacramentum</span> 
     </span>
     <span class='ocr_line' id='line_1_80' title="bbox 2338 2674 3889 2779; baseline 0.009 -34"><span class='ocrx_word' id='word_1_362' title='bbox 2338 2696 2380 2745; x_wconf 92' lang='lat' dir='ltr'>a</span> <span class='ocrx_word' id='word_1_363' title='bbox 2463 2674 2661 2748; x_wconf 93' lang='lat' dir='ltr'>malo</span> <span class='ocrx_word' id='word_1_364' title='bbox 2733 2677 3158 2772; x_wconf 85' lang='lat' dir='ltr'>sacerdote,</span> <span class='ocrx_word' id='word_1_365' title='bbox 3243 2681 3375 2779; x_wconf 93' lang='lat' dir='ltr'>qui</span> <span class='ocrx_word' id='word_1_366' title='bbox 3461 2707 3612 2757; x_wconf 93' lang='lat' dir='ltr'>non</span> <span class='ocrx_word' id='word_1_367' title='bbox 3723 2689 3889 2759; x_wconf 82' lang='lat' dir='ltr'>vult</span> 
     </span>
     <span class='ocr_line' id='line_1_81' title="bbox 2336 2788 3884 2895; baseline 0.011 -35"><span class='ocrx_word' id='word_1_368' title='bbox 2336 2788 2514 2865; x_wconf 90' lang='lat' dir='ltr'>dare</span> <span class='ocrx_word' id='word_1_369' title='bbox 2584 2791 2730 2865; x_wconf 91' lang='lat' dir='ltr'>sibi</span> <span class='ocrx_word' id='word_1_370' title='bbox 2790 2814 3097 2890; x_wconf 89' lang='lat' dir='ltr'>aquam,</span> <span class='ocrx_word' id='word_1_371' title='bbox 3163 2797 3296 2871; x_wconf 90' lang='lat' dir='ltr'>sed</span> <span class='ocrx_word' id='word_1_372' title='bbox 3336 2800 3700 2895; x_wconf 86' lang='lat' dir='ltr'>vendere,</span> <span class='ocrx_word' id='word_1_373' title='bbox 3747 2803 3884 2877; x_wconf 90' lang='lat' dir='ltr'>sed</span> 
     </span>
     <span class='ocr_line' id='line_1_82' title="bbox 2335 2910 3885 3007; baseline 0.008 -27"><span class='ocrx_word' id='word_1_374' title='bbox 2335 2919 2598 3004; x_wconf 86' lang='lat' dir='ltr'>peccat</span> <span class='ocrx_word' id='word_1_375' title='bbox 2648 2910 2831 3007; x_wconf 90' lang='lat' dir='ltr'>quia</span> <span class='ocrx_word' id='word_1_376' title='bbox 2896 2913 3280 2988; x_wconf 90' lang='lat' dir='ltr'>contrahit</span> <span class='ocrx_word' id='word_1_377' title='bbox 3343 2917 3584 2992; x_wconf 84' lang='lat' dir='ltr'>sorum</span> <span class='ocrx_word' id='word_1_378' title='bbox 3651 2918 3885 2994; x_wconf 86' lang='lat' dir='ltr'>illici-</span> 
     </span>
     <span class='ocr_line' id='line_1_83' title="bbox 2335 3026 3882 3131; baseline 0.01 -35"><span class='ocrx_word' id='word_1_379' title='bbox 2335 3032 2527 3119; x_wconf 90' lang='lat' dir='ltr'>tum,</span> <span class='ocrx_word' id='word_1_380' title='bbox 2590 3026 2650 3100; x_wconf 91' lang='lat' dir='ltr'>si</span> <span class='ocrx_word' id='word_1_381' title='bbox 2715 3027 2921 3102; x_wconf 86' lang='lat' dir='ltr'>illam</span> <span class='ocrx_word' id='word_1_382' title='bbox 2985 3039 3212 3119; x_wconf 88' lang='lat' dir='ltr'>emat,</span> <span class='ocrx_word' id='word_1_383' title='bbox 3277 3034 3461 3131; x_wconf 91' lang='lat' dir='ltr'>quia</span> <span class='ocrx_word' id='word_1_384' title='bbox 3536 3037 3882 3111; x_wconf 83' lang='lat' dir='ltr'>sanctifi-</span> 
     </span>
     <span class='ocr_line' id='line_1_84' title="bbox 2333 3152 2696 3219; baseline 0.006 -3"><span class='ocrx_word' id='word_1_385' title='bbox 2333 3152 2501 3217; x_wconf 88' lang='lat' dir='ltr'>cata</span> <span class='ocrx_word' id='word_1_386' title='bbox 2559 3153 2696 3219; x_wconf 90' lang='lat' dir='ltr'>est.</span> 
     </span>
    </p>

    <p class='ocr_par' dir='ltr' id='par_1_12' title="bbox 2317 3256 4241 5580">
     <span class='ocr_line' id='line_1_85' title="bbox 2430 3256 4241 3370; baseline 0.008 -35"><span class='ocrx_word' id='word_1_387' title='bbox 2430 3262 2578 3336; x_wconf 79' lang='lat' dir='ltr'>Sed</span> <span class='ocrx_word' id='word_1_388' title='bbox 2612 3263 2792 3359; x_wconf 87' lang='lat' dir='ltr'>quid</span> <span class='ocrx_word' id='word_1_389' title='bbox 2849 3274 2958 3339; x_wconf 91' lang='lat' dir='ltr'>est</span> <span class='ocrx_word' id='word_1_390' title='bbox 2997 3264 3426 3342; x_wconf 83' lang='lat' dir='ltr'>faciendum</span> <span class='ocrx_word' id='word_1_391' title='bbox 3488 3293 3659 3345; x_wconf 89' lang='lat' dir='ltr'>cum</span> <span class='ocrx_word' id='word_1_392' title='bbox 3702 3273 3872 3368; x_wconf 88' lang='lat' dir='ltr'>ist0,</span> <span class='ocrx_word' id='word_1_393' title='bbox 3910 3300 4191 3370; x_wconf 80' lang='lat' dir='ltr'>Quomodo</span> <span class='ocrx_word' id='word_1_394' title='bbox 4218 3256 4241 3268; x_wconf 52' lang='lat'><em>⁶</em></span> 
     </span>
     <span class='ocr_line' id='line_1_86' title="bbox 2332 3364 4224 3491; baseline 0.011 -43"><span class='ocrx_word' id='word_1_395' title='bbox 2332 3376 2460 3472; x_wconf 89' lang='lat' dir='ltr'>qui</span> <span class='ocrx_word' id='word_1_396' title='bbox 2506 3376 2614 3451; x_wconf 92' lang='lat' dir='ltr'>sic</span> <span class='ocrx_word' id='word_1_397' title='bbox 2653 3380 2818 3452; x_wconf 85' lang='lat' dir='ltr'>vult</span> <span class='ocrx_word' id='word_1_398' title='bbox 2874 3381 3209 3456; x_wconf 86' lang='lat' dir='ltr'>vendere</span> <span class='ocrx_word' id='word_1_399' title='bbox 3265 3406 3542 3480; x_wconf 84' lang='lat' dir='ltr'>aquam</span> <span class='ocrx_word' id='word_1_400' title='bbox 3604 3391 3876 3463; x_wconf 87' lang='lat' dir='ltr'>sancti·</span> <span class='ocrx_word' id='word_1_401' title='bbox 3906 3364 4224 3491; x_wconf 51' lang='lat' dir='ltr'>{ffigffig‘ssffo</span> 
     </span>
     <span class='ocr_line' id='line_1_87' title="bbox 2334 3491 4206 3603; baseline 0.011 -39"><span class='ocrx_word' id='word_1_402' title='bbox 2334 3491 2628 3568; x_wconf 80' lang='lat' dir='ltr'>licatam</span> <span class='ocrx_word' id='word_1_403' title='bbox 2675 3495 3052 3571; x_wconf 79' lang='lat' dir='ltr'>omnino?</span> <span class='ocrx_word' id='word_1_404' title='bbox 3104 3498 3292 3573; x_wconf 89' lang='lat' dir='ltr'>Dico</span> <span class='ocrx_word' id='word_1_405' title='bbox 3348 3503 3550 3599; x_wconf 93' lang='lat' dir='ltr'>quod</span> <span class='ocrx_word' id='word_1_406' title='bbox 3595 3505 3656 3578; x_wconf 92' lang='lat' dir='ltr'>si</span> <span class='ocrx_word' id='word_1_407' title='bbox 3703 3509 3873 3583; x_wconf 87' lang='lat' dir='ltr'>talis</span> <span class='ocrx_word' id='word_1_408' title='bbox 3904 3491 4206 3603; x_wconf 58' lang='lat' dir='ltr'>⁸³⁰¹&#39;322ffl‘</span> 
     </span>
     <span class='ocr_line' id='line_1_88' title="bbox 2330 3614 3868 3717; baseline 0.01 -31"><span class='ocrx_word' id='word_1_409' title='bbox 2330 3614 2686 3688; x_wconf 90' lang='lat' dir='ltr'>sacerdos</span> <span class='ocrx_word' id='word_1_410' title='bbox 2745 3616 2927 3690; x_wconf 89' lang='lat' dir='ltr'>velit</span> <span class='ocrx_word' id='word_1_411' title='bbox 2971 3618 3305 3693; x_wconf 89' lang='lat' dir='ltr'>vendere</span> <span class='ocrx_word' id='word_1_412' title='bbox 3350 3643 3656 3717; x_wconf 88' lang='lat' dir='ltr'>aquam,</span> <span class='ocrx_word' id='word_1_413' title='bbox 3714 3650 3868 3701; x_wconf 86' lang='lat' dir='ltr'>non</span> 
     </span>
     <span class='ocr_line' id='line_1_89' title="bbox 2330 3729 3868 3837; baseline 0.01 -35"><span class='ocrx_word' id='word_1_414' title='bbox 2330 3729 2513 3826; x_wconf 90' lang='lat' dir='ltr'>quia</span> <span class='ocrx_word' id='word_1_415' title='bbox 2552 3729 3026 3806; x_wconf 89' lang='lat' dir='ltr'>sanctificata</span> <span class='ocrx_word' id='word_1_416' title='bbox 3060 3743 3200 3828; x_wconf 90' lang='lat' dir='ltr'>est,</span> <span class='ocrx_word' id='word_1_417' title='bbox 3232 3737 3353 3810; x_wconf 81' lang='lat' dir='ltr'>vel</span> <span class='ocrx_word' id='word_1_418' title='bbox 3395 3753 3868 3837; x_wconf 85' lang='lat' dir='ltr'>consecrata,</span> 
     </span>
     <span class='ocr_line' id='line_1_90' title="bbox 2327 3847 3868 3956; baseline 0.01 -35"><span class='ocrx_word' id='word_1_419' title='bbox 2327 3847 2460 3921; x_wconf 90' lang='lat' dir='ltr'>sed</span> <span class='ocrx_word' id='word_1_420' title='bbox 2531 3856 2841 3945; x_wconf 88' lang='lat' dir='ltr'>propter</span> <span class='ocrx_word' id='word_1_421' title='bbox 2912 3849 3253 3926; x_wconf 89' lang='lat' dir='ltr'>laborem</span> <span class='ocrx_word' id='word_1_422' title='bbox 3325 3877 3582 3950; x_wconf 91' lang='lat' dir='ltr'>suum,</span> <span class='ocrx_word' id='word_1_423' title='bbox 3639 3882 3868 3956; x_wconf 88' lang='lat' dir='ltr'>quem</span> 
     </span>
     <span class='ocr_line' id='line_1_91' title="bbox 2333 3962 3866 4074; baseline 0.012 -39"><span class='ocrx_word' id='word_1_424' title='bbox 2333 3962 2543 4060; x_wconf 92' lang='lat' dir='ltr'>ponit</span> <span class='ocrx_word' id='word_1_425' title='bbox 2629 3964 2832 4039; x_wconf 90' lang='lat' dir='ltr'>circa</span> <span class='ocrx_word' id='word_1_426' title='bbox 2925 3970 3585 4046; x_wconf 89' lang='lat' dir='ltr'>consecrationem</span> <span class='ocrx_word' id='word_1_427' title='bbox 3670 3976 3866 4074; x_wconf 77' lang='lat' dir='ltr'>ejuS,</span> 
     </span>
     <span class='ocr_line' id='line_1_92' title="bbox 2329 4081 3872 4171; baseline 0.01 -15"><span class='ocrx_word' id='word_1_428' title='bbox 2329 4081 2525 4156; x_wconf 89' lang='lat' dir='ltr'>sicut</span> <span class='ocrx_word' id='word_1_429' title='bbox 2603 4082 3040 4158; x_wconf 87' lang='lat' dir='ltr'>sacerdotes</span> <span class='ocrx_word' id='word_1_430' title='bbox 3108 4088 3585 4167; x_wconf 84' lang='lat' dir='ltr'>celebrantes</span> <span class='ocrx_word' id='word_1_431' title='bbox 3643 4097 3872 4171; x_wconf 88' lang='lat' dir='ltr'>anni-</span> 
     </span>
     <span class='ocr_line' id='line_1_93' title="bbox 2325 4199 3865 4303; baseline 0.012 -32"><span class='ocrx_word' id='word_1_432' title='bbox 2325 4199 2692 4289; x_wconf 86' lang='lat' dir='ltr'>versaria,</span> <span class='ocrx_word' id='word_1_433' title='bbox 2765 4202 3117 4276; x_wconf 89' lang='lat' dir='ltr'>vendunt</span> <span class='ocrx_word' id='word_1_434' title='bbox 3191 4205 3529 4282; x_wconf 90' lang='lat' dir='ltr'>laborem</span> <span class='ocrx_word' id='word_1_435' title='bbox 3608 4236 3865 4303; x_wconf 84' lang='lat' dir='ltr'>suum,</span> 
     </span>
     <span class='ocr_line' id='line_1_94' title="bbox 2327 4317 3866 4416; baseline 0.012 -28"><span class='ocrx_word' id='word_1_436' title='bbox 2327 4339 2555 4413; x_wconf 87' lang='lat' dir='ltr'>quem</span> <span class='ocrx_word' id='word_1_437' title='bbox 2621 4317 2907 4392; x_wconf 90' lang='lat' dir='ltr'>habent</span> <span class='ocrx_word' id='word_1_438' title='bbox 2964 4319 3166 4394; x_wconf 87' lang='lat' dir='ltr'>circa</span> <span class='ocrx_word' id='word_1_439' title='bbox 3214 4322 3518 4416; x_wconf 80' lang='lat' dir='ltr'>Missas,</span> <span class='ocrx_word' id='word_1_440' title='bbox 3581 4338 3653 4403; x_wconf 90' lang='lat' dir='ltr'>et</span> <span class='ocrx_word' id='word_1_441' title='bbox 3712 4355 3866 4406; x_wconf 91' lang='lat' dir='ltr'>non</span> 
     </span>
     <span class='ocr_line' id='line_1_95' title="bbox 2325 4435 3869 4547; baseline 0.013 -41"><span class='ocrx_word' id='word_1_442' title='bbox 2325 4435 2531 4533; x_wconf 91' lang='lat' dir='ltr'>ipsas</span> <span class='ocrx_word' id='word_1_443' title='bbox 2641 4436 2946 4532; x_wconf 81' lang='lat' dir='ltr'>MissaS,</span> <span class='ocrx_word' id='word_1_444' title='bbox 3048 4438 3156 4514; x_wconf 89' lang='lat' dir='ltr'>sic</span> <span class='ocrx_word' id='word_1_445' title='bbox 3245 4452 3495 4539; x_wconf 88' lang='lat' dir='ltr'>potest</span> <span class='ocrx_word' id='word_1_446' title='bbox 3588 4448 3869 4547; x_wconf 90' lang='lat' dir='ltr'>aliquis</span> 
     </span>
     <span class='ocr_line' id='line_1_96' title="bbox 2327 4550 3862 4662; baseline 0.011 -39"><span class='ocrx_word' id='word_1_447' title='bbox 2327 4550 2529 4625; x_wconf 83' lang='lat' dir='ltr'>licite</span> <span class='ocrx_word' id='word_1_448' title='bbox 2608 4575 2862 4627; x_wconf 88' lang='lat' dir='ltr'>emere</span> <span class='ocrx_word' id='word_1_449' title='bbox 2950 4577 3230 4651; x_wconf 89' lang='lat' dir='ltr'>aquam</span> <span class='ocrx_word' id='word_1_450' title='bbox 3309 4574 3862 4662; x_wconf 84' lang='lat' dir='ltr'>consecratam,</span> 
     </span>
     <span class='ocr_line' id='line_1_97' title="bbox 2323 4668 3867 4757; baseline 0.012 -17"><span class='ocrx_word' id='word_1_451' title='bbox 2323 4676 2398 4741; x_wconf 89' lang='lat' dir='ltr'>et</span> <span class='ocrx_word' id='word_1_452' title='bbox 2472 4668 2670 4743; x_wconf 89' lang='lat' dir='ltr'>alius</span> <span class='ocrx_word' id='word_1_453' title='bbox 2727 4669 3062 4745; x_wconf 87' lang='lat' dir='ltr'>vendere</span> <span class='ocrx_word' id='word_1_454' title='bbox 3123 4671 3461 4748; x_wconf 80' lang='lat' dir='ltr'>officium</span> <span class='ocrx_word' id='word_1_455' title='bbox 3506 4702 3729 4754; x_wconf 91' lang='lat' dir='ltr'>suum</span> <span class='ocrx_word' id='word_1_456' title='bbox 3793 4693 3867 4757; x_wconf 93' lang='lat' dir='ltr'>et</span> 
     </span>
     <span class='ocr_line' id='line_1_98' title="bbox 2323 4786 3858 4895; baseline 0.01 -36"><span class='ocrx_word' id='word_1_457' title='bbox 2323 4807 2631 4882; x_wconf 86' lang='lat' dir='ltr'>aquam,</span> <span class='ocrx_word' id='word_1_458' title='bbox 2713 4786 2845 4860; x_wconf 91' lang='lat' dir='ltr'>sed</span> <span class='ocrx_word' id='word_1_459' title='bbox 2941 4787 3157 4861; x_wconf 93' lang='lat' dir='ltr'>nullo</span> <span class='ocrx_word' id='word_1_460' title='bbox 3260 4793 3486 4868; x_wconf 87' lang='lat' dir='ltr'>modo</span> <span class='ocrx_word' id='word_1_461' title='bbox 3577 4798 3858 4895; x_wconf 89' lang='lat' dir='ltr'>carius,</span> 
     </span>
     <span class='ocr_line' id='line_1_99' title="bbox 2322 4901 4210 4999; baseline 0.01 -24"><span class='ocrx_word' id='word_1_462' title='bbox 2322 4901 2506 4999; x_wconf 88' lang='lat' dir='ltr'>quia</span> <span class='ocrx_word' id='word_1_463' title='bbox 2546 4911 2660 4976; x_wconf 90' lang='lat' dir='ltr'>est</span> <span class='ocrx_word' id='word_1_464' title='bbox 2699 4913 3167 4979; x_wconf 89' lang='lat' dir='ltr'>consecrata.</span> <span class='ocrx_word' id='word_1_465' title='bbox 3216 4906 3295 4980; x_wconf 88' lang='lat' dir='ltr'>Si</span> <span class='ocrx_word' id='word_1_466' title='bbox 3360 4920 3615 4986; x_wconf 90' lang='lat' dir='ltr'>autem</span> <span class='ocrx_word' id='word_1_467' title='bbox 3677 4918 3863 4993; x_wconf 77' lang='lat' dir='ltr'>velit</span> <span class='ocrx_word' id='word_1_468' title='bbox 3913 4933 4210 4987; x_wconf 64' lang='lat' dir='ltr'>Lieetven-</span> 
     </span>
     <span class='ocr_line' id='line_1_100' title="bbox 2321 4996 4202 5117; baseline 0.014 -29"><span class='ocrx_word' id='word_1_469' title='bbox 2321 5016 2638 5091; x_wconf 91' lang='lat' dir='ltr'>omnino</span> <span class='ocrx_word' id='word_1_470' title='bbox 2696 5018 3029 5094; x_wconf 79' lang='lat' dir='ltr'>vendere</span> <span class='ocrx_word' id='word_1_471' title='bbox 3071 5042 3347 5117; x_wconf 91' lang='lat' dir='ltr'>aquam</span> <span class='ocrx_word' id='word_1_472' title='bbox 3393 5034 3465 5099; x_wconf 88' lang='lat' dir='ltr'>et</span> <span class='ocrx_word' id='word_1_473' title='bbox 3522 5027 3858 5107; x_wconf 86' lang='lat' dir='ltr'>officium</span> <span class='ocrx_word' id='word_1_474' title='bbox 3891 4996 4202 5115; x_wconf 46' lang='lat' dir='ltr'>dorgtgoo</span> 
     </span>
     <span class='ocr_line' id='line_1_101' title="bbox 2319 5134 3864 5239; baseline 0.01 -31"><span class='ocrx_word' id='word_1_475' title='bbox 2319 5157 2546 5208; x_wconf 89' lang='lat' dir='ltr'>suum</span> <span class='ocrx_word' id='word_1_476' title='bbox 2590 5134 2871 5229; x_wconf 80' lang='lat' dir='ltr'>cariuS,</span> <span class='ocrx_word' id='word_1_477' title='bbox 2926 5136 3108 5232; x_wconf 84' lang='lat' dir='ltr'>quia</span> <span class='ocrx_word' id='word_1_478' title='bbox 3149 5154 3618 5239; x_wconf 89' lang='lat' dir='ltr'>consecrata,</span> <span class='ocrx_word' id='word_1_479' title='bbox 3663 5172 3864 5224; x_wconf 89' lang='lat' dir='ltr'>com-</span> 
     </span>
     <span class='ocr_line' id='line_1_102' title="bbox 2322 5250 3864 5359; baseline 0.014 -37"><span class='ocrx_word' id='word_1_480' title='bbox 2322 5250 2738 5325; x_wconf 90' lang='lat' dir='ltr'>mittendus</span> <span class='ocrx_word' id='word_1_481' title='bbox 2797 5261 2911 5326; x_wconf 89' lang='lat' dir='ltr'>est</span> <span class='ocrx_word' id='word_1_482' title='bbox 2964 5254 3320 5331; x_wconf 88' lang='lat' dir='ltr'>sacerdos</span> <span class='ocrx_word' id='word_1_483' title='bbox 3374 5257 3725 5359; x_wconf 83' lang='lat' dir='ltr'>DiabolO,</span> <span class='ocrx_word' id='word_1_484' title='bbox 3789 5279 3864 5343; x_wconf 94' lang='lat' dir='ltr'>et</span> 
     </span>
     <span class='ocr_line' id='line_1_103' title="bbox 2317 5370 3862 5481; baseline 0.013 -41"><span class='ocrx_word' id='word_1_485' title='bbox 2317 5370 2827 5467; x_wconf 89' lang='lat' dir='ltr'>reportandus</span> <span class='ocrx_word' id='word_1_486' title='bbox 2903 5379 3017 5444; x_wconf 91' lang='lat' dir='ltr'>est</span> <span class='ocrx_word' id='word_1_487' title='bbox 3069 5373 3466 5471; x_wconf 83' lang='lat' dir='ltr'>parvuluS,</span> <span class='ocrx_word' id='word_1_488' title='bbox 3538 5403 3582 5453; x_wconf 91' lang='lat' dir='ltr'>a</span> <span class='ocrx_word' id='word_1_489' title='bbox 3649 5396 3862 5481; x_wconf 88' lang='lat' dir='ltr'>patre</span> 
     </span>
     <span class='ocr_line' id='line_1_104' title="bbox 2319 5483 3861 5580; baseline 0.014 -22"><span class='ocrx_word' id='word_1_490' title='bbox 2319 5483 2411 5580; x_wconf 88' lang='lat' dir='ltr'>(si</span> <span class='ocrx_word' id='word_1_491' title='bbox 2498 5486 2764 5561; x_wconf 89' lang='lat' dir='ltr'>nullus</span> <span class='ocrx_word' id='word_1_492' title='bbox 2830 5485 3028 5560; x_wconf 89' lang='lat' dir='ltr'>alius</span> <span class='ocrx_word' id='word_1_493' title='bbox 3095 5487 3444 5566; x_wconf 88' lang='lat' dir='ltr'>minister</span> <span class='ocrx_word' id='word_1_494' title='bbox 3532 5495 3861 5579; x_wconf 91' lang='lat' dir='ltr'>idoneus</span> 
     </span>
    </p>
   </div>
   <div class='ocr_carea' id='block_1_9' title="bbox 2315 5604 3852 5712">
    <p class='ocr_par' dir='ltr' id='par_1_13' title="bbox 2315 5604 3852 5712">
     <span class='ocr_line' id='line_1_105' title="bbox 2315 5604 3852 5712; baseline 0.014 -34"><span class='ocrx_word' id='word_1_495' title='bbox 2315 5604 2676 5699; x_wconf 84' lang='lat' dir='ltr'>occurrit)</span> <span class='ocrx_word' id='word_1_496' title='bbox 2747 5629 2921 5681; x_wconf 90' lang='lat' dir='ltr'>cum</span> <span class='ocrx_word' id='word_1_497' title='bbox 2991 5604 3273 5684; x_wconf 87' lang='lat' dir='ltr'>fiducia</span> <span class='ocrx_word' id='word_1_498' title='bbox 3323 5611 3852 5712; x_wconf 64' lang='lat' dir='ltr'>baptizandus</span> 
     </span>
    </p>
   </div>
   <div class='ocr_carea' id='block_1_10' title="bbox 4065 2035 4125 2099">
    <p class='ocr_par' dir='ltr' id='par_1_14' title="bbox 4065 2035 4125 2099">
     <span class='ocr_line' id='line_1_106' title="bbox 4065 2035 4125 2099; baseline -0.017 0"><span class='ocrx_word' id='word_1_499' title='bbox 4065 2035 4125 2099; x_wconf 88' lang='grc'>9.</span> 
     </span>
    </p>
   </div>
   <div class='ocr_carea' id='block_1_11' title="bbox 3965 2149 4202 2263">
    <p class='ocr_par' dir='ltr' id='par_1_15' title="bbox 3965 2149 4202 2263">
     <span class='ocr_line' id='line_1_107' title="bbox 3965 2149 4202 2199; baseline 0 -1"><span class='ocrx_word' id='word_1_500' title='bbox 3965 2149 4051 2199; x_wconf 80' lang='lat' dir='ltr'>Ad</span> <span class='ocrx_word' id='word_1_501' title='bbox 4082 2151 4202 2199; x_wconf 80' lang='lat' dir='ltr'>terti·</span> 
     </span>
     <span class='ocr_line' id='line_1_108' title="bbox 4028 2226 4136 2263; baseline 0.009 -2"><span class='ocrx_word' id='word_1_502' title='bbox 4028 2226 4136 2263; x_wconf 88' lang='lat' dir='ltr'>um.</span> 
     </span>
    </p>
   </div>
  </div>
 </body>
</html>
