4295 6326
291 1236 358 1303 4.

182 1352 446 1414 objectio·
515 1346 698 1442 quia
764 1345 1148 1441 objectum
1208 1354 1321 1418 est
1387 1368 1622 1418 causa
1671 1345 1838 1418 sine
1909 1368 2058 1442 qua

511 1484 694 1554 non,
731 1472 806 1536 et
835 1461 1005 1535 ideo
1046 1485 1200 1534 non
1246 1470 1493 1558 potest
1539 1484 1706 1534 esse
1754 1483 2059 1557 semper

146 1710 478 1776 Responsio.

191 2995 406 3055 Quinta.

448 4227 456 4235 ι

1487 470 1714 540 DIST.
1765 470 1980 536 XXV.
2039 468 2456 548 QUAESTIO
2516 469 2747 539 UNlC.

516 649 818 740 falsum,
851 647 1036 744 quia
1067 670 1218 719 non
1252 656 1498 744 potest
1543 669 1710 720 esse
1761 645 2053 751 voulitiO,

519 764 657 837 nisi
697 762 1210 837 intellectione
1256 763 1543 860 praevia
1586 790 1603 854 3
1670 761 2059 856 incognita

1925 901 2060 974 per

515 996 1030 1092 Augustinum
1066 995 1134 1067 8.
1178 995 1270 1069 dc
1319 995 1593 1069 Trinz't.
1651 1018 1817 1090 cap.
1870 996 1940 1066 4.
1989 1002 2063 1068 ec

515 880 719 954 enim
791 902 1047 954 amare
1119 903 1269 953 non
1376 902 1814 975 possumuS,

519 1111 644 1186 lib.
692 1114 761 1184 9.
809 1136 972 1209 cap.
1012 1112 1131 1184 51.

616 1230 692 1302 Si
768 1228 1066 1302 dicatur
1154 1228 1358 1326 quod
1441 1252 1594 1301 non
1679 1228 2051 1324 sequitur,

511 1577 804 1669 volitio,
849 1577 997 1650 nisi
1041 1577 1336 1672 objecto
1378 1587 1785 1674 praesente.

608 1692 914 1785 Contra,
960 1693 1068 1766 sic
1101 1701 1359 1789 posset
1417 1692 1781 1766 sustineri
1844 1692 2048 1789 quod

510 1809 905 1905 quodlibet
931 1832 1235 1906 semper
1265 1809 1422 1905 agit
1452 1808 1529 1881 in
1563 1831 1642 1882 se
1675 1819 2050 1904 quantum

508 1935 621 2000 est
696 1949 786 2001 ex
864 1935 1077 2025 parte
1147 1925 1294 2020 sui,
1350 1926 1554 2023 quod
1604 1935 1856 2000 tamen
1895 1951 2045 1999 non

505 2066 811 2142 semper
870 2044 1026 2141 agit
1094 2044 1171 2117 in
1240 2068 1349 2133 se,
1432 2046 1577 2117 hoc
1666 2055 1806 2137 est,
1870 2044 2052 2141 quia

504 2160 794 2257 aliquid
863 2160 1118 2235 deficit
1181 2161 1349 2235 sine
1398 2185 1543 2259 quo
1591 2185 1773 2235 non.
1831 2160 2049 2236 Unde

502 2276 795 2374 lignum
847 2288 961 2358 est
1037 2277 1603 2352 combustivum
1682 2279 1831 2373 sui,
1891 2302 2046 2352 non

502 2404 753 2468 tamen
808 2395 1189 2468 comburit
1238 2418 1347 2488 se,
1407 2394 1555 2470 nisi
1610 2396 1788 2493 igne
1848 2422 2048 2495 prae-

501 2521 744 2605 sente,
783 2512 966 2609 quia
996 2512 1202 2608 ignis
1253 2522 1366 2587 est
1414 2512 1584 2586 sine
1641 2537 1787 2612 quo
1828 2537 1981 2587 non
2020 2543 2038 2608 3

501 2629 607 2702 ita
674 2628 906 2725 igitur
964 2617 1460 2727 probabiliter
1527 2641 1783 2728 posset
1823 2631 2045 2705 susti-

506 2746 671 2821 neri
744 2745 1140 2842 quodlibet
1233 2770 1458 2842 agere
1545 2747 1621 2820 in
1705 2772 1785 2822 se
1845 2748 2042 2822 sicut

505 2864 978 2936 voluntatem
1011 2885 1237 2957 agere
1264 2862 1346 2935 in
1381 2886 1489 2937 se.

605 2979 819 3073 Item,
879 3002 1106 3053 omne
1154 3001 1392 3075 agens
1441 2980 1927 3077 aequivocum
1972 2991 2047 3057 et

505 3098 733 3171 totale
762 3095 1238 3171 estnobilius
1279 3094 1582 3191 effectu,
1632 3108 1705 3173 et
1757 3098 2044 3197 princi-

504 3212 717 3310 pium
770 3211 1046 3307 agendi
1118 3213 1454 3287 nobilius
1514 3215 1841 3288 termino
1892 3217 2044 3289 for-

505 3330 684 3402 mali
782 3329 1154 3426 producto
1214 3358 1231 3423 3
1295 3330 1427 3404 sed
1534 3332 1595 3404 si
1687 3334 2045 3408 voluntas

503 3457 769 3520 causat
820 3446 1019 3519 velle
1088 3445 1161 3517 in
1227 3469 1331 3540 se,
1396 3448 1540 3521 hoc
1572 3448 1714 3522 erit
1745 3449 2043 3526 actione

502 3561 955 3658 aequivoca3
1002 3561 1235 3658 igitur
1263 3566 1622 3638 voluntas
1672 3566 1812 3640 erit
1860 3568 2044 3664 quid

501 3679 840 3753 nobilius
879 3682 1271 3755 voluntate
1302 3683 1635 3757 volente.

601 3796 813 3884 Item,
854 3797 1027 3872 duae
1067 3799 1556 3874 auctoritates
1617 3801 2043 3878 Aristotelis

501 3913 1015 4007 adducuntur,
1115 3915 1321 4010 quod
1421 3917 1780 3991 voluntas
1876 3920 2042 3992 vult

500 4031 992 4105 conformiter
1032 4031 1481 4125 intellectui,
1549 4035 1616 4105 7.
1688 4035 2036 4109 Echicor.

498 4155 570 4222 el
613 4147 977 4221 similiter
1019 4147 1089 4219 2.
1145 4147 1237 4221 de
1298 4149 1804 4225 Generatz'one
1851 4153 2042 4226 Am·-

495 4264 847 4339 malz'um.
880 4264 1027 4339 Sed
1054 4265 1196 4339 ista
1228 4276 1408 4339 sunt
1439 4268 1828 4362 auxiliata,
1856 4271 2039 4366 quia

498 4383 659 4457 sive
708 4390 1010 4458 tenetur
1073 4392 1287 4457 actus
1350 4383 1426 4456 in
1494 4386 1887 4461 voluntate
1944 4389 2039 4461 ab

497 4499 647 4573 alio
680 4522 909 4596 quam
954 4523 996 4573 a
1037 4501 1459 4594 voluntate,
1506 4501 1667 4575 sive
1700 4503 1794 4575 ab
1844 4504 2036 4602 ipsa,

504 4615 1126 4713 aequaliter'sunt
1155 4615 1294 4690 ista
1330 4616 1694 4691 difficilia.

593 4732 889 4806 Dicitur
929 4732 1164 4828 igitur
1227 4757 1366 4831 pro
1444 4734 1588 4808 ista
1645 4735 2036 4833 opinione,

493 4848 698 4945 quod
769 4848 1203 4923 intellectus
1262 4872 1501 4946 agens
1570 4875 1722 4924 non
1787 4863 2041 4928 movet

491 4964 882 5063 possibile,
930 4987 1181 5061 neque
1224 4967 1511 5064 aliquid
1559 4967 1630 5040 in
1690 4969 2038 5047 intellec-

488 5091 563 5154 tu
613 5090 867 5155 movet
897 5083 1407 5177 voluntatem,
1453 5108 1627 5158 cum
1673 5110 1824 5159 non
1885 5088 2039 5163 sint

488 5197 846 5271 distincta
913 5197 1312 5295 subject03
1395 5200 1526 5275 sed
1577 5204 2037 5300 phantasma

491 5325 739 5413 potest
773 5339 1079 5391 movere
1114 5317 1586 5394 intellectum
1638 5332 1711 5396 et
1769 5326 2037 5398 volun-

493 5442 753 5526 tatem,
791 5456 1265 5532 quamquam
1336 5461 1487 5511 non
1533 5437 1629 5512 sit
1677 5442 2034 5537 phantas-

485 5574 607 5624 ma
639 5552 953 5641 alicubi‚
993 5553 1180 5649 quin
1223 5554 1329 5629 ibi
1392 5556 1489 5629 sit
1539 5557 1972 5634 intellectus
2009 5591 2024 5605 ·

3594 474 3717 541 119

2175 646 2238 719 si
2281 671 2433 720 non
2477 658 2677 723 esset
2712 648 2862 741 ibi3
2909 658 2982 723 et
3012 649 3120 723 sic
3157 658 3399 745 potest
3439 649 3715 721 salvari

2174 762 2669 853 sufficienter,
2709 764 2909 860 quod
2948 788 3268 838 movens
3308 773 3382 838 et
3421 773 3709 836 motum

2174 901 2478 976 semper
2517 890 2696 953 sunt
2751 880 3105 954 distincta
3159 880 3529 976 subjecto.
3588 880 3718 952 In-

2173 996 2504 1070 tellectio
2538 997 2772 1093 igitur
2837 1008 2911 1073 et
2964 998 3225 1072 volitio
3286 1007 3399 1072 est
3449 996 3717 1072 imme·

2172 1111 2370 1185 diate
2435 1136 2477 1186 a
2544 1115 3078 1210 phantasmate
3140 1112 3713 1187 immediatione

2170 1249 2448 1312 causae,
2492 1229 2630 1302 etsi
2665 1253 2818 1302 non
2876 1229 3448 1302 immediatione
3483 1225 3716 1301 effec-

2166 1352 2317 1436 tuS,
2388 1368 2830 1442 quanquam
2888 1344 3300 1419 intellectio
3360 1344 3455 1417 sit
3510 1343 3717 1441 prior

2168 1458 2243 1530 in
2280 1459 2574 1533 ratione
2608 1459 2922 1534 effectus
2954 1483 3182 1557 quam
3219 1459 3509 1552 volitio,
3559 1483 3710 1531 non

2167 1584 2421 1649 tamen
2505 1576 2962 1650 mediatione
3047 1576 3339 1649 ratione
3422 1598 3706 1667 causae,

2165 1692 2346 1789 quia
2399 1703 2582 1767 tunc
2656 1703 2946 1766 motum
3025 1700 3098 1766 et
3163 1715 3483 1765 movens
3550 1715 3704 1764 non

2165 1819 2420 1884 essent
2452 1808 2805 1883 distincta
2837 1808 3209 1904 subjecto.

2260 1926 2426 1999 Alia
2467 1924 2727 2023 opinio
2762 1925 2976 2022 ponit
3006 1924 3351 1998 eamdem
3387 1925 3707 1997 conclu-
3792 1955 4004 2069 amin-305

3804 2033 3871 2083 (xp
3898 2032 3989 2070 nlo
4052 2034 4059 2041 '

2162 2046 2489 2139 sionem,
2572 2046 2776 2142 quod
2859 2045 3068 2119 aliud
3162 2068 3207 2119 a
3308 2045 3701 2118 voluntate
3758 2026 4225 2157 qu0a1.12.4„.s

2160 2174 2425 2238 causat
2465 2172 2716 2237 actum
2748 2163 2823 2235 in
2867 2164 3291 2254 voluntate,
3337 2160 3469 2233 sed
3511 2160 3699 2235 illud
3749 2150 3940 2207 qum*
3972 2144 4020 2195 ⁵·

2159 2292 2273 2358 est
2344 2281 2727 2378 objectum
2829 2289 2908 2355 ut
2991 2279 3411 2375 cognitum.
3505 2279 3700 2353 Illud
3729 2271 4049 2400 Ttlgg‘qui.

2159 2409 2363 2497 patet
2423 2399 2497 2471 in
2556 2398 2786 2473 simili
2859 2421 2997 2496 per
3083 2400 3494 2472 Averroem
3581 2396 4052 2507 12·{³j⁷⁷·⁰‘¹·

2156 2517 2498 2613 Metaplz.
2581 2522 2767 2590 teoet.
2858 2540 3051 2590 com.
3125 2515 3245 2589 36.
3311 2518 3444 2614 qui
3520 2516 3702 2590 dicit
3732 2472 3857 2584 p.‘1³.'
3882 2462 3935 2587 32
3965 2465 4048 2578 3}

2158 2635 2364 2730 quod
2431 2634 2791 2708 balneum
2863 2634 2937 2705 in
3020 2658 3099 2708 re
3167 2643 3380 2708 extra
3447 2641 3703 2707 movet

2157 2750 2500 2826 effective
2558 2750 2764 2825 vires
2830 2750 3281 2838 sensitivas3
3354 2751 3485 2825 sed
3548 2750 3701 2823 hal<

2155 2891 2389 2942 neum
2423 2867 2501 2940 in
2536 2867 2793 2941 anima
2858 2878 3112 2942 movet
3164 2870 3637 2942 voluntatem
3676 2895 3694 2960 3

2154 3004 2337 3081 ergo
2404 2985 2786 3081 objectum
2845 2994 2927 3058 ut
2994 2984 3383 3081 cognitum
3449 2992 3701 3058 movet

2153 3102 2647 3176 voluntatem.

2254 3220 2469 3311 Item,
2550 3218 2747 3293 sicut
2803 3218 2876 3290 in
2951 3217 3289 3316 appetitu
3326 3218 3694 3293 sensitivo

2154 3337 2534 3433 objectum
2571 3346 2964 3411 sensatum
3008 3345 3271 3410 causat
3319 3345 3572 3430 actum
3616 3336 3693 3410 in

2155 3452 2494 3551 appetitu
2528 3452 2924 3545 sensitiVO,
2970 3451 3078 3525 sic
3129 3452 3510 3549 objectum
3564 3476 3697 3526 co-

2154 3571 2453 3668 gnitum
2492 3571 2565 3643 in
2602 3570 2939 3669 appetitu
2976 3568 3468 3662 intellectivo.

2253 3690 2344 3762 Et
2397 3688 2460 3762 si
2518 3687 2816 3761 dicatur
2874 3695 3140 3760 contra
3188 3686 3401 3779 istos,
3456 3688 3702 3783 objec-

2153 3814 2313 3879 tum
2367 3804 2801 3878 intellectus
2851 3812 3099 3900 potest
3149 3825 3316 3877 esse
3378 3804 3569 3876 nihil
3619 3804 3696 3876 in

2154 3945 2260 4007 se,
2302 3920 2536 4017 igitur
2570 3918 2762 3993 nihil
2806 3928 3054 4017 potest
3124 3917 3467 3994 effective
3510 3944 3699 3994 cau-

2154 4061 2350 4123 sare,
2397 4036 2578 4134 quia
2627 4033 2938 4110 nonest
2969 4035 3448 4130 intelligibile
3493 4038 3696 4134 quod

2155 4178 2291 4252 pro
2324 4154 2455 4227 illo
2493 4177 2726 4245 mmo,
2782 4177 2916 4250 pro
2967 4175 3119 4249 quo
3176 4163 3344 4226 actu
3400 4163 3691 4248 causat,

2155 4271 2251 4345 sit
2305 4281 2477 4345 actu
2554 4269 2773 4357 nihil,
2858 4277 3157 4366 oportet
3234 4291 3367 4343 eos
3442 4269 3694 4344 dicere

2151 4390 2351 4487 quod
2398 4388 2781 4484 objectum
2827 4397 2908 4460 ut
2947 4385 3339 4482 cognitum
3396 4396 3691 4480 causat,

2147 4516 2222 4580 et
2287 4508 2430 4580 hoc
2498 4514 2612 4579 est
2670 4504 2922 4578 dicere
2982 4503 3186 4600 quod
3256 4502 3694 4577 intellectus

2146 4647 2285 4722 per
2361 4620 2953 4698 intellectionem
3038 4629 3305 4694 causat
3396 4619 3695 4693 volitio-

2147 4764 2354 4834 nem,
2417 4740 2597 4836 quia
2660 4738 3045 4836 loquendo
3105 4738 3197 4812 de
3255 4736 3691 4833 cognitione

2145 4857 2550 4944 abstracta,
2598 4854 3081 4927 manifestum
3127 4863 3241 4927 est
3285 4853 3490 4949 quod
3552 4877 3691 4950 po-

2147 4983 2290 5048 test
2338 4995 2506 5047 esse
2563 4970 2851 5069 aliquid
2913 4969 3337 5066 cognitum,
3376 4969 3687 5066 quando

2144 5091 2336 5165 nihil
2370 5101 2485 5165 est
2525 5089 2599 5162 in
2636 5113 2742 5164 se.

2678 5354 3040 5411 SCHOLIUM
3082 5355 3151 5411 11.

2208 5526 2419 5583 Contra
2456 5526 2602 5582 duas
2636 5527 2899 5597 prae'l'atas
2931 5526 3235 5598 opiniones
3282 5523 3535 5590 resolvit,
3570 5539 3675 5578 vo-

2008 5620 2025 5653 ’
2136 5615 2415 5671 luntatem
2449 5632 2687 5671 causare
2715 5633 2885 5671 suum
2921 5625 3135 5671 actum.
3190 5616 3399 5681 Prima,
3450 5620 3674 5668 contra·

488 5667 739 5741 adhuc
776 5676 1033 5743 tamen
1068 5670 1501 5747 intellectus
1534 5685 1648 5748 &St
1688 5675 1897 5769 alim,
1944 5701 2031 5752 ἃΟ
2137 5706 2227 5760 ria
2264 5705 2419 5762 circa
2448 5703 2602 5761 idem
2635 5706 3009 5762 immutatum
3057 5722 3173 5760 non
3207 5706 3454 5776 possunt
3486 5701 3611 5758 fieri
3643 5718 3677 5758 a
