4295 6326
206 1595 286 1645 An
332 1601 526 1648 tenea-

227 1663 315 1708 tur
349 1661 509 1711 homo

203 1720 314 1795 Deo
330 1725 395 1773 ad
418 1737 528 1774 om-

250 1798 340 1835 nm
373 1800 495 1851 qum

268 1851 462 1911 potest..

558 446 688 513 412

559 615 649 685 e'o
711 613 915 709 quod
980 623 1118 703 est,
1190 617 1309 689 vel
1379 638 1546 691 esse
1604 616 1846 713 possit
1903 615 2105 690 circa

553 727 835 823 Deum,
900 755 1052 804 non
1114 731 1379 807 debuit
1427 756 1847 832 peccasse3
1921 757 2102 829 ergo

556 866 714 917 non
776 856 1022 944 potest
1088 849 1552 943 satisfacere,
1623 848 1771 922 nisi
1842 850 2106 924 reddat

556 959 846 1060 aliquid
911 965 1157 1061 majus
1211 966 1418 1039 omni
1476 975 1826 1040 creatura
1880 966 2099 1061 facta,

555 1087 689 1150 aut
727 1080 1075 1176 possibili
1117 1080 1284 1156 fieri
1321 1111 1340 1177 3
1403 1082 1537 1157 sed
1580 1084 1828 1181 majus
1891 1082 2103 1156 omni

557 1205 908 1271 creatura
963 1222 1115 1272 non
1178 1207 1425 1297 potest
1484 1199 1800 1274 reddere
1860 1223 2103 1297 purus

557 1310 843 1408 homo;
916 1336 1097 1410 ergo
1143 1324 1442 1413 oportet
1497 1316 1748 1390 Deum
1802 1315 2103 1390 satisfa-

556 1452 729 1505 cere
778 1457 915 1530 pro
973 1445 1312 1532 peccato,

656 1548 1044 1625 Praeterea
1083 1551 1172 1625 ad
1231 1551 1433 1627 idem
1473 1575 1488 1625 :
1537 1551 1615 1625 Si
1661 1553 1890 1625 homo
1932 1574 2103 1650 pec-

559 1674 770 1739 cator
825 1667 1089 1742 reddat
1136 1668 1297 1744 Deo
1364 1668 1438 1742 id
1496 1676 1822 1762 tantum,
1895 1669 2098 1767 quod

558 1781 784 1857 debet
857 1784 1047 1878 Dec,
1127 1785 1189 1859 si
1266 1785 1639 1860 innocens
1730 1795 1956 1879 esset,
2028 1796 2101 1860 et

558 1921 713 1973 non
780 1912 1198 1998 peccasset,
1266 1926 1420 1976 non
1489 1912 1603 1977 est
1686 1903 2097 1978 satisfactio

553 2051 693 2124 pro
731 2039 1044 2126 peccato
1082 2057 1099 2123 3
1146 2031 1277 2104 sed
1330 2030 1591 2104 omnia
1649 2053 1824 2127 quae
1867 2032 2096 2106 homo

552 2153 805 2242 potest
844 2146 1723 2241 facere,scilicet,Deum
1762 2148 2097 2223 honora-

553 2284 663 2355 re,
731 2284 862 2335 cor
919 2261 1313 2336 humiliter
1362 2263 1523 2337 Deo
1585 2261 1885 2357 offerre,
1951 2264 2095 2337 mi-

551 2376 1043 2452 sericordiam
1089 2377 1319 2452 dandi
1380 2387 1454 2452 et
1510 2377 1969 2473 dimittendi,
2022 2387 2096 2453 et

550 2493 923 2593 quidquid
966 2494 1302 2569 breviter
1352 2503 1624 2593 potest,
1671 2495 1895 2570 debet
1955 2498 2097 2569 ho-

549 2636 702 2706 m0,
774 2611 838 2687 si
917 2635 1066 2686 non
1149 2621 1601 2709 peccasset3
1674 2636 1856 2709 ergo
1915 2614 2095 2688 talia

548 2728 981 2804 exhibendo
1023 2753 1198 2827 non,
1221 2728 1585 2804 satisfacit
1638 2753 1775 2827 pro
1817 2753 2093 2828 pecca-

545 2852 676 2936 to;
739 2865 923 2938 ergo
974 2851 1272 2939 oportet
1310 2842 1514 2939 quod
1564 2842 1656 2916 ad
1701 2844 1845 2917 hoc
1887 2844 2090 2940 quod

545 2959 958 3035 satisfactio
1019 2958 1178 3053 fiat,
1250 2960 1498 3055 majus
1555 2960 1917 3034 omnibus
1972 2961 2091 3035 his

542 3077 706 3152 Deo
749 3076 1138 3172 offeratur,
1184 3076 1389 3174 quod
1440 3101 1595 3152 non
1631 3086 1879 3176 potest
1919 3076 2088 3152 fieri

544 3196 640 3271 ab
700 3196 1012 3271 homine
1079 3218 1328 3293 puro;
1394 3218 1575 3292 ergo
1636 3219 1682 3271 a
1731 3195 1894 3270 Deo
1946 3197 2091 3271 ho-

544 3314 777 3388 mine.

641 3432 1053 3533 Praeterea,
1120 3429 1251 3505 lib.
1325 3430 1358 3501 1
1423 3452 1589 3526 cap.
1663 3429 1783 3500 23.
1837 3435 1911 3503 et
1962 3430 2081 3502 24.

541 3550 806 3623 nullus
873 3545 1238 3622 satisfacit
1303 3569 1440 3644 pro
1511 3555 1852 3642 peccam,
1937 3545 2086 3620 nisi

541 3663 807 3738 reddat
859 3662 1019 3736 Deo
1060 3670 1333 3752 totum,
1392 3659 1598 3757 quod
1657 3660 1753 3734 ab
1791 3683 1880 3734 eo
1923 3661 2091 3735 abs-

538 3779 757 3873 tulit3
803 3777 935 3853 sed
995 3775 1308 3851 abstulit
1343 3775 1504 3849 Deo
1555 3775 1931 3873 quidquid
1990 3776 2084 3852 de

538 3899 883 3972 humana
934 3905 1208 3968 natura
1266 3893 1510 3968 facere
1579 3902 2086 3991 proposuerat

537 4013 773 4088 Deus.
839 4011 1355 4107 Proposuerat
1408 4018 1662 4082 autem
1711 4009 1803 4083 de
1849 4009 2086 4083 homi-

535 4130 767 4204 nibus
797 4128 1029 4226 justis
1068 4127 1426 4225 supplere
1483 4148 1896 4199 numerum
1939 4129 2085 4201 ele-

534 4260 859 4342 ctorum,
923 4247 1017 4322 ad
1085 4269 1313 4344 quem
1376 4267 1785 4319 numerum
1846 4242 2073 4342 perfi-

533 4367 890 4442 ciendum
988 4367 1219 4438 homo
1317 4363 1557 4437 factus
1648 4369 1763 4435 est
1822 4389 1840 4456 ;
1948 4361 2080 4435 sed

536 4486 767 4558 homo
852 4490 1206 4580 peccator
1280 4480 1424 4552 hoc
1512 4477 1832 4552 reddere
1921 4500 2077 4550 non

533 4608 806 4699 potest,
887 4596 1071 4693 quia
1152 4603 1508 4692 peccator
1601 4601 2077 4690 peccatorem

524 4715 949 4815 justificare
1019 4710 1316 4810 nequit,
1389 4720 1461 4784 et
1527 4709 1779 4783 omnis
1848 4711 2079 4783 homo

531 4835 611 4907 in
666 4833 902 4906 Adam
950 4838 1358 4925 corruptus
1399 4826 1562 4901 fuit.
1609 4826 1767 4901 Nec
1827 4827 2078 4900 decuit

538 4949 741 5048 quod
786 4934 1067 5044 aliquis
1108 4945 1510 5036 innocenS,
1556 4956 1724 5016 non'
1753 4943 2079 5017 descen-

531 5067 722 5138 dens
783 5063 875 5137 de
934 5062 1203 5144 Adam,
1277 5081 1411 5156 per
1481 5068 1800 5133 mortem
1856 5059 2080 5134 rede-

534 5183 797 5256 misset
873 5201 1042 5271 nos,
1098 5176 1280 5275 quia
1353 5187 1530 5250 tunc
1594 5200 1748 5250 non
1812 5175 2078 5251 fuisset

533 5304 763 5375 homo
838 5296 1230 5370 restitutus
1306 5294 1398 5366 ad
1478 5293 1878 5391 pristinam
1960 5294 2080 5366 di-

530 5419 933 5516 gnitatem,
982 5423 1062 5486 ut
1110 5411 1252 5485 soli
1320 5411 1481 5485 Deo
1523 5411 1872 5504 serviret,
1945 5412 2076 5486 sed

526 5537 805 5611 fuisset
836 5531 1219 5626 obligatus
1260 5527 1368 5601 illi
1440 5528 1731 5600 homini
1776 5552 1912 5625 pro
1956 5553 2080 5602 re-

529 5649 969 5750 demptione
1029 5643 1249 5743 quasi
1318 5652 1639 5733 tantum,
1704 5654 2074 5741 quantum

1904 451 2140 520 LIBRI
2191 451 2315 521 111.

2218 615 2379 690 Deo
2457 642 2592 715 pro
2683 619 3099 710 creatione,
3163 628 3237 694 et
3320 616 3430 692 sic
3512 625 3770 714 posset

2219 732 2392 830 quis
2442 744 2794 832 reputare
2860 735 3076 809 illum
3146 735 3393 808 Deum
3455 756 3592 831 pro
3660 756 3769 805 rc-

2217 850 2658 947 paratione3
2704 860 2777 926 et
2808 863 3087 949 praeter
3128 855 3270 926 hoc
3334 852 3459 925 ille
3521 873 3764 947 purus

2218 968 2446 1041 homo
2516 992 2664 1042 non
2740 970 3492 1066 potuit‘satisfacere,
3564 967 3763 1042 sicut

2214 1084 2543 1180 probant
2600 1098 3056 1181 argumenta
3130 1086 3207 1158 in
3282 1083 3505 1159 tertio
3574 1082 3760 1157 arti-

2215 1202 2389 1275 culo
2431 1202 2825 1299 posita.De
2869 1205 3009 1277 hac
3052 1201 3371 1276 materia
3417 1199 3758 1297 loquitur

2212 1319 2624 1392 Anselmus
2671 1319 3103 1416 penultimo
3146 1342 3312 1416 cap.
3358 1320 3428 1390 2.
3501 1317 3630 1392 lib.
3678 1317 3752 1391 in

2213 1434 2445 1510 simili
2487 1436 2580 1509 de
2633 1437 2954 1532 AngeIO.

2311 1552 2698 1640 Quantum
2742 1553 2833 1628 ad
2886 1561 3244 1652 quartum
3313 1552 3750 1643 articulum,

2211 1671 2415 1768 quod
2477 1671 2814 1768 oportuit
2871 1672 3257 1746 Christum
3313 1670 3750 1745 satisfacere
3807 1682 4090 1794 33³3&ss

2211 1811 2348 1885 per
2400 1798 2747 1878 mortem,-
2813 1813 2962 1861 non
3022 1799 3276 1864 tamen
3339 1788 3542 1886 quod
3613 1787 3749 1861 de·
3806 1762 4109 1859 tesam?

2210 1904 2411 1979 bitor
2474 1904 2698 1979 fuerit
2768 1906 3055 2000 mortis,
3121 1906 3400 2002 arguit,
3446 1930 3611 2003 cap.
3672 1906 3742 1976 2.

2212 2020 2262 2094 l.
2327 2022 2398 2094 2.
2475 2022 2666 2096 ratio
2743 2023 3027 2117 docuit,
3140 2034 3219 2097 ut
3287 2023 3572 2097 dictum
3635 2031 3749 2097 est

2208 2138 2430 2212 tertio
2490 2139 2843 2235 articulo,
2915 2141 3099 2238 quia
3164 2151 3461 2239 oportet
3536 2144 3746 2232 eum,

2208 2253 2340 2350 qui
2409 2254 2844 2329 satisfacere
2904 2255 3129 2330 debet
3195 2279 3332 2353 pro
3403 2255 3745 2346 homine,

2209 2369 2457 2466 majus
2498 2371 2679 2468 quid
2752 2372 3034 2447 habere
3101 2396 3331 2471 quam
3374 2372 3749 2469 quidquid

2206 2486 2350 2561 sub
2382 2487 2543 2562 Deo
2577 2496 2717 2580 est,
2755 2489 2957 2584 quod
2992 2501 3262 2587 sponte
3294 2489 3444 2576 det,
3481 2498 3554 2563 et
3595 2513 3745 2562 non

2206 2626 2298 2677 ex
2338 2603 2593 2677 debito
2635 2604 2824 2697 Dec,
2888 2614 2962 2679 et
3009 2605 3218 2702 quod
3259 2604 3457 2679 sicut
3517 2606 3750 2678 homo

2206 2720 2548 2818 peccavit
2600 2744 2736 2818 per
2788 2723 3394 2817 sensualitatem,
3440 2746 3521 2797 se
3563 2723 3753 2797 sub-

2194 2837 2504 2935 jicendo
2546 2838 2878 2932 diabolo,
2926 2839 3029 2914 ita
3058 2841 3316 2914 vincat
3354 2864 3492 2939 per
3530 2866 3752 2939 aspe-

2206 2953 2501 3028 ritatem
2547 2954 2797 3051 ipsum
2861 2955 3280 3030 diabolum.
3326 2956 3535 3029 Nihil
3608 2980 3750 3031 au-

2204 3080 2354 3145 tem
2428 3072 2807 3169 asperius,
2879 3071 3069 3145 nihil
3158 3070 3546 3146 difficilius
3620 3084 3753 3148 aut

2205 3187 2453 3284 majus
2533 3190 2676 3264 sub
2748 3189 2910 3264 Deo
3005 3199 3255 3287 potest
3330 3191 3561 3264 homo
3655 3193 3747 3264 ad

2202 3306 2575 3379 honorem
2672 3304 2813 3379 Dei
2891 3314 3191 3403 sponte,
3274 3315 3348 3380 et
3435 3330 3589 3380 non
3656 3331 3747 3381 ex

2201 3422 2456 3498 debito
2522 3423 2707 3522 pati,
2795 3447 3026 3522 quam
3113 3433 3490 3518 mortem3
3564 3449 3745 3522 ergo

2200 3539 2623 3634 hominem,
2688 3540 2820 3638 qui
2884 3541 3124 3637 major
3189 3550 3352 3615 erat
3408 3542 3747 3616 homini-

2199 3659 2346 3732 bus
2412 3657 2555 3732 sub
2632 3657 2793 3731 Deo
2884 3681 3021 3755 per
3097 3667 3450 3752 mortem,
3512 3682 3738 3756 quam

2197 3799 2352 3850 non
2418 3775 2706 3867 debuit,
2752 3775 3189 3851 satisfacere
3231 3777 3591 3874 oportuit.

2296 3892 2504 3966 Idem
2547 3901 2778 3989 patet,
2825 3916 2991 3989 cap.
3059 3893 3173 3964 14.
3220 3893 3289 3965 2.
3340 3891 3470 3967 lib.
3536 3895 3741 3991 quod

2197 4008 2486 4084 scilicet
2552 4033 2761 4082 mors
2819 4008 3104 4083 sufficit
3153 4034 3289 4106 pro
3347 4010 3739 4105 omnibuS,

2198 4126 2380 4225 quia
2420 4126 2793 4225 approbat
2838 4127 3296 4202 sententiam
3351 4127 3737 4227 discipuli,

2195 4251 2270 4315 et
2383 4239 2993 4339 responsionem,
3101 4241 3424 4318 dicendo
3484 4244 3739 4342 ipsum

2199 4368 2400 4433 recte
2464 4358 2849 4433 aestimare
2885 4358 2959 4432 in
3006 4361 3150 4433 hoc
3181 4360 3386 4457 quod
3431 4362 3744 4437 deberet

2193 4475 2392 4548 velle
2472 4473 2814 4549 infinitos
2885 4477 3239 4562 mundos,
3321 4476 3382 4551 si
3452 4488 3737 4572 essent,

2196 4591 2441 4687 magis
2513 4592 2754 4688 redigi
2808 4592 2882 4664 in
2942 4592 3136 4667 nihil
3206 4617 3435 4692 quam
3497 4597 3738 4672 oss'en-

2193 4707 2372 4782 dere
2460 4708 2736 4802 Deum,
2836 4710 3042 4806 quod
3118 4709 3333 4809 prius
3426 4711 3738 4790 deberet

2195 4824 2456 4898 omnia
2504 4835 2841 4922 peccata,
2904 4847 3079 4922 quae
3146 4849 3485 4923 unquam
3556 4843 3736 4906 sunt

2191 4941 2314 5014 vel
2348 4939 2683 5034 fuerunt,
2717 4940 3154 5038 permittere
3196 4943 3467 5018 cadere
3508 4969 3738 5044 super

2192 5082 2272 5132 se
2341 5080 2572 5154 quam
2632 5058 3024 5131 hominem
3079 5059 3463 5134 Christum
3535 5066 3738 5139 occi-

2193 5174 2399 5249 dere.
2450 5176 2538 5247 Et
2578 5174 2759 5248 dicit
2814 5176 3227 5249 Anselmus
3268 5175 3376 5251 sic
3423 5202 3437 5252 :
3511 5180 3735 5256 Vide-

2193 5316 2364 5365 mus
2407 5315 2605 5388 er90,
2666 5292 2871 5389 quod
2922 5290 3327 5366 violatiam·
3363 5295 3538 5370 vila?
3578 5321 3738 5372 cor-

2182 5407 2483 5507 poralis
2558 5408 2787 5509 hujus
2854 5407 3213 5494 hominis,
3299 5410 3519 5486 mella
3585 5415 3734 5490 im-

2192 5525 2576 5608 mensitas,
2625 5523 2752 5598 vel
2795 5523 3203 5599 multitudo
3240 5534 3730 5621 peccatorum

2194 5650 2412 5719 eoelra
2454 5664 2870 5740 personam
2909 5642 3069 5716 Dei
3112 5646 3555 5740 comparari
3612 5671 3736 5723 va-
