4295 6326
1484 386 1712 455 DIST.
1763 385 2021 455 XXVI.
2073 385 2492 465 QUAESTIO
2543 389 2779 460 UNIC.
3579 380 3708 452 475

2162 589 2426 641 versas
2484 569 2905 643 secundum
2979 593 3085 643 se.
3169 570 3468 641 Bonum
3523 562 3704 637 utile
3796 582 3800 585 ’

2160 683 2344 758 dicit
2418 696 2847 784 respectum
2922 687 3014 760 ad
3072 686 3242 771 ista,
3316 684 3485 757 ideo
3546 704 3702 754 non

2160 809 2275 873 est
2314 800 2561 898 primo
2603 803 3068 900 appetibile;
3131 801 3239 876 sic
3295 800 3528 895 igitur
3558 798 3705 873 ali-

2160 916 2339 1012 quid
2377 926 2680 991 amatur
2720 919 2813 991 ab
2847 918 2996 992 alio
3048 918 3124 991 in
3178 940 3286 1010 se,
3343 925 3417 990 et
3470 914 3699 988 etiam

2158 1045 2460 1109 amatur
2517 1036 2660 1110 sibi
2712 1036 3026 1129 amanti,
3078 1035 3367 1110 scilicet
3411 1056 3701 1108 concu-

2159 1151 2509 1249 piscenti,
2590 1162 2662 1226 et
2713 1153 2835 1227 isti
2913 1163 3127 1228 actus
3177 1161 3358 1226 sunt
3420 1173 3701 1225 secun-

2158 1269 2338 1342 dum
2383 1271 2566 1343 istas
2608 1271 2799 1344 duas
2840 1269 3313 1363 affectiones,
3378 1279 3451 1343 et
3509 1268 3696 1342 istos

2156 1395 2371 1459 actus
2465 1386 3020 1460 concomitatur
3127 1386 3408 1483 duplex
3501 1382 3692 1457 ratio

2156 1502 2365 1594 boni,
2439 1525 2593 1598 qua
2650 1502 2891 1600 possit
2955 1502 3065 1576 sic
3140 1511 3215 1575 et
3254 1501 3362 1574 sic
3403 1497 3684 1598 appeti.

2155 1615 2502 1689 Charitas
2535 1615 2793 1710 igitur,
2840 1639 3014 1689 cum
3048 1615 3143 1688 sit
3172 1615 3417 1687 virtus
3450 1612 3691 1687 excel·
3758 1632 4002 1737 mmm

2152 1729 2603 1823 lentissima,
2661 1729 2957 1826 perficit
3034 1732 3503 1803 voluntatem
3564 1750 3690 1801 se-
3750 1762 3858 1823 ¹¹99
3882 1751 4011 1802 dicit

2149 1845 2488 1918 cundum
2566 1845 3002 1942 perfectiuS,
3088 1853 3161 1919 et
3260 1825 4040 1948 seeundu111„23{,?1,¹?33

2149 1972 2400 2034 actum
2434 1961 3102 2059 perfectissimum,
3149 1963 3293 2035 hoc
3326 1969 3439 2034 est
3469 1985 3686 2035 ama·
3810 1943 3917 1988 ²¹⁸³·

509 570 627 635 est
690 560 994 660 aliquod
1047 563 1505 662 intellt'yere,
1568 563 1699 639 sed
1761 563 2052 638 deside-

509 697 683 748 rare
715 700 729 761 ;
768 675 900 749 sed
935 678 1187 752 omnis
1215 688 1432 751 actus
1462 676 1894 751 intellectus
1938 685 2052 751 est

508 790 941 889 intellzqere
981 793 1395 890 quoddam.

606 910 822 1004 Item,
862 935 1001 986 nec
1034 921 1249 986 actus
1301 911 1718 986 charitatis.
1770 911 2052 987 Proba-

507 1024 611 1098 tio
651 1048 666 1098 :
705 1026 1055 1102 Charitas
1086 1036 1199 1102 est
1238 1050 1602 1125 suprema
1658 1027 1932 1122 virtuS,
1978 1036 2052 1102 et

505 1141 970 1240 principium
1039 1145 1406 1240 diligendi
1468 1154 1581 1218 est
1639 1168 2050 1242 supremus

506 1282 722 1334 amor
782 1262 1058 1335 habilis
1122 1292 1137 1353 ;
1204 1262 1334 1335 sed
1415 1285 1630 1336 amor
1687 1262 2048 1337 amicitiae

503 1388 615 1452 est
650 1380 1052 1476 perfectior
1074 1404 1332 1455 amore
1366 1381 2041 1480 concupiscentiae,

502 1495 684 1591 quia
763 1497 995 1572 habet
1072 1498 1410 1573 nobilius
1490 1499 1902 1596 objectum,
1974 1507 2047 1575 et

501 1611 898 1687 liberalius
957 1637 1037 1688 se
1118 1615 1370 1704 habet,
1440 1614 1641 1690 unde
1710 1616 2045 1690 charitas

499 1736 613 1801 est
653 1751 871 1801 amor
911 1729 1515 1826 perfectissimus
1570 1729 1710 1805 Dei
1747 1759 1766 1825 ;
1809 1730 2047 1827 igitur

381 1904 388 1911 .
499 1867 713 1918 amor
744 1844 1107 1920 amicitiae
1139 1856 1355 1920 actus
1392 1847 1559 1943 ejus
1591 1856 1704 1921 est
1747 1874 1766 1940 ;
1811 1847 2045 1944 igitur

501 1983 590 2034 ex
621 1961 989 2037 charitate
1025 1963 1221 2036 velle
1254 1962 1415 2037 Deo
1465 1963 1753 2036 bonum
1809 1964 1887 2037 in
1929 1987 2038 2052 se,

155 953 474 1006 Desidet-are

213 1030 321 1066 non
353 1024 432 1068 est

183 1081 330 1136 fidei,-
357 1081 443 1131 vel

175 1143 453 1196 charitatis

223 1210 390 1257 nctus.

500 2077 640 2151 iste
701 2087 917 2152 actus
971 2077 1270 2176 primus
1325 2087 1439 2153 est
1506 2079 1923 2167 charitatiS,
1971 2088 2045 2154 et

499 2202 745 2291 potest
839 2218 1005 2269 esse
1102 2219 1480 2288 summuS,
1590 2196 1889 2270 medius
1969 2205 2044 2271 et

498 2311 838 2386 infimus.
875 2312 1059 2387 Sine
1095 2312 1239 2387 isto
1289 2313 1728 2388 desiderare
1795 2323 2043 2411 potest

500 2452 667 2504 esse
728 2439 945 2504 actus
990 2430 1410 2519 charitatiS,
1461 2440 1535 2505 et
1579 2440 1825 2529 potest
1874 2455 2041 2507 esse

501 2567 855 2619 summus
919 2553 993 2619 et
1040 2545 1358 2620 infimus
1401 2546 1566 2621 sine
1628 2546 2037 2640 desideriO,

501 2659 672 2735 ideo
716 2661 1153 2736 desiderare
1185 2686 1334 2736 non
1382 2672 1497 2737 est
1534 2671 1751 2737 actus
1792 2664 2044 2737 chari-

505 2779 708 2854 tatis.
793 2779 1007 2867 Quod
1076 2790 1330 2855 autem
1406 2790 1653 2879 potest
1718 2805 1886 2856 esse
1921 2783 2044 2855 in-

501 2895 732 2971 fimus
772 2897 1058 2994 gradus
1108 2896 1273 2972 sine
1325 2921 1442 2985 ec,
1498 2906 1727 2997 patet.
1783 2899 2044 2974 I‘otest

500 3013 711 3087 enim
761 3012 1042 3110 aliquis
1104 3013 1385 3088 habere
1436 3024 1689 3088 actum
1732 3015 2041 3089 amandi

499 3129 747 3205 Deum
793 3129 1137 3214 remisse,
1203 3130 1669 3206 intendendo
1721 3131 2037 3227 scilicet,

497 3271 640 3323 nec
671 3256 855 3322 tunc
886 3247 1349 3322 desiderare.

597 3366 812 3454 Item,
872 3373 1123 3465 potest
1188 3389 1354 3441 esse
1433 3389 1812 3460 summus,
1884 3391 2038 3441 non

449 3449 701 3557 *enim
811 3489 1110 3580 oportet
1191 3483 1665 3558 voluntatem
1760 3483 2040 3558 habere

258 4946 361 5014 19.

499 3599 693 3674 duos
790 3608 1006 3674 actus
1072 3602 1327 3687 simul,
1383 3624 1559 3674 cum
1624 3624 1824 3674 unus
1884 3624 2039 3674 non

500 3717 824 3792 intendit
901 3717 1166 3805 alium,
1241 3717 1439 3792 sicut
1521 3741 1663 3792 nec
1741 3741 2040 3793 summe

498 3830 752 3932 agere,
835 3835 1145 3933 quando
1208 3835 1365 3932 agit
1413 3836 1678 3930 libere,
1747 3836 1851 3911 ita
1899 3860 2040 3912 nec

501 3962 848 4051 respectu
895 3951 1242 4027 omnium
1287 3962 1588 4051 oportet
1620 3977 1874 4050 agere.

597 4072 812 4156 Item,
876 4070 1162 4166 gradus
1244 4071 1531 4145 amoris
1599 4071 1677 4144 in
1735 4096 2038 4146 summo

498 4210 651 4261 non
695 4185 1022 4260 includit
1082 4195 1335 4260 actum
1414 4185 1803 4283 desiderii,
1857 4189 2040 4286 quia

497 4304 712 4379 Deus
781 4328 1079 4379 summe
1139 4304 1389 4402 diligit
1458 4329 1538 4379 se
1597 4315 1671 4380 et
1727 4332 1892 4395 nOS,
1931 4307 2040 4383 sic

497 4430 787 4514 tamen,
860 4419 1064 4517 quod
1137 4443 1286 4493 non
1360 4420 2033 4518 concupiscitnos.

500 4540 767 4615 Restat
795 4538 1029 4635 igitur
1071 4547 1152 4612 ut
1180 4537 1330 4613 alia
1381 4538 1840 4637 Theologica
1881 4540 2041 4613 vir-

498 4666 623 4732 tus
681 4655 997 4731 secundi
1055 4663 1271 4729 actus
1324 4654 1421 4729 sit
1487 4679 1663 4754 spes
1705 4680 1749 4731 a
1789 4656 1937 4732 fide
1967 4668 2038 4732 et

501 4769 871 4846 charitate
904 4767 1282 4842 distincta.

596 4879 813 4973 Item,
878 4884 953 4958 in
1050 4884 1441 4960 voluntate
1537 4895 1652 4960 est
1739 4884 2037 4961 affectio

203 5064 409 5113 nonum
491 5004 837 5103 justitiae,
874 5012 950 5078 et
979 5000 1275 5078 affectio
1310 5003 1716 5078 commodi.
1755 5003 2042 5078 Secun-

2147 2101 2255 2152 re.
2321 2078 2397 2151 Si
2481 2089 2736 2153 autem
2826 2081 3182 2153 voluntas
3255 2102 3409 2153 non
3486 2091 3687 2153 esset

2149 2195 2416 2289 libera,
2456 2194 2644 2268 nihil
2680 2206 2971 2269 amaret
3000 2196 3149 2270 nisi
3178 2196 3323 2269 sibi
3359 2219 3689 2269 commo-

2147 2313 2330 2385 dum
2377 2338 2393 2397 ;
2440 2312 2673 2407 igitur
2713 2312 3046 2387 charitas
3098 2337 3253 2386 non
3315 2322 3429 2388 est
3484 2313 3688 2411 prin-

2147 2430 2432 2527 cipium
2503 2430 2921 2504 elicitivum
3004 2430 3449 2525 formaliter,
3540 2430 3687 2505 nisi

2147 2554 2363 2618 actus
2405 2544 2786 2619 amicitiae.
2826 2544 3018 2643 Spes
3054 2545 3360 2643 respicit
3399 2546 3688 2619 bonum

2149 2661 2637 2734 commodum
2744 2662 3082 2759 speranti
3146 2690 3163 2756 3
3264 2686 3445 2759 ergo
3533 2686 3690 2736 non

2154 2801 2379 2876 spero
2412 2778 2658 2853 Deum
2702 2803 2869 2854 esse
2920 2780 3208 2854 bonum
3257 2781 3333 2853 in
3402 2804 3511 2874 se,
3556 2781 3690 2854 sed

2150 2917 2316 2969 esse
2352 2895 2640 2969 bonum
2676 2896 2896 2989 mihi,
2934 2906 3006 2970 et
3037 2897 3460 2971 secundum
3506 2897 3691 2971 istas

2147 3011 2341 3087 duas
2373 3010 2815 3087 affectiones
2855 3022 3035 3087 sunt
3075 3013 3226 3086 duo
3273 3023 3489 3087 actus
3534 3012 3682 3087 isti.

2151 3128 2299 3206 Sed
2333 3151 2506 3204 cum
2578 3129 2910 3205 charitas
2985 3128 3282 3228 perficit
3334 3132 3692 3206 volunta-

2145 3255 2298 3322 tem
2380 3247 2805 3323 secundum
2861 3248 3236 3323 rationem
3301 3249 3691 3323 nobilissi-

2147 3388 2382 3458 mam,
2501 3362 2800 3463 perficit
2912 3366 3334 3439 secundum
3433 3376 3689 3440 actum

2145 3480 2457 3555 amandi
2491 3480 2569 3553 in
2602 3503 2707 3555 se.
2757 3480 2950 3579 Spes
3001 3481 3428 3555 secundum
3484 3481 3691 3556 desi-

2145 3598 2442 3672 derium
2501 3607 2810 3697 propter
2867 3599 3384 3693 commodum,
3446 3609 3520 3674 et
3582 3599 3690 3674 sic

2144 3724 2259 3788 est
2307 3714 2457 3789 alia
2488 3713 2759 3809 virtuS,
2819 3715 2981 3790 sive
3022 3714 3221 3790 alius
3267 3727 3524 3808 actus;
3575 3726 3694 3792 ta-

2151 3855 2320 3905 men
2394 3832 2593 3907 idem
2675 3831 3059 3929 objectum
3123 3843 3238 3908 est
3302 3834 3689 3931 objectum

2146 3949 2324 4024 fidei
2359 3960 2432 4024 et
2483 3949 2672 4047 spei,
2737 3949 3157 4044 charitatis,
3230 3951 3551 4026 visionis
3619 3962 3692 4027 et

2143 4066 2539 4161 tentionis,
2599 4077 2740 4141 etc.
2823 4067 3186 4144 differens
3261 4070 3689 4144 secundum

2146 4183 2561 4258 relationes
2593 4183 2684 4259 ad
2729 4185 3108 4282 potentias
3145 4213 3162 4279 ;
3210 4186 3452 4260 sedin
3487 4187 3686 4262 idem

2146 4301 2583 4376 absolutum
2627 4302 2772 4376 sub
2813 4302 3080 4376 eadem
3124 4303 3416 4377 ratione
3463 4304 3692 4379 abso-

2149 4419 2286 4493 luti
2369 4419 2695 4492 tendunt
2750 4442 3020 4494 omnes
3103 4420 3223 4495 isti
3284 4431 3526 4498 actus.
3599 4425 3692 4498 Et

2149 4534 2320 4610 ideo
2386 4535 2633 4634 prima
2692 4535 3075 4611 distinctio
3131 4561 3283 4611 non
3338 4549 3453 4614 est
3497 4540 3688 4616 ratio

2150 4651 2453 4749 objecti,
2500 4674 2641 4726 nec
2674 4651 3075 4749 distinguit
3105 4677 3319 4750 spem
3349 4679 3392 4729 a
3449 4658 3691 4731 chari-

2149 4776 2330 4862 tate,
2389 4768 2572 4867 quia
2648 4768 2849 4843 idem
2919 4770 3299 4867 objectum
3373 4775 3684 4870 habent,

2152 4885 2346 4960 sicut
2415 4894 2648 4984 patet,
2720 4887 2850 4960 sed
2902 4886 3510 4985 distinguuntur,
3610 4902 3694 4966 ut

2147 5025 2384 5098 supra
2423 5010 2653 5099 patet.
2701 5000 2894 5098 Spes
2926 5003 3127 5077 enim
3164 5014 3277 5079 est
3336 5019 3694 5106 expecta-

144 5125 467 5252 gtissssigffi,
499 5122 682 5196 dum
745 5119 927 5193 istas
1021 5119 1213 5193 duas
1290 5117 1729 5194 affectiones
1815 5121 2044 5195 habet
2152 5116 2285 5211 tic,
2331 5126 2732 5214 expectare
2775 5119 3192 5194 formaliter
3238 5131 3350 5196 est
3390 5123 3691 5200 deside-

143 5248 453 5316 nppotibile·
501 5240 695 5314 duos
771 5246 1010 5324 actuS,
1093 5245 1168 5310 et
1233 5245 1416 5310 tunc
1492 5236 1644 5310 duo
1713 5237 2035 5334 objecta.
2152 5258 2319 5312 rare
2391 5237 2951 5312 concomitante
2992 5248 3163 5312 actu
3226 5239 3684 5338 intellectuS,

500 5357 845 5431 Primum
911 5363 1163 5428 autem
1248 5353 1535 5427 bonum
1629 5354 2040 5452 appetibile

496 5471 918 5548 formaliter
948 5477 1063 5544 est
1094 5469 1380 5543 bonum
1454 5469 1898 5545 delectabile
1967 5479 2043 5545 et

495 5594 934 5674 honestum,
975 5609 1151 5683 quae
1197 5585 1486 5660 habent
1536 5585 1871 5661 rationes
1921 5586 2042 5698 di-

2151 5374 2305 5448 quo
2368 5351 2704 5426 creditur
2768 5354 2914 5427 hoc
2987 5353 3352 5452 possibile
3415 5381 3692 5456 expec-

2151 5476 2338 5543 tare.

2248 5585 2490 5682 Igitur
2518 5587 2665 5661 hoc
2704 5587 2992 5662 bonum
3046 5597 3342 5665 tantum
3387 5615 3479 5667 ex
3525 5616 3694 5691 gra-
