4295 6326
671 431 799 499 586

673 606 980 700 signum
1039 598 1455 676 ablutionis
1495 589 1883 667 interioris
1945 585 2217 660 intinc-

670 721 776 794 tio
811 717 1151 815 corporis
1193 717 1268 788 in
1303 713 1436 787 tali
1477 731 1703 808 aqua.

772 837 850 911 Si
920 845 1172 909 autem
1236 832 1409 906 talis
1458 822 1955 924 juxtapositio
2050 842 2218 917 par-

674 954 863 1028 tium
934 976 1086 1026 non
1176 946 1539 1045 impediat
1602 943 1757 1015 vim
1820 936 2211 1028 abluendi,

675 1070 872 1143 sicut
952 1076 1066 1141 est
1153 1087 1352 1161 aqua
1462 1059 1692 1134 maris
1802 1054 2215 1151 conjuncta

676 1184 932 1259 multis
1022 1180 1438 1280 vaporibus
1527 1172 2045 1263 terrestribus,
2145 1177 2220 1242 et

674 1325 876 1399 aqua
917 1296 1379 1388 communiS,
1439 1317 1591 1391 qua
1630 1313 1837 1364 nunc
1871 1309 2219 1362 commu-

673 1421 872 1493 niter
941 1426 1267 1491 utuntur
1325 1412 1703 1498 homines,
1789 1408 1896 1482 sic
1972 1413 2220 1503 potest

677 1558 844 1610 esse
906 1531 1225 1606 materia
1284 1524 1757 1604 conveniens
1815 1517 2213 1618 Baptismi.

774 1656 964 1742 Quae
1042 1660 1299 1725 autem
1369 1669 1572 1743 aqua
1650 1641 1925 1718 retinet
1998 1660 2218 1712 suam

676 1772 1041 1870 speciem,
1079 1778 1152 1843 et
1191 1789 1367 1864 quae
1414 1788 1596 1850 non,
1654 1761 1732 1833 in
1788 1753 2223 1857 juxtaposi-

678 1890 883 1964 tione
916 1886 1247 1987 partium
1289 1881 1618 1981 pertinet
1657 1878 1750 1953 ad
1793 1874 2222 1950 naturalem

678 2008 901 2082 scire.
935 2005 1046 2078 De
1090 2002 1375 2100 quibus
1436 2007 1693 2072 autem
1731 1989 2223 2090 juxtapositis

679 2133 885 2222 patet
940 2141 1206 2195 eorum
1246 2114 1534 2206 mixtio,
1608 2120 1682 2185 et
1738 2132 1874 2207 per
1949 2127 2224 2180 conse-

679 2264 927 2339 quens
962 2261 1115 2311 non
1152 2243 1332 2309 sunt
1376 2230 1693 2305 materia
1734 2225 1988 2301 debita
2016 2224 2225 2319 'Bap-

680 2358 911 2446 tismi,
970 2355 1168 2430 sicut
1220 2351 1444 2425 urina
1493 2347 1813 2442 digesta,
1886 2365 2061 2439 quae
2112 2350 2228 2414 est

680 2475 1024 2549 colatura
1095 2465 1526 2563 sanguinis.
1593 2465 1702 2538 De
1760 2459 2225 2559 quibusdam

680 2601 933 2668 autem
981 2587 1202 2685 aquis
1249 2584 1568 2659 dubium
1633 2590 1748 2655 est
1805 2579 1868 2653 si
1929 2599 2231 2652 conser-

682 2715 961 2782 ventet
1004 2704 1382 2779 retineant
1439 2723 1656 2775 suam
1715 2694 2077 2795 speciem,
2152 2700 2233 2766 ut

683 2825 760 2899 in
806 2823 1065 2898 lixivio
1109 2830 1181 2895 et
1230 2820 1308 2892 in
1378 2813 1777 2892 cerevisia.
1850 2811 1963 2886 De
2030 2832 2233 2884 cere-

681 2940 877 3015 visia
909 2949 1166 3013 autem
1199 2936 1380 3010 dicit
1424 2957 1627 3008 unus
1677 2932 1986 3022 Doctor,
2021 2927 2227 3026 quod

683 3058 867 3156 quia
896 3057 1123 3130 habet
1163 3053 1318 3125 vim
1355 3048 1773 3142 nutriendi,
1834 3046 2039 3145 quod
2075 3069 2230 3118 non

684 3174 914 3249 habet
970 3170 1296 3266 simplex
1341 3169 1838 3258 elementum,
1902 3161 2073 3237 ideo
2126 3159 2232 3234 ibi

685 3310 888 3384 aqua
931 3308 1083 3358 non
1130 3291 1334 3358 tenet
1373 3304 1593 3357 suam
1648 3277 2016 3376 speciem.
2079 3273 2230 3349 Sed

689 3405 857 3476 haec
892 3400 1082 3474 ratio
1129 3421 1277 3471 non
1326 3396 1743 3487 concludit,
1780 3392 1963 3490 quia
1995 3413 2238 3489 quan-

685 3528 1189 3613 tumcumque
1248 3516 1586 3588 salvetur
1651 3510 1945 3607 species
1977 3530 2231 3605 aquae,

690 3633 872 3706 dum
917 3630 1227 3704 bladum
1281 3627 1524 3724 jacuit
1580 3626 1656 3699 in
1716 3625 1909 3721 ipsa,
1982 3623 2235 3697 adhuc

689 3748 977 3822 nutriet
1071 3745 1364 3818 ratione
1479 3739 1930 3816 substantiae
2029 3737 2236 3812 bladi

690 3863 1033 3952 admixti,
1073 3864 1188 3938 vel
1223 3859 1576 3960 appositi.
1632 3860 1742 3933 De
1801 3857 1968 3933 aliis
2014 3856 2236 3954 aquis

693 3982 1015 4057 dubium
1051 3990 1190 4055 est.

471 4127 536 4194 7,
793 4099 939 4173 Sed
975 4099 1067 4172 de
1102 4095 1490 4189 omnibus,
1523 4116 1698 4191 quae
1728 4091 2112 4190 pertinent
2143 4089 2240 4163 ad

481 4307 491 4318 ,
696 4215 1091 4290 materiam
1158 4212 1378 4287 istam
1433 4234 1637 4309 pono
1670 4218 1824 4284 tres
1883 4207 2234 4304 regulas:

370 4306 531 4442 ὲῗῃὲῗ
573 4369 628 4418 10
695 4333 955 4407 Prima
987 4341 1125 4418 est,
1172 4328 1374 4426 quod
1411 4328 1486 4401 in
1522 4326 1881 4400 omnibus
1917 4321 2241 4422 possibi-

340 4445 659 4553 ἓξζξῖξῗίῗ,
698 4452 900 4525 libus
931 4449 1056 4523 via
1087 4448 1323 4522 tutior
1353 4445 1704 4541 eligatur,
1745 4442 1943 4517 unde
1978 4442 2241 4515 nullus

340 4559 664 4671 ξξῑῗυζζρᾷζῖ
698 4569 1027 4666 baptizet
1086 4566 1161 4638 in
1225 4564 1482 4662 aliquo
1546 4562 1869 4659 liquore,
1925 4559 2016 4633 de
2086 4581 2239 4655 quo

371 4684 638 4734 ”¹⁰⁰⁸ffl·
699 4687 995 4762 dubitat
1051 4710 1143 4758 an
1212 4684 1309 4757 sit
1368 4708 1563 4781 pura
1629 4704 1855 4778 aqua,
1928 4678 1989 4753 si
2047 4677 2245 4751 adsit

698 4801 1168 4902 possibilitas
1246 4800 1337 4874 ad
1435 4797 1871 4871 habendum
1959 4814 2240 4889 aquam

696 4943 968 5020 puram
1014 4917 1090 4989 in
1126 4916 1380 5014 specie
1415 4937 1663 5010 aquae.
1722 4910 2077 4985 Secunda
2125 4931 2242 4981 re-

697 5038 881 5135 gula
957 5047 1097 5126 est,
1180 5033 1387 5130 qu‘od
1446 5032 1510 5105 si
1578 5028 2044 5127 possibilitas
2088 5049 2242 5098 non

699 5163 815 5231 est
882 5153 975 5228 ad
1024 5151 1461 5226 habendum
1517 5145 1905 5221 materiam
1960 5166 2244 5218 conve·-

700 5272 1039 5347 nientem
1122 5267 1448 5361 alicujus
1552 5260 2054 5352 Sacramenti,
2117 5259 2244 5333 via

699 5384 1211 5488 propinquior
1290 5383 1437 5456 viae
1539 5389 1793 5472 certae,
1866 5386 2241 5474 quantum

697 5524 1118 5604 possumus
1145 5496 1646 5598 probabiliter
1676 5493 2051 5591 judicare,
2117 5492 2245 5566 eli-

699 5631 947 5722 gatur.
994 5617 1245 5693 Tertia
1295 5616 1589 5715 regula,
1639 5613 1703 5688 si
1750 5611 1878 5687 via
1926 5610 2244 5711 propin-

337 4244 462 4294 m.
480 4257 633 4356 ‘⁰53

2079 405 2320 474 LIBRI
2373 404 2486 473 [V.

2322 579 2546 677 quior
2613 578 2761 653 viae
2827 600 2983 650 non
3063 583 3311 673 potest
3366 567 3663 661 haberi,
3736 565 3865 639 fiat

2323 696 2528 795 quod
2572 695 2771 769 licite
2806 693 2973 767 fieri
3006 701 3281 789 potest,
3343 697 3416 762 et
3481 684 3865 782 reliquum

2322 814 2694 898 omissum
2729 822 2843 885 est
2883 819 3102 884 caute
3180 802 3727 903 supplendum,
3786 807 3869 872 ut

2324 931 2385 1002 si
2428 929 2709 1025 aliquis
2741 927 3036 1001 dubitet
3067 948 3147 998 se
3181 945 3347 996 esse
3371 918 3865 1015 baptizatum,

2323 1046 2751 1142 baptizetur
2792 1044 2935 1118 sub
2994 1040 3431 1116 conditione
3484 1035 3620 1121 sic,
3678 1034 3750 1106 si
3791 1055 3869 1105 es

2326 1163 2946 1260 baptizatusmon
2977 1166 3046 1232 te
3070 1157 3402 1253 bapti203
3445 1151 3582 1226 sed
3606 1151 3676 1224 si
3712 1171 3869 1222 non

2327 1305 2401 1355 es
2430 1278 2886 1377 baptizalus,
2924 1299 3055 1372 eqo
3076 1281 3144 1348 te
3163 1272 3466 1370 baptizo
3500 1269 3580 1343 in
3612 1266 3871 1341 nomi-

2325 1421 2421 1471 ne
2463 1396 2834 1481 Palt·z'3‚et
2870 1392 3092 1484 Filii,
3121 1398 3191 1464 et
3223 1387 3565 1486 Spiritus
3588 1382 3861 1458 sancti.

2424 1513 2534 1587 Ad
2569 1507 3168 1610 argumenta.Ad
3205 1505 3534 1605 primum
3578 1500 3870 1600 princi-

2325 1632 2523 1728 pale,
2571 1629 2740 1703 dico
2774 1627 2977 1726 quod
3049 1626 3180 1699 illa
3248 1646 3401 1697 non
3482 1630 3596 1696 est
3664 1641 3868 1716 aqua
3897 1617 4215 1729 ffffiggff

2332 1743 2727 1819 naturalis.
2829 1744 2917 1816 Et
3003 1764 3175 1816 cum
3272 1736 3577 1827 dicitur,
3658 1731 3864 1808 acci-
3900 1696 4214 1807 principale·

2327 1863 2586 1937 dentia
2618 1870 2798 1935 sunt
2838 1858 3145 1945 similia,
3212 1856 3380 1928 dico
3459 1852 3664 1950 quod
3733 1873 3865 1923 ac-

2327 1980 2661 2055 cidentia
2721 1985 3046 2076 possunt
3147 1997 3315 2049 esse
3400 1968 3865 2044 convenien-

2326 2098 2456 2190 tia,
2546 2106 2621 2170 et
2705 2108 2958 2169 tamen
3047 2093 3180 2166 illa
3269 2112 3597 2186 quorum
3688 2091 3868 2159 sunt

2328 2213 2585 2311 specie
2642 2209 3098 2301 differentia,
3164 2218 3245 2280 ut
3302 2229 3433 2280 aer
3494 2214 3568 2279 et
3635 2225 3862 2300 aqua,

2329 2340 2510 2404 sunt
2586 2327 3020 2425 perspicua,
3085 2335 3158 2398 et
3226 2333 3481 2397 tamen
3555 2319 3632 2392 in
3702 2317 3870 2392 aliis

2332 2443 2999 2536 suntdifferentia‚
3053 2442 3161 2515 sic
3213 2463 3414 2537 aqua
3452 2434 3872 2512 artificialis

2333 2573 2407 2637 et
2448 2561 2845 2636 naturalis.
2907 2559 3121 2632 Unde
3172 2556 3371 2630 sicut
3419 2555 3687 2629 dicunt
3730 2576 3877 2625 me-

2334 2680 2511 2773 dici,
2557 2678 2761 2777 quod
2796 2680 2940 2751 hoc
2981 2676 3210 2749 habet
3240 2676 3469 2749 talem
3515 2671 3874 2745 virtutem

2333 2821 2376 2872 a
2413 2806 2564 2870 tota
2603 2794 2885 2894 specie,
2923 2795 3116 2868 bene
3167 2800 3280 2867 est
3330 2791 3644 2880 dictum,
3696 2788 3879 2885 quia

2336 2937 2493 2989 una
2549 2921 2664 2989 est
2723 2913 2961 2986 forma
3038 2907 3420 3008 specifica,
3490 2916 3564 2981 et
3632 2905 3878 3005 ipsam

2334 3030 2834 3129 consequitur
2906 3028 3082 3103 talis
3152 3025 3510 3124 qualitaS,
3603 3032 3678 3099 et
3769 3023 3879 3098 sic

2336 3149 2667 3248 qualitas
2699 3145 3009 3246 propria
3043 3167 3527 3243 consequens
3559 3143 3878 3217 formam

2337 3265 2776 3364 specificam
2819 3264 3050 3362 hujus
3098 3286 3323 3361 aquae
3363 3272 3438 3337 et
3484 3260 3721 3355 illius,
3766 3270 3881 3335 est

2336 3384 2488 3459 alia
2528 3393 2600 3457 et
2641 3383 2817 3457 alia.

2434 3503 2548 3576 Ad
2588 3501 2819 3594 aliud,
2863 3499 3031 3573 dico
3066 3497 3271 3596 quod
3328 3520 3532 3593 aqua
3597 3497 3878 3572 stillata
3938 3526 4026 3577 Aa
4052 3539 4227 3578 secun.

2340 3631 2451 3696 est
2493 3619 2761 3717 purior
2798 3617 3222 3692 secundum
3290 3639 3634 3708 sensum,
3698 3615 3883 3712 quia
4005 3590 4158 3642 ἀπ’

2340 3762 2541 3836 aqua
2573 3760 2727 3834 qua
2760 3736 3074 3827 utimur,
3112 3743 3225 3808 est
3258 3733 3581 3808 mixtum
3614 3756 3884 3808 secun·

2340 3858 2521 3931 dum
2567 3877 2910 3945 sensum,
2958 3852 3133 3925 licet
3164 3850 3264 3925 ibi
3309 3851 3406 3924 sit
3446 3849 3885 3948 juxtaposi-

2340 3974 2471 4064 tio‚
2520 3993 2695 4070 quae
2739 3992 2888 4043 non
2946 3966 3388 4066 percipitur.

2440 4090 2546 4164 Ad
2583 4088 2819 4173 aliud,
2858 4085 3193 4160 concedo
3235 4086 3439 4182 quod
3497 4110 3696 4184 aqua
3743 4111 3889 4162 na-
3955 4081 4210 4196 ¹¹⁶0&ss

2342 4207 2613 4282 turalis
2656 4213 2903 4303 potest
2978 4202 3318 4300 separari
3378 4226 3421 4277 a
3489 4203 3750 4297 mixtO,
3815 4212 3891 4278 et
4133 4181 4148 4196 ’

2346 4327 2496 4401 alia
2540 4323 2969 4414 miscibilia,
3042 4321 3172 4397 scd
3245 4346 3398 4396 non
3464 4333 3579 4398 est
3636 4323 3891 4397 adhuc

2351 4443 2518 4516 talis
2595 4465 2721 4515 ars
2776 4440 3217 4514 adinventa.
3290 4439 3437 4515 Sed
3518 4438 3892 4514 Diabolus

2346 4568 2592 4656 potest
2636 4556 2915 4630 addere
2974 4555 3157 4628 talia
3216 4555 3466 4629 activa
3531 4553 3887 4653 passivis»,

2346 4696 2522 4770 quae
2567 4682 2889 4771 possunt
2938 4672 3337 4746 extrahere
3406 4694 3684 4768 aquam
3754 4695 3894 4769 per

2348 4790 2603 4864 debita
2690 4788 2966 4878 media,
3048 4786 3558 4885 sicut—docuit
3626 4811 3893 4883 magos

2349 4907 2805 4983 Pharaonis.
2908 4905 3187 4981 Nescio
3292 4915 3546 4979 autem
3647 4906 3709 4977 si
3783 4905 3895 4980 sic

2348 5028 2695 5101 fecerunt
2727 5022 3126 5097 Alconomi
3157 5032 3463 5119 pactum
3503 5045 3674 5096 cum
3712 5022 3898 5098 Dae-

2354 5141 2737 5231 monibuS,
2828 5149 3084 5213 tamen
3177 5149 3250 5212 et
3344 5139 3406 5211 si
3503 5139 3889 5234 fecissent,

2349 5259 2600 5334 adhuc
2663 5281 2815 5331 non
2888 5267 3295 5331 causarent
3370 5279 3680 5353 aquam,
3742 5258 3892 5332 nisi

2348 5400 2483 5476 per
2553 5374 2804 5450 media
2863 5373 3144 5467 debita,
3218 5397 3392 5448 cum
3457 5385 3705 5449 tamen
3745 5375 3891 5473 ipsi

2348 5503 2588 5591 agunt
2627 5490 3014 5590 praecipue
3046 5514 3182 5588 per
3222 5491 3506 5588 ignem.

2451 5610 2559 5685 Ad
2612 5607 2848 5703 aliud,
2913 5605 3081 5681 dico
3141 5606 3347 5705 quod
3388 5608 3888 5685 Innocentius
3948 5588 4210 5653 Adq'm'

4007 5656 4148 5704 tum.
