4295 6326
1526 455 1754 523 DIST.
1805 453 2061 522 XXIX.
2115 453 2534 534 QUAESTIO
2583 453 2670 524 ΙΙ.

508 629 722 706 ribus
771 632 1289 722 inferioribuS‚
1328 641 1403 707 et
1434 641 1684 705 tamen
1758 628 2056 727 simpli-

508 746 697 822 citer
736 749 1341 824 delectabantur.

295 897 359 961 5,
611 864 790 938 Ideo
833 864 1001 939 dico
1081 863 1283 962 quod
1353 861 2053 938 sufficiebatunum

165 1012 463 1062 sufficeret
512 982 801 1055 donum
854 984 1443 1080 supernaturale
1502 983 1924 1055 vehemens
1979 980 2052 1052 in

149 1089 357 1187 02¹1}ssss
384 1088 481 1185 ἵζ’
512 1100 934 1192 voluntate,
1000 1100 1104 1174 ita
1147 1099 1349 1197 quod
1400 1121 1537 1195 per
1577 1099 1721 1174 hoc
1771 1096 2054 1194 aliquid

147 1200 721 1312 g?¹g¹g¹g2¹5;,aliud
787 1224 987 1288 esset
1073 1213 1602 1289 delectabilius
1677 1212 2056 1286 voluntati

151 1326 464 1438 {35222225
518 1354 750 1429 quam
815 1331 1134 1429 aliquid,
1181 1332 1384 1429 quod
1453 1339 1845 1429 appeteret
1911 1330 2052 1404 sibi

155 1457 452 1564 ‘ugissffl‘ffi‘
516 1447 947 1536 dimissum,
996 1457 1070 1524 et
1129 1448 1237 1523 sic
1307 1449 1550 1545 major
1588 1434 1853 1522 fuisset
1921 1448 2057 1522 de-

159 1642 171 1652 ,
268 1575 405 1649 artie
515 1564 812 1638 lectatio
847 1564 920 1637 in
957 1564 1348 1662 diligendo
1390 1564 1666 1658 Deum,
1713 1586 1939 1661 quam
1975 1563 2052 1636 in

156 1653 210 1690 ¹⁰
239 1651 452 1688 enom.
515 1681 805 1779 aliquO,
851 1681 1056 1780 quod
1101 1681 1343 1779 possit
1399 1682 1757 1757 voluntas
1819 1705 2058 1779 appe-

511 1807 672 1872 tere
752 1798 897 1873 sibi
949 1798 1290 1874 dimissa.
1340 1798 1419 1873 Si
1470 1808 1724 1874 autem
1786 1798 2060 1874 debeat

513 1915 878 1989 sustineri
920 1915 1126 2013 quod
1186 1915 1263 1988 in
1323 1924 1519 1990 statu
1593 1914 2057 2014 innocentiae

517 2056 661 2107 nec
721 2034 954 2107 homo
1023 2032 1496 2127 tristabatur,
1582 2057 1724 2108 nec
1800 2033 2060 2130 aliqua

509 2149 877 2246 potentia,
921 2159 1105 2224 tunc
1146 2159 1445 2250 oportet
1499 2173 1785 2248 ponere
1851 2149 2057 2224 aliud

512 2268 802 2342 donum
884 2268 961 2339 in
1032 2267 1375 2366 appetitu
1455 2267 1852 2359 sensitivo,
1924 2289 2061 2364 per

513 2385 717 2482 quod
761 2385 1045 2460 habeat
1076 2385 1442 2482 majorem
1475 2385 2057 2459 delectationem

520 2502 595 2575 in
632 2502 758 2576 illo
824 2502 1028 2599 quod
1071 2510 1187 2577 est
1251 2501 1722 2577 conveniens
1780 2525 2062 2576 secun-

514 2619 694 2692 dum
758 2618 1136 2714 judicium
1233 2618 1578 2712 rationis,
1660 2642 1887 2715 quam
1982 2618 2057 2690 in

520 2735 778 2832 aliquo
814 2734 960 2809 sibi
1029 2734 1548 2823 convenienti,
1614 2735 1671 2807 si
1732 2734 1877 2808 sibi
1946 2734 2064 2807 di-

518 2851 889 2925 mittatur.
955 2851 1134 2925 Ideo
1177 2875 1333 2924 non
1394 2861 1506 2925 est
1541 2850 1726 2923 mihi
1796 2849 2065 2924 incon-

517 2966 849 3041 veniens
904 2966 1107 3063 quod
1143 2965 1349 3040 vires
1381 2965 1782 3041 inferiores
1813 2964 2064 3040 trista-

511 3095 806 3178 rentur,
871 3095 1125 3158 tamen
1172 3092 1377 3157 totus
1439 3085 1670 3157 homo
1739 3106 1922 3177 non,
1959 3082 2067 3157 si-

513 3212 641 3276 cut
682 3201 902 3300 prius
940 3201 1126 3294 dixi,
1177 3201 1378 3299 quod
1427 3201 1816 3275 multoties
1849 3209 2067 3298 pote-

518 3328 698 3392 rant
801 3316 1207 3392 venialiter
1284 3340 1601 3415 peccare
1693 3317 1766 3390 in
1866 3326 2063 3392 statu

521 3433 1018 3528 innocentiae,
1128 3443 1202 3508 et
1286 3434 1675 3508 multoties
1788 3433 2063 3526 redire,

524 3550 665 3626 etsi
718 3565 1141 3648 *nunquam
1207 3559 1658 3648 peccassent
1723 3548 2070 3623 mortali-

521 3676 660 3742 ter.

615 3783 725 3856 Ad
804 3781 1138 3881 primum
1205 3780 1661 3880 principale,
1729 3779 2067 3855 concedo

163 3949 247 3999 Ad
274 3883 487 4010 assfflam.
524 3899 730 3995 quod
756 3898 942 3972 illud
977 3898 1265 3971 donum
1295 3898 1882 3996 supernaturale
1913 3918 2064 3969 non

199 4012 459 4124 ffiffiffg
527 4016 841 4091 abstulit
899 4014 1462 4107 mortalitatem,
1519 4036 1768 4111 neque
1824 4013 2072 4087 rebel-

161 4136 327 4251 {iffi-⁵⁸⁸
351 4133 808 4247 322³·lioiiem
866 4130 1144 4205 virium
1197 4130 1643 4204 inferiorum
1699 4130 1789 4203 ad
1840 4153 2072 4226 supe-

164 4264 497 4323 ruissetpoe·
531 4248 795 4322 riores.
861 4249 953 4320 Et
1014 4245 1077 4320 si
1124 4269 1327 4318 mors
1397 4245 1868 4341 contigisset,
1916 4268 2069 4318 non

277 4338 372 4375 ω’
532 4364 798 4439 fuisset
829 4385 1088 4461 poena,
1124 4384 1266 4436 nec
1344 4360 1571 4434 etiam
1641 4360 1772 4434 illa
1822 4360 2074 4434 rebel-

527 4483 633 4556 lio
685 4480 1068 4580 appetitus
1125 4478 1501 4572 sensitivi,
1538 4479 1722 4576 quia
1752 4478 2075 4552 fuissent

533 4598 928 4674 naturales
996 4594 1477 4670 conditiones
1554 4594 1687 4685 rei,
1769 4603 1842 4670 et
1916 4617 2071 4667 non

536 4716 878 4812 inflictae,
1013 4713 1090 4787 in
1206 4713 1619 4788 vindictam

526 4834 803 4931 culpae.

629 4948 887 5040 Dices,
933 4946 1078 5020 ista
1119 4943 1435 5019 rebellio
1485 4943 1753 5018 suisset
1811 4953 2074 5019 contra

537 5069 1065 5157 voluntatem3
1102 5063 1232 5137 sed
1275 5061 1596 5136 nolitum
1630 5061 1959 5160 positum
1996 5062 2072 5135 in

536 5208 695 5258 esse
741 5179 1164 5269 contristat,
1188 5188 1262 5252 et
1292 5201 1428 5274 per
1458 5201 1941 5275 consequens
1965 5189 2078 5253 est

530 5322 787 5399 poena.

628 5417 816 5491 Dico
853 5414 1056 5512 quod
1125 5413 1311 5486 illud
1360 5435 1510 5486 non
1566 5411 1831 5486 fuisset
1872 5413 2079 5485 invo-

534 5532 962 5636 luntarium
1020 5538 1190 5604 actu
1240 5528 1518 5621 elicito,
1573 5528 1754 5625 quia
1805 5529 1868 5603 si
1937 5529 2079 5603 ali—

1748 4712 2073 4810 alicujus

195 5009 459 5075 objectio.

162 5476 264 5528 Res
277 5490 383 5541 pon
389 5478 496 5528 nio·

544 5651 720 5753 quis
760 5659 930 5725 actu
966 5646 1219 5723 elicito
1261 5646 1336 5719 in
1381 5654 1577 5720 statu
1615 5645 2078 5722 innocentiae

3584 453 3707 519 149

2169 630 2408 704 nollet
2472 639 2824 704 naturam
2886 652 3103 704 suam
3177 626 3409 703 fuisse
3442 625 3704 718 talem,

2169 748 2479 843 qualem
2540 747 2682 821 sibi
2763 747 2969 821 dedit
3034 747 3271 840 DeuS,
3326 746 3493 843 ipsa
3542 767 3711 843 pec-

2170 875 2443 941 casset.
2492 869 2584 941 Et
2642 866 2812 941 ideo
2866 890 3009 941 nec
3064 890 3297 960 mors,
3371 888 3510 939 nec
3588 887 3710 938 re-

2169 983 2429 1076 belliO,
2522 983 2788 1058 fuisset
2865 982 3464 1058 involuntarium
3534 991 3707 1055 actu

2169 1102 2449 1195 elicito,
2486 1126 2955 1201 quamquam
2993 1103 3258 1177 fuisset
3296 1110 3563 1176 contra
3598 1100 3711 1173 in-

2167 1218 2657 1293 clinationem
2711 1221 3165 1304 naturalem,
3222 1218 3343 1292 vel
3412 1216 3705 1315 appeti-

2167 1343 2325 1409 tum
2361 1335 2804 1410 voluntatis.
3828 1420 3839 1427 ἱ

2262 1450 2374 1523 Ad
2419 1450 2652 1540 aliud,
2723 1450 2889 1524 dico
2923 1450 3128 1547 quod
3198 1449 3555 1523 voluntas
3620 1447 3697 1520 in
3848 1459 3913 1525 8.

2168 1567 2383 1665 puris
2472 1567 2954 1641 naturalibus
3030 1575 3284 1641 creata
3360 1588 3510 1638 non
3590 1575 3704 1639 est
3737 1576 4038 1690 Addsggnan-

2167 1711 2433 1778 curva,
2506 1710 2650 1763 nec
2709 1687 2783 1760 in
2849 1686 3184 1762 essentia
3241 1709 3382 1761 sua
3440 1685 3705 1761 fuisset

2167 1811 2404 1895 recta,
2443 1812 2697 1876 tamen
2735 1800 3000 1876 fuisset
3030 1811 3232 1876 recta
3261 1825 3397 1899 per
3436 1823 3706 1874 caren-

2166 1919 2351 1993 tiam
2425 1919 2845 1993 curvitatiS.
2914 1921 3005 1992 Et
3067 1927 3227 1992 esto
3299 1917 3500 2015 quod
3566 1917 3709 1992 ista

2171 2034 2439 2109 suisset
2470 2034 2770 2131 justitia
2793 2034 3165 2110 naturalis
3205 2034 3283 2108 in
3319 2033 3448 2108 illo
3477 2042 3704 2127 statu,

2170 2151 2340 2225 dico
2424 2160 2679 2225 tamen
2751 2151 2953 2249 quod
3022 2174 3180 2224 non
3248 2150 3516 2224 fuisset
3580 2150 3712 2223 illa

2163 2268 2492 2365 justitia,
2529 2291 2758 2366 quam
2808 2268 3022 2366 ponit
3097 2268 3382 2342 donum
3446 2290 3712 2364 super-

2171 2386 2546 2458 naturale.
2598 2385 2794 2458 Nam
2864 2385 3037 2459 talis
3079 2384 3450 2458 rectitudo
3493 2392 3712 2456 natu-

2176 2501 2356 2575 ralis
2479 2501 2695 2601 nullo
2835 2500 3063 2573 modo
3186 2499 3712 2598 impedivisset

2174 2618 2680 2701 voluntatem,
2772 2614 2960 2711 quin
3040 2606 3714 2687 'condelectaretur

2174 2731 2547 2829 appetitui
2594 2730 3002 2823 sensitivo,
3036 2741 3109 2804 et
3168 2729 3393 2804 etiam
3444 2730 3719 2804 incon-

2175 2849 2518 2925 venienti
2599 2849 3025 2923 secundum
3083 2847 3557 2921 intellectum
3612 2871 3723 2921 se-

2174 2963 2514 3038 cundum
2600 2963 2953 3036 ultimum
3066 2961 3459 3059 potentiae.
3547 2960 3725 3035 Ideo

2173 3079 2519 3178 oportuit
2576 3103 2864 3178 ponere
2924 3079 3335 3178 justitiam,
3394 3103 3569 3177 quae
3628 3078 3728 3152 sit

2181 3199 2469 3273 donum
2533 3200 3155 3296 supernaturale,
3236 3197 3299 3271 si
3367 3199 3727 3271 voluntas

2182 3317 2549 3414 majorem
2621 3316 2893 3391 habuit
2958 3315 3546 3392 delectationem
3641 3314 3717 3388 in

2177 3433 2797 3510 disconvenienti
2882 3434 3259 3533 appetitui
3352 3433 3719 3509 sensitivo

2178 3575 2408 3650 quam
2444 3552 2520 3625 in
2566 3550 3081 3626 convenienti.

2273 3668 2386 3741 Ad
2443 3667 2679 3757 aliud,
2738 3666 2908 3741 dico
2966 3666 3169 3768 quod
3232 3666 3376 3741 ista
3424 3666 3723 3763 justitia
3779 3691 4029 3764 ,Λαια-

2177 3783 2428 3881 potuit
2471 3805 2637 3857 esse
2680 3782 3145 3880 principium
3212 3783 3539 3878 alicujus
3596 3805 3723 3855 ac·
3754 3761 3907 3867 ῑὶῗῖἷζ·
3936 3754 4054 3865 ζῖῗζ

2177 3910 2302 3975 tus
2334 3901 2973 3998 supernaturalis,
3038 3901 3169 3974 sed
3230 3922 3384 3973 non
3444 3922 3722 3996 opera·
3751 3879 4070 3992 g{ss?2³{,{'2‘

2177 4021 2409 4096 tionis
2454 4019 2863 4094 meritoriae
2932 4019 3098 4094 sine
3152 4019 3447 4115 gratia,
3511 4019 3715 4093 unde
3749 4019 3921 4133 ⁰3¹³?ss
3949 4004 4049 4116 2¹0¹?

2167 4137 2470 4234 justitia
2548 4136 2946 4232 originalis
2992 4145 3065 4210 et
3139 4136 3384 4231 gratia
3440 4159 3519 4209 se
3574 4137 3719 4209 ha-
3838 4138 3944 4183 ‘¹¹‘-

2178 4253 2362 4327 bent
2426 4262 2790 4348 tanquam
2867 4250 3243 4326 excedens
3311 4261 3384 4324 et
3471 4274 3721 4324 exces-

2180 4393 2379 4444 sum.
2417 4369 2585 4442 Non
2623 4368 2827 4443 enim
2864 4366 3145 4442 sufficit
3175 4367 3419 4464 gratia
3456 4366 3549 4440 ad
3578 4390 3720 4441 au-

2181 4485 2581 4560 ferendum
2680 4508 2988 4559 omnem
3061 4483 3555 4558 rebellionem
3641 4482 3715 4556 in

2180 4601 2521 4698 appetitu
2587 4599 2986 4692 sensitivo,
3072 4598 3251 4696 quia
3326 4599 3571 4696 gratia
3642 4598 3716 4672 in

2183 4715 2444 4790 anima
2474 4714 2754 4789 Christi
2788 4739 2940 4788 non
2986 4713 3298 4789 abstulit
3340 4713 3719 4788 tristitiam

2184 4834 2261 4907 in
2296 4832 2636 4932 appetitu
2698 4832 3096 4925 sensitivo,
3160 4832 3586 4906 secundum
3629 4831 3725 4905 il-

2185 4950 2315 5024 lud
2398 4950 2667 5024 Matth.
2741 4949 2860 5021 26.
2950 4949 3221 5023 Tristis
3286 4957 3397 5023 est
3462 4949 3724 5023 anima

2183 5088 2407 5158 mea;
2454 5065 2585 5139 sed
2646 5062 3258 5159 sufficitjustitia
3324 5063 3724 5160 originalis

2183 5181 2276 5254 ad
2322 5182 2464 5254 hoc
2490 5180 2694 5277 quod
2737 5179 3028 5276 aliquid
3070 5179 3166 5253 sit
3197 5180 3724 5256 delectabilius

2186 5297 2636 5396 simpliciter
2673 5295 3079 5390 voluntati,
3134 5296 3725 5370 disconveniens

2185 5414 2552 5512 appetitui
2645 5412 3041 5507 sensitivo,
3123 5435 3350 5510 quam
3424 5414 3723 5509 placere

2184 5531 2481 5606 viribus
2532 5529 3046 5620 inferioribus,
3094 5539 3167 5604 et
3224 5538 3595 5627 quantum
3630 5530 3722 5603 ad

2187 5647 2407 5741 illud,
2443 5646 2769 5723 excessit
2797 5645 3120 5745 gratiam
3162 5646 3238 5719 in
3273 5645 3547 5720 multis
3584 5647 3727 5719 ho-
