4295 6326
662 438 791 509 410
2076 439 2313 508 LlBRl
2366 439 2485 508 111.

446 666 513 733 2·
766 623 1048 696 Contra
1083 650 1097 694 ε
1143 625 1467 697 Factum
1510 630 1622 697 est
1647 621 2015 719 praelium
2056 646 2216 697 ma·
2325 633 2483 697 tum
2531 624 2818 698 bonum
2852 637 3015 701 erat
3046 629 3200 702 vita
3230 630 3538 723 Christi,
3577 640 3650 704 et
3685 639 3864 704 tunc

324 729 492 817 Apob-
528 757 602 805 ¹3·
664 764 901 839 qnam
944 740 1024 813 in
1060 738 1247 814 eoelo
1279 768 1304 823 ‚·
1343 762 1525 833 ergo
1566 740 1874 813 videtur
1904 763 1995 814 ex
2037 742 2210 832 hoc,
2326 748 2532 814 tanta
2608 752 2769 815 erat
2855 742 3250 818 inimicitia
3315 746 3861 838 occidentium,

385 817 634 930 ffiissim‘
669 858 876 955 quod
953 857 1152 931 sicut
1247 856 1476 930 draco
1554 858 1934 954 paynaoit
2040 881 2211 931 eam
2322 864 2610 950 quanta
2667 866 2827 931 erat
2893 859 3228 933 amicitia
3280 861 3559 936 Christi
3605 885 3865 935 recon-

665 972 1066 1057 Michaele,
1107 971 1215 1047 sic
1249 973 1569 1047 tentavit
1609 974 2024 1070 peccando.
2091 973 2216 1046 Si·
2321 970 2713 1064 ciliantis;
2781 973 2940 1047 vita
3004 999 3214 1071 erge,
3297 1001 3526 1074 quam
3609 979 3863 1075 posuit

307 1480 603 1545 Argument
618 1518 630 1530 .

307 1543 601 1594 secunlum
616 1579 629 1594 .

333 2997 592 3049 Tertium.

330 3577 614 3637 Quartum.

316 5059 589 5155 Quint-um.

670 1091 949 1164 militer
987 1090 1293 1164 videtur
1345 1090 1550 1188 quod
1619 1091 1877 1183 draco,
1924 1090 1996 1162 id
2068 1099 2208 1184 est,

663 1208 968 1283 Lucifer
1007 1208 1394 1305 peccando
1428 1208 1747 1282 tentavit
1800 1207 1990 1282 alios
2040 1231 2215 1281 con-

664 1324 1084 1401 sentientes
1152 1323 1324 1398 sibi.

764 1445 1174 1538 Praeterea,
1220 1453 1434 1518 actus
1494 1442 1962 1541 quicumque
2005 1442 2214 1516 Chri-

664 1559 759 1635 sti
837 1558 1229 1634 sufficiens
1297 1560 1437 1633 fuit
1502 1559 1594 1631 ad
1677 1558 2204 1634 redimendum

664 1702 912 1775 genus
953 1681 1384 1752 humanum
1423 1705 1440 1770 ;
1479 1701 1630 1750 non
1667 1700 1849 1773 ergo
1894 1700 2212 1752 necesse

667 1795 812 1869 fuit
871 1794 1141 1869 redimi
1199 1817 1337 1891 per
1393 1793 1828 1892 passionem
1898 1793 2204 1868 Christi.

663 1910 1229 2008 Consequentia
1292 1910 1687 2008 probatur,
1758 1910 1939 2006 quia
1994 1920 2210 1984 actus

663 2028 1132 2102 laudabilior
1187 2037 1300 2102 est
1359 2026 1745 2125 passione,
1792 2027 1973 2124 quia
2038 2029 2210 2102 laus

665 2144 1016 2218 consistit
1070 2144 1145 2217 in
1180 2154 1351 2217 actu
1391 2171 1409 2237 3
1456 2144 1586 2218 sed
1632 2144 1885 2242 passio
1927 2143 2207 2219 Christi

658 2284 816 2335 non
859 2261 1089 2335 habet
1151 2262 1356 2360 quod
1395 2261 1493 2335 sit
1544 2260 1935 2335 sufficiens
1980 2262 2207 2336 meri-

660 2377 879 2471 torie,
963 2377 1112 2451 nisi
1177 2377 1545 2452 relatione
1632 2377 1724 2451 ad
1794 2401 2204 2475 personam

660 2494 921 2569 Verbi.
986 2495 1274 2569 Eodem
1336 2494 1561 2567 modo
1630 2504 1705 2568 et
1761 2503 1975 2568 actus
2030 2495 2209 2592 qui-

661 2635 1023 2709 cumque,
1113 2612 1175 2686 si
1235 2623 1436 2687 esset
1469 2612 1797 2715 elicitus,
1871 2612 1943 2685 in
2009 2616 2206 2687 rela-

656 2727 865 2802 tione
927 2729 1019 2805 ad
1060 2728 1431 2821 Verbum,
1495 2726 1968 2802 sufficienter
2031 2729 2207 2803 fuis-

659 2853 777 2918 set
818 2844 1280 2919 meritorius.

763 2960 995 3055 Idem,
1041 2962 1122 3035 in
1177 2963 1248 3033 2.
1294 2961 1550 3036 Emis.
1598 2960 1779 3035 dicit
1847 2961 2206 3036 Philoso-

658 3079 860 3175 phus
901 3102 1066 3177 cap.
1132 3078 1202 3150 5.
1249 3078 1454 3177 quod
1513 3078 2004 3178 passionibus
2046 3103 2200 3153 non

658 3196 1091 3286 laudamur,
1158 3220 1409 3295 neque
1454 3185 2034 3294 vituperamur3
2081 3221 2204 3272 er-

654 3339 750 3410 go
796 3305 1097 3390 videtur
1136 3315 1341 3413 quod
1382 3315 1640 3413 passio
1715 3339 1871 3389 non
1913 3315 2009 3391 sit
2049 3340 2202 3391 me-

653 3431 944 3522 ritoria,
982 3433 1114 3507 sed
1157 3455 1411 3528 agere.

755 3550 1168 3643 Praeterea,
1202 3550 1614 3624 Anselmus
1656 3550 1725 3622 2.
1789 3549 1949 3624 Cur
1984 3550 2200 3624 Dens

647 3666 898 3753 homo,
994 3691 1160 3764 cap.
1247 3667 1363 3739 14.
1451 3666 1825 3764 approbat
1908 3666 2196 3740 dictum

647 3784 1003 3883 discipuli
1081 3783 1229 3878 sui,
1312 3783 1515 3882 quod
1596 3783 1914 3857 minima
1981 3784 2196 3859 laesio

646 3899 857 3975 illius
900 3924 1252 3999 personae
1306 3900 1523 3998 pejor
1575 3899 1711 3973 fuit
1751 3922 1979 3996 quam
2025 3925 2199 3999 pec-

645 4029 900 4093 catum
971 4018 1320 4092 omnium
1401 4016 1798 4090 hominum
1862 4017 1959 4091 sit
2009 4007 2196 4092 ¹ma-

645 4136 802 4208 lum
843 4163 860 4228 3
906 4134 1038 4209 sed
1080 4144 1368 4232 quanto
1413 4156 1642 4230 poena
1691 4132 2197 4210 satisfactoria

643 4260 904 4349 posset
950 4274 1119 4326 esse
1183 4249 1435 4323 minor
1492 4273 1844 4347 personae
1891 4251 2196 4327 satisfa-

643 4368 944 4461 cientiS,
1017 4366 1433 4441 dummodo
1489 4376 1691 4440 esset
1760 4366 2188 4463 sufficienS,

641 4494 853 4560 tanto
915 4483 1502 4558 convenientior
1558 4494 1720 4577 est3
1790 4508 1973 4579 ergo
2039 4509 2188 4560 non

646 4603 785 4675 fuit
852 4624 1196 4694 necesse,
1274 4623 1418 4674 nec
1492 4600 1802 4694 decens,
1879 4626 2019 4675 nos
2086 4626 2194 4676 re-

645 4720 831 4793 dimi
903 4726 1142 4791 morte
1184 4716 1492 4810 Christi,
1528 4741 1703 4790 cum
1751 4717 2001 4791 minor
2042 4744 2194 4816 poe-

646 4861 746 4912 na
803 4834 1256 4910 suffecisset.

745 4952 1158 5043 Praeterea,
1196 4972 1332 5048 per
1374 4948 1810 5047 passionem
1856 4974 2011 5024 non
2055 4976 2195 5050 po-

651 5079 960 5145 tuerunt
1002 5066 1273 5143 redimi
1307 5066 1450 5163 ipsi
1493 5065 1927 5142 occidentes
1986 5068 2195 5141 Chri·
2237 5108 2243 5114 ·

645 5197 902 5279 stu1n3
987 5208 1169 5280 crgo
1231 5208 1383 5256 non
1448 5192 1685 5255 totum
1732 5208 1978 5279 genus
2048 5187 2195 5259 hu-

647 5327 960 5378 manum
1054 5324 1189 5398 per
1265 5300 1470 5373 illam
1561 5301 1829 5374 redimi
1912 5311 2184 5400 potest.

641 5418 1124 5494 Antecedens
1196 5415 1585 5513 probatur,
1652 5417 1833 5513 quia
1894 5427 2189 5492 tantum

647 5539 933 5610 malum
995 5542 1158 5607 erat
1224 5530 1419 5604 actio
1487 5531 1806 5607 istorum
1878 5534 2190 5632 privans

641 5653 905 5741 vitam,
970 5660 1043 5724 et
1109 5647 1487 5721 inducens
1539 5658 1887 5743 mortem,
1940 5675 2191 5749 quan-

2321 1088 2747 1182 moriendO,
2800 1114 2951 1163 non
3016 1091 3323 1187 sufficit,
3398 1095 3579 1192 quia
3628 1095 3863 1169 meri-

2325 1212 2479 1275 tum
2540 1203 2765 1277 debet
2821 1208 3187 1282 excedere
3247 1211 3548 1307 culpam
3586 1220 3658 1297 et
3692 1233 3863 1283 rea-

2318 1328 2510 1410 tum,
2569 1319 2631 1393 si
2673 1321 3083 1397 satisfactio
3125 1324 3447 1399 dicenda
3488 1326 3608 1399 sit.

2418 1435 2567 1509 Sed
2626 1447 2892 1511 contra
2947 1441 3303 1537 estquod
3348 1441 3529 1515 dicit
3585 1444 3859 1517 Ansel-

2324 1574 2493 1625 mus
2533 1552 2601 1624 2.
2669 1552 2828 1626 Cur
2874 1554 3087 1628 Deus
3131 1557 3379 1643 homa,
3427 1582 3593 1655 cap.
3642 1559 3712 1631 5.
3780 1560 3856 1632 in

2319 1666 2470 1742 fine
2527 1694 2541 1743 :
2609 1671 2814 1745 Eece
2888 1673 3120 1758 videS,
3185 1676 3560 1771 quomodo
3639 1679 3863 1751 ralio-

2316 1785 2519 1860 nalc's
2584 1790 2991 1863 necessitas
3053 1792 3417 1878 ostendat,
3472 1817 3570 1867 ea:
3625 1795 3863 1868 leomi-

2316 1902 2541 1977 nz'bas
2581 1928 2727 2001 per
2783 1904 3016 2002 fidem
3074 1933 3233 1982 esse
3281 1934 3693 2006 supernam
3750 1913 3863 1986 σί-

2314 2022 2647 2106 vitatem,
2698 2047 2837 2097 nec
2887 2025 3026 2099 lzoc
3064 2024 3244 2121 fieri
3267 2051 3494 2124 posse
3534 2030 3691 2103 nisi
3717 2054 3865 2126 per

2317 2139 2841 2214 remissionem
2884 2148 3403 2239 peecatorum,
3457 2171 3685 2243 quam
3737 2147 3865 2221 ho-

2312 2262 2462 2328 mo'
2510 2255 2771 2329 nullus
2850 2257 3128 2333 habere
3186 2267 3434 2357 potest
3491 2263 3651 2337 nisi
3715 2289 3863 2362 per

2313 2372 2727 2459 hominem,
2779 2376 2915 2472 qui
2968 2375 3131 2473 ipse
3168 2377 3271 2451 sit
3326 2378 3566 2472 Deus,
3636 2388 3858 2478 alque

2311 2496 2555 2562 morte
2607 2514 2748 2563 sna
2803 2490 3150 2566 homines
3180 2503 3618 2591 peccatores
3688 2498 3852 2572 Deo

2312 2605 2777 2680 reconciliet.
2847 2608 3171 2683 Videtur
3227 2611 3433 2685 enim
3493 2635 3852 2712 expresse

2313 2723 2563 2797 dicere
2620 2724 2824 2820 quod
2887 2748 3198 2801 necesse
3248 2738 3409 2802 erat
3459 2731 3851 2806 hominem

2316 2841 2583 2915 redimi
2626 2865 2761 2939 per
2802 2844 3236 2939 passionem
3282 2846 3559 2921 Christi
3599 2876 3617 2941 3
3663 2849 3850 2923 illud
3954 2903 3958 2907 «

2311 2957 2513 3031 idem
2571 2967 2819 3056 potest
2879 2960 3173 3055 haberi,
3236 2987 3402 3060 cap.
3469 2964 3584 3038 16.
3664 2968 3859 3066 ejas-

2310 3075 2483 3151 a'em
2540 3074 2743 3149 libri.

2853 3387 3206 3445 SCHOLIUM
3249 3389 3315 3446 11.

2377 3538 2668 3595 Sententia
2699 3539 2953 3596 Anselmi
2985 3542 3256 3599 consistit
3287 3544 3345 3600 in
3377 3548 3626 3616 quatuor
3657 3547 3846 3604 dictis.

2306 3628 2565 3684 Primum
2602 3646 2615 3684 :
2657 3635 2879 3686 Necesse
2924 3633 3036 3701 luit
3085 3633 3363 3690 hominem
3411 3651 3690 3707 reparare.
3738 3638 3846 3694 Se·

2305 3718 2564 3774 cundum
2599 3738 2619 3774 .·
2650 3721 2755 3775 Hoc
2780 3737 2888 3776 non
2917 3721 3096 3794 potuit
3135 3723 3264 3794 fieri
3307 3726 3428 3780 sine
3476 3726 3635 3796 justa
3680 3730 3846 3784 satis·

2301 3809 2560 3879 factione.
2611 3809 2869 3865 Tertium
2927 3836 2941 3870 ι
2985 3814 3103 3867 Haec
3157 3815 3456 3883 satisfactio
3517 3832 3624 3871 non
3665 3820 3848 3887 potuit

2300 3898 2425 3968 fieri
2473 3916 2510 3955 α
2555 3915 2693 3970 paro
2744 3901 2986 3958 homine·
3032 3903 3314 3967 Quartum
3358 3923 3372 3961 ε
3419 3906 3676 3982 Oportuit
3721 3909 3848 3978 fieri

2299 4005 2397 4061 per
2422 3994 2654 4045 mortem
2670 3990 2912 4047 hominis
2934 3993 3028 4048 Dei
3054 4008 3148 4049 seu
3175 3993 3414 4056 Christi:
3436 4000 3494 4052 et
3519 3997 3847 4054 afferuntur

2301 4079 2554 4135 rationes
2584 4082 2712 4151 ejus
2741 4098 2844 4151 pro
2877 4081 3124 4154 singulis
3157 4083 3352 4140 dictis.

2394 4253 2507 4328 Ad
2564 4256 3070 4351 quaestionem
3113 4257 3333 4334 istam
3365 4263 3844 4358 responden-

2299 4371 2482 4445 dum
2538 4381 2677 4460 est,
2715 4373 2941 4470 'quod
2990 4374 3153 4471 ipsa
3206 4377 3303 4451 sit
3348 4401 3554 4455 mere
3594 4380 3843 4455 Theo-

2299 4487 2571 4583 logica‚
2637 4500 2711 4562 et
2762 4492 3174 4567 Anselmus
3243 4505 3553 4593 propter
3619 4497 3837 4574 istam

2299 4604 2806 4700 quaestionem
2896 4609 3342 4683 solvendam
3425 4621 3669 4688 totum
3752 4616 3845 4689 li-

2298 4720 2521 4794 brum
2592 4723 2750 4795 Car
2805 4723 3019 4797 Deus
3092 4725 3316 4802 homo
3378 4729 3679 4805 videtur
3734 4733 3845 4807 fe-

2299 4836 2523 4930 cisse,
2561 4837 2693 4912 ubi
2736 4839 3038 4913 videtur
3078 4841 3296 4917 istam
3334 4847 3839 4942 qufflstionem

2299 4956 2668 5050 solvisse3
2714 4956 2885 5032 ideo
2940 4960 3188 5056 primo
3248 4963 3663 5039 videndum
3698 4978 3837 5061 est,

2301 5073 2504 5170 quod
2565 5076 3087 5148 necessarium
3155 5078 3291 5151 fuit
3335 5080 3629 5154 redimi.
3700 5084 3843 5159 Se-

2300 5188 2582 5282 cundo,
2630 5189 2833 5286 quod
2879 5214 3029 5263 non
3077 5193 3322 5289 potuit
3372 5194 3642 5270 redimi
3675 5198 3841 5275 sine

2300 5302 2839 5378 satisfactione.
2877 5305 3157 5398 Tertio,
3191 5310 3394 5402 quod
3429 5311 3841 5387 satisfactio

2300 5418 2645 5493 facienda
2720 5430 2880 5494 erat
2974 5445 3019 5495 a
3096 5424 3280 5495 Dco,
3356 5427 3444 5499 Et
3536 5440 3836 5524 quarm,

2297 5536 2501 5631 quod
2564 5537 3147 5611 convenientior
3189 5540 3460 5615 modus
3511 5544 3650 5617 fuit
3698 5546 3841 5619 hoc

2299 5651 2462 5726 fieri
2520 5677 2654 5750 per
2686 5643 3125 5751 passionem
3182 5657 3488 5733 Christi.

3975 1453 4128 1501 Rufio

3932 1517 4169 1577 opposit.
