4295 6326
171 3542 459 3593 Peccatum

160 3609 242 3655 est
284 3606 484 3654 sorma-

162 3667 487 3780 litet-tigrim·

1466 433 1691 502 DIST.
1742 432 2030 501 XXXV.
2085 432 2503 512 QUAESTIO
2553 431 2790 504 UNIC.

1049 786 1418 845 SCHOLIUM
1448 787 1493 842 1.

570 939 873 995 Peccatum
900 936 1219 994 consistere
1247 936 1301 991 in
1329 935 1682 1008 privation03
1716 934 1797 990 ita
1850 932 2049 988 Ansel-

499 1046 652 1098 muS,
700 1033 758 1085 et
815 1028 1180 1101 Augustinus
1238 1027 1332 1082 hic
1380 1026 1558 1091 citati,
1589 1026 1665 1081 ‘et
1690 1022 2046 1093 communis,

501 1125 706 1190 praeter
738 1134 951 1191 paucos
975 1117 1331 1182 'thomistaffi
1363 1132 1632 1187 expresse
1686 1115 1938 1169 Hilarius
1977 1114 2047 1167 de

499 1211 703 1267 Trinit.
739 1227 865 1281 cap.
899 1210 961 1265 11
996 1208 1315 1281 Nyssenus‚
1337 1206 1543 1263 homil.
1572 1209 1627 1263 2.
1661 1205 1840 1262 Basil.
1876 1204 2045 1260 Rom.

499 1302 554 1359 9.
593 1300 880 1374 Epiphan.
912 1301 1133 1371 khaeres.
1176 1300 1267 1356 24.
1324 1297 1664 1353 Ambrosius
1721 1296 1791 1351 de
1838 1295 2046 1350 Par-ad.

502 1408 629 1464 cap.
680 1394 734 1448 6.
778 1393 833 1450 7.
870 1391 1036 1448 Ponit
1092 1399 1203 1447 tres
1258 1390 1577 1446 sententias
1609 1390 1679 1444 de
1710 1388 1881 1456 bon0,
1933 1402 2050 1457 quo

502 1484 690 1554 privat
714 1488 1012 1554 peccatum
1041 1499 1053 1537 :
1083 1481 1295 1545 Prima,
1329 1480 1406 1535 ait
1432 1495 1801 1551 corrumpere
1832 1478 2051 1533 bonum

504 1578 726 1629 naturae
758 1592 773 1640 ς
808 1573 1069 1628 secunda
1098 1571 1312 1627 bonum
1341 1568 1536 1641 gratiae
1569 1588 1583 1637 ;
1636 1568 1803 1623 tertia
1836 1568 2050 1623 bonum

508 1664 738 1718 virtutis
770 1661 1096 1734 acquisitae.
1145 1660 1383 1715 Refutst
1428 1659 1679 1731 primam
1717 1658 1771 1711 5.
1814 1656 2050 1712 rationi-

507 1755 641 1819 bus,
701 1754 771 1808 de
831 1769 947 1824 quo
1005 1751 1135 1807 vide
1185 1749 1381 1822 ipsum
1437 1749 1493 1804 in
1551 1750 1730 1806 Oxou.
1791 1747 1930 1803 dist.
1959 1747 2051 1802 37.

507 1847 711 1917 quaest.
743 1859 781 1898 1.
809 1858 971 1898 num.
1007 1841 1059 1896 4.
1090 1841 1144 1895 5.

517 2033 521 2035 ’
607 2022 719 2097 Ad
814 2019 1140 2118 primam
1244 2015 1751 2115 quaestionem
1850 2014 2047 2108 dico,

512 2138 716 2238 quod
760 2134 1153 2233 corruptio
1185 2144 1434 2225 potest
1492 2131 1733 2230 accipi
1811 2131 2056 2229 dupli-

511 2257 725 2349 citer,
772 2253 1078 2354 proprie
1102 2254 1224 2328 vel
1267 2249 1804 2326 communiter.
1866 2248 2055 2322 Pro-

517 2373 706 2473 prie,
752 2372 1180 2447 secundum
1225 2369 1430 2467 quod
1498 2365 1885 2464 corruptio
1914 2375 2056 2439 ter-

515 2492 854 2565 minatur
894 2490 988 2564 ad
1030 2512 1186 2562 non
1241 2510 1398 2561 csse
1440 2509 1577 2583 per
1616 2508 1695 2559 se
1732 2513 1750 2577 ;
1796 2493 1869 2558 et
1909 2483 2051 2556 isto

521 2610 743 2683 modo
786 2615 1185 2705 peccatum
1267 2627 1421 2677 non
1457 2611 1571 2677 est
1639 2600 2055 2675 formaliter

515 2725 937 2824 corruptiO,
1010 2723 1193 2820 quia
1268 2744 1422 2794 non
1484 2727 1783 2817 oportet
1848 2715 2052 2813 quod

514 2851 958 2940 corrumpat
996 2838 1351 2936 gratiam,
1380 2836 1503 2911 vel
1531 2833 1821 2932 aliquid
1853 2832 2056 2930 posi-

512 2962 756 3034 tivum
788 2957 1263 3057 praecedenS,
1306 2977 1482 3028 cum
1543 2951 1822 3049 aliquis
1880 2957 2053 3024 actu

514 3086 808 3178 peccat,
885 3072 1069 3173 quia
1152 3095 1305 3145 non
1367 3068 1664 3144 habens
1729 3065 2052 3165 gratiam

517 3203 765 3294 potest
818 3202 990 3267 actu
1053 3210 1398 3288 peccare,
1459 3195 1532 3262 et
1606 3208 1745 3283 per
1795 3207 2058 3258 conse-

516 3333 765 3408 quens
792 3331 946 3382 non
990 3314 1287 3404 oportet
1335 3302 1540 3400 quod
1582 3322 1812 3376 omne
1889 3322 2059 3397 pec-

516 3449 690 3501 care
722 3424 821 3499 sit
860 3421 1211 3522 expulsio
1271 3417 1539 3516 gratiae
1604 3415 2059 3515 praeceden—

521 3544 636 3618 tis.
702 3542 781 3617 Si
840 3538 1212 3638 accipitur
1270 3534 1657 3633 corruptio
1716 3531 2056 3608 secundo

521 3654 1105 3750 modo,scilicet
1144 3674 1282 3749 pro
1323 3647 1785 3747 privatione,
1859 3645 2058 3720 sicut

515 3772 837 3847 tenebra
902 3768 1181 3843 dicitur
1255 3762 1579 3865 privatio
1631 3760 1946 3837 luminis
1979 3761 2055 3833 in

518 3888 872 3986 quolibet
903 3883 1216 3959 instanti
1244 3878 1672 3980 posteriori,
1735 3878 1934 3952 sicut
1978 3876 2054 3950 in

518 4004 767 4103 primo
836 3998 1180 4092 instanti,
1238 3997 1347 4072 sic
1397 3996 1566 4070 dico
1624 3993 1832 4092 quod
1890 4016 2060 4092 pec-

518 4131 772 4196 catum
805 4127 922 4194 est
961 4116 1378 4192 formaliter
1412 4111 1800 4210 corruptio
1841 4110 2050 4185 boni.

518 4240 733 4314 Sicut
757 4238 966 4314 enim
1011 4233 1318 4310 caecitas
1348 4254 1507 4306 non
1546 4239 1663 4306 est
1692 4229 1842 4305 nisi
1893 4231 2058 4304 sola

516 4355 854 4453 negatio,
925 4376 1068 4428 nec
1125 4349 1488 4442 surditas,
1542 4347 1719 4422 licet
1776 4369 2057 4422 conno-

522 4482 762 4549 tatum
786 4470 883 4547 sit
914 4468 1098 4568 quid
1131 4466 1579 4568 positivum,
1615 4464 1798 4561 quia
1829 4463 2058 4539 caeci-

518 4598 632 4663 tas
680 4596 794 4663 est
848 4585 928 4659 in
978 4585 1233 4673 oculo,
1303 4591 1560 4657 tamen
1639 4579 1829 4653 illud
1883 4603 2058 4654 con·

516 4697 865 4780 notatum
913 4725 1067 4776 non
1111 4698 1532 4775 includitur
1570 4695 1773 4771 intra
1811 4695 2057 4794 priva-

514 4822 834 4915 tionem,
909 4819 1089 4917 quia
1168 4817 1359 4892 illud
1435 4823 1550 4891 est
1643 4836 2053 4889 commune

518 4938 815 5014 habitui
876 4946 949 5012 et
1007 4932 1449 5034 privationi,
1530 4953 1698 5007 esse
1781 4929 1858 5003 in
1923 4931 2054 5005 tali

518 5064 979 5134 connotato:
1008 5051 1117 5126 sic
1156 5057 1558 5149 peccatum
1602 5048 1766 5122 sola
1795 5046 2056 5144 priva-

514 5173 619 5247 tio
652 5181 794 5265 est,
839 5180 913 5245 et
962 5193 1119 5243 non
1171 5166 1495 5241 includit
1543 5163 1731 5237 illud
1774 5162 1851 5235 in
1900 5186 2053 5261 quo

514 5297 655 5382 est,
692 5310 867 5362 cum
902 5284 1092 5358 illud
1134 5282 1232 5357 sit
1261 5302 1672 5357 commune
1720 5302 2054 5376 peccan-

513 5405 566 5477 ti
615 5415 691 5480 et
738 5405 934 5479 bene
994 5400 1369 5499 operanti.
1436 5399 1642 5474 Idem
1693 5398 1859 5470 vult
1895 5400 2052 5472 An-

516 5520 808 5593 selmus
840 5517 934 5592 de
969 5516 1364 5613 Conceptu
1430 5511 1729 5609 Virgin.
1768 5533 1935 5608 cap.
1973 5512 2044 5585 4.

516 5644 590 5710 et
626 5634 698 5708 5.
735 5642 812 5710 et
848 5633 941 5708 de
973 5633 1171 5707 Casu
1239 5629 1567 5719 Diaboli,
1616 5627 1731 5700 1¹5.
1809 5625 2050 5704 Omne

3576 427 3701 496 179

2138 614 2542 708 peccatum
2640 613 2753 684 est
2831 607 3274 709 formaliter
3388 606 3701 708 injusti-
3810 640 3811 643 ¹

2153 726 2285 800 tio.

2252 852 2471 945 Item,
2507 852 2762 927 omnis
2792 854 3151 928 voluntas
3184 861 3440 928 creata
3476 861 3698 926 tene-
3725 855 3893 971 {0253
3921 871 4051 972 ‘iffi‘

2155 978 2280 1042 tur
2335 969 2813 1046 conformare
2883 994 2964 1045 se
3008 971 3327 1067 regulae,
3395 979 3470 1045 et
3530 969 3698 1066 ipsa
3768 983 4019 1035 intrinse-

2158 1108 2311 1159 non
2355 1095 2469 1159 est
2499 1088 2770 1181 regula
2808 1112 3003 1179 sua;
3041 1086 3275 1183 igitur
3315 1086 3379 1160 si
3448 1094 3699 1184 potest
3727 1059 3846 1096 eum
3852 1060 4052 1160 ‘pe-‚ooa-

2158 1202 2624 1277 concordare
2676 1205 2991 1298 regulae,
3042 1212 3116 1278 et
3175 1227 3328 1276 non
3392 1226 3701 1277 concor-

2159 1319 2313 1412 dat,
2357 1329 2647 1416 peccat.
2674 1319 2847 1394 Non
2874 1320 3342 1394 concordare
3375 1321 3694 1416 regulae,

2157 1435 2220 1509 si
2261 1444 2536 1533 potest,
2583 1444 2698 1510 est
2728 1458 3046 1533 peccare
3103 1435 3409 1533 proprie
3447 1464 3462 1525 ;
3539 1457 3699 1508 non

2157 1553 2655 1645 concordare,
2688 1562 2763 1627 et
2813 1576 3038 1650 posse
3077 1561 3378 1627 tantum
3425 1551 3705 1649 impor-

2158 1678 2267 1743 tat
2297 1668 2791 1765 negationem
2820 1664 2907 1744 'et
2946 1691 3200 1766 posse.
3254 1669 3490 1743 Posse
3544 1690 3702 1741 non

2158 1794 2274 1860 est
2340 1784 2881 1878 intrinsecum,
2961 1785 3093 1859 sed
3164 1793 3696 1877 connotatum,

2161 1901 2343 1999 quia
2382 1925 2607 1999 posse
2654 1900 2879 1976 estin
2923 1902 3129 1976 bono
3163 1911 3340 1976 actu
3379 1930 3396 1994 3
3470 1900 3703 1997 igitur

2161 2041 2316 2091 non
2360 2027 2474 2091 est
2519 2017 3024 2093 intrinsecum
3060 2018 3261 2092 actui
3309 2018 3535 2091 malo.
3574 2020 3706 2091 Est

2158 2134 2395 2229 igitur
2454 2142 2851 2231 peccatum
2917 2134 3340 2208 formaliter
3396 2156 3704 2231 corrup-

2158 2250 2292 2339 tio,
2340 2272 2516 2347 quae
2557 2260 2671 2323 est
2710 2250 3037 2348 privatio
3088 2249 3420 2347 alicujus
3487 2250 3695 2325 boni.

2259 2366 2617 2440 Secundo
2660 2366 3078 2440 videndum
3120 2366 3342 2463 cujus
3375 2366 3557 2441 boni
3588 2377 3703 2441 est
3845 2374 3912 2439 4.

2161 2483 2551 2581 corruptio
2580 2482 2620 2555 ⁴?
2650 2483 2972 2557 Videtur
3002 2483 3466 2614 quibusdam
3491 2485 3697 2581 quod
3730 2488 3923 2602 gginio
3966 2489 4030 2602 12·

2160 2602 2343 2676 boni
2377 2610 2676 2675 naturae
2716 2601 2790 2673 in
2837 2624 2991 2699 qua
3021 2611 3161 2694 est,
3198 2601 3382 2698 quia
3420 2624 3704 2677 secun-
3804 2565 3979 2603 ”mn

2163 2718 2344 2792 dum
2394 2717 2914 2813 Augustinum
2959 2717 3037 2790 in
3071 2718 3463 2792 Enchirid.
3530 2742 3695 2817 cap.

2162 2835 2231 2908 6.
2295 2834 2710 2910 Peccatum
2770 2840 2883 2909 cst
2932 2835 3319 2933 corruptio
3389 2836 3698 2934 speciei,

2163 2950 2379 3025 modi
2433 2955 2508 3023 et
2560 2949 2885 3025 ordinis.
2964 2950 3056 3022 Et
3119 2950 3474 3026 similiter
3538 2953 3706 3026 vult

2162 3066 2643 3166 Augustinus
2674 3066 2880 3163 quod
2914 3072 3025 3140 est
3051 3067 3440 3166 corruptio
3490 3067 3707 3143 iltius

2165 3186 2369 3274 boni,
2413 3207 2560 3285 quo
2605 3191 2988 3283 corrupt0‚
3032 3185 3340 3260 tandem
3369 3209 3705 3261 corrum-

2151 3303 2373 3402 pitur
2411 3303 2580 3401 ipsa
2616 3301 3028 3399 corruptio,
3069 3302 3264 3375 Illud
3324 3326 3480 3377 non
3536 3328 3709 3401 pos-

2164 3430 2278 3496 set
2309 3443 2505 3514 esse,
2551 3419 2699 3507 nisi
2728 3431 3352 3517 corrumperetur
3380 3421 3701 3518 bonum,

2165 3537 2243 3610 in
2277 3560 2431 3635 quo
2465 3545 2604 3622 est,
2667 3535 2853 3634 quia
2897 3536 3285 3635 corruptio
3332 3561 3489 3613 non
3530 3540 3708 3614 des-

2165 3653 2446 3728 truitur
2476 3652 2626 3727 nisi
2654 3653 3040 3728 destructo
3109 3655 3485 3753 subjecto.
3544 3657 3708 3732 Hoc

2166 3770 2368 3845 idem
2415 3771 2582 3844 vult
2637 3769 3121 3866 Augustinus
3156 3771 3271 3846 12.
3316 3773 3411 3847 dc
3474 3772 3702 3849 Cio-it.

2165 3887 2348 3982 Dei,
2446 3910 2613 3984 cap.
2696 3886 2767 3959 6.
2844 3887 2994 3962 Pro
3071 3890 3216 3962 hoc
3302 3890 3713 3965 adducitur

2166 4002 2299 4076 illa
2330 4002 2699 4100 parabola
2762 4002 2995 4077 Lucae
3038 4004 3154 4076 10.
3201 4005 3294 4079 de
3348 4005 3508 4099 illo,
3574 4006 3707 4104 qui

2166 4117 2434 4192 incidit
2464 4117 2537 4190 in
2571 4118 2934 4205 latrones,
2982 4129 3057 4194 et
3089 4120 3226 4194 fuit
3259 4123 3709 4197 vulneratus

2164 4236 2242 4310 in
2280 4236 2793 4312 naturalibus.

2262 4353 2430 4427 Alia
2459 4353 2586 4429 via
2616 4352 2833 4451 ponit
2886 4354 3092 4451 quod
3148 4366 3546 4452 peccatum
3589 4368 3706 4434 est
3760 4383 3951 4449 opinio
3980 4389 4027 4436 2.

2163 4470 2552 4568 corruptio
2594 4469 2887 4567 gratiae.

2259 4586 2510 4662 Tertia
2547 4586 2673 4660 via
2744 4586 2963 4685 ponit
3035 4589 3241 4686 quod
3303 4602 3701 4688 peccatum
3792 4610 3987 4662 Tertia.

2164 4714 2279 4780 est
2309 4704 2701 4803 corruptio
2732 4703 2919 4779 boni
2950 4705 3258 4781 virtutis
3288 4709 3411 4784 vel
3435 4711 3702 4808 moriS,

2162 4830 2237 4898 et
2287 4822 2397 4896 sic
2438 4821 2748 4918 singula
2789 4833 3102 4920 peccata
3153 4823 3495 4923 aliquam
3550 4828 3707 4901 vir-

2162 4947 2402 5013 tutem
2447 4938 2816 5014 moralem
2871 4952 3403 5038 corrumpunt.

2258 5057 2542 5130 Contra
2644 5055 2969 5152 primam
3062 5057 3268 5132 viam
3334 5085 3348 5134 :

2162 5170 2467 5245 finitum
2535 5193 2674 5268 per
2750 5170 3218 5248 ablationem
3279 5174 3472 5250 finiti
3540 5187 3703 5252 tan-

2161 5288 2334 5362 dem
2420 5286 2903 5361 consumitur
2956 5316 2974 5380 3
3064 5288 3299 5386 igitur
3390 5294 3699 5368 tandem

2160 5401 2679 5500 corrumpitur
2722 5410 2875 5476 tota
2903 5412 3204 5479 natura.

2257 5519 2555 5594 Dicitur
2611 5518 2818 5615 quod
2883 5542 3158 5595 verum
3212 5535 3353 5618 est,
3389 5524 3451 5599 si
3499 5535 3701 5600 esset

2160 5634 2442 5711 ablatio
2473 5634 2806 5734 partium
2841 5634 3184 5732 ejusdem
3211 5640 3696 5738 quantitatis3

3459 5062 3701 5139 omn
3750 5060 4029 5134 Impugna-

3733 5129 3820 5175 tur
3856 5139 4047 5191 prima.
