4295 6326
1630 429 1856 498 DIST.
1909 430 1963 498 1.
2017 429 2436 510 QUAESTIO
2481 434 2570 501 V.

3553 427 3682 497 249

489 598 938 671 men'credo
981 600 1186 696 quod
1256 624 1410 674 non
1479 602 1724 700 possit
1788 612 2021 678 totam
2132 604 2277 678 sibi
2342 614 2618 682 natura
2712 608 3152 706 disparata3
3228 606 3464 702 igitur
3525 626 3683 676 una

482 714 899 808 potentiam
971 718 1398 792 naturalem
1489 719 1854 795 reducere
1931 722 2023 795 ad

484 839 767 924 actum,
804 834 986 930 quia
1046 834 1426 931 capacitas
1496 836 1803 932 passiva
1857 838 2029 911 ani-

490 970 634 1043 ma?
677 948 1074 1024 rationalis
1114 961 1229 1025 est
1282 951 1551 1049 major,
1606 975 1840 1049 quarn
1881 954 2031 1027 suf-

488 1063 694 1138 ficiat
723 1066 967 1141 virtus
1000 1070 1246 1158 activa
1292 1069 1665 1144 naturalis
1723 1071 1816 1144 ad
1860 1094 2030 1146 eam

488 1181 1070 1279 perficiendam.

136 1294 220 1405 ’ἓξ
245 1295 459 1420 ξιξξεξῗ·
589 1299 667 1372 Si
701 1311 1123 1398 quaera‘tur,
1171 1326 1267 1377 an
1310 1304 1552 1401 possit
1599 1313 2031 1379 sustentare

134 1425 458 1533 ξιῇζῑῐξὶῠὲὲξξ.
494 1418 1039 1494 terminative?
1097 1420 1374 1494 dicitur
1431 1422 1637 1519 quod
1689 1446 1873 1495 non.
1917 1421 2030 1496 Ad

132 1548 457 1659 rassttifflwi·
491 1537 636 1609 hoc
669 1546 781 1610 est
813 1537 1059 1633 prima
1093 1539 1283 1612 ratio
1318 1539 1511 1627 talis,
1591 1539 1775 1636 quia
1819 1540 2033 1614 nulla

136 1672 292 1721 nano
324 1674 459 1723 auo-
492 1655 851 1751 perfectio
897 1647 1115 1731 fin'ita
1154 1657 1496 1733 continet
1560 1659 1888 1755 perfecte
1931 1668 2035 1733 to·

136 1736 459 1867 ἷῆῑῖἶιῗῖῗῗὲ).
496 1781 642 1844 tam
721 1774 1265 1869 perfectionem
1352 1775 1549 1850 entis
1617 1776 2027 1864 inferioris,

267 1865 315 1911 ²·
489 1888 671 1985 quia
693 1888 754 1963 si
798 1890 932 1978 sic,
982 1889 1303 1965 inferius
1350 1915 1503 1965 non
1536 1891 2036 1989 distinguitur

487 2026 529 2075 a
570 2005 976 2102 superiori,
1025 2006 1170 2080 nisi
1225 2031 1362 2105 per
1401 2007 1641 2081 solam
1687 2007 2033 2104 negatio-

487 2144 691 2215 nem,
740 2131 810 2197 et
866 2146 1002 2221 per
1043 2125 1187 2197 hoc
1250 2125 1455 2221 quod
1525 2135 1730 2199 caret
1771 2125 2030 2221 aliqua

486 2239 951 2336 perfectione
994 2240 1297 2315 inclusa
1324 2241 1401 2313 in
1437 2241 1861 2339 superiori;
1897 2241 2032 2338 igi-

490 2363 610 2427 tur
652 2380 794 2430 nec
828 2358 1158 2455 perfecte
1200 2357 1431 2432 aliam
1470 2367 1826 2433 naturam
1871 2382 2032 2432 sus-

487 2481 806 2583 tentare.

583 2592 732 2666 Sed
774 2592 919 2666 ista
959 2592 1147 2667 ratio
1192 2617 1346 2667 non
1393 2593 1807 2687 concludit,
1848 2593 2030 2691 quia

483 2732 622 2805 per
662 2708 881 2782 istam
948 2709 1323 2784 rationem
1378 2733 1710 2808 persona
1768 2709 2029 2783 divina

484 2850 640 2899 non
700 2836 960 2923 posset
1034 2836 1467 2902 sustentare
1518 2827 1745 2902 aliam
1817 2835 2031 2901 natu-

485 2967 678 3039 ram,
725 2945 908 3043 quia
946 2971 1278 3044 persona
1310 2947 1599 3041 divina,
1637 2955 1719 3021 ut
1771 2970 2025 3045 perso-

488 3086 615 3157 na,
653 3087 809 3137 non
845 3074 957 3139 est
989 3065 1408 3139 formaliter
1449 3063 1779 3138 infinita.

584 3183 941 3258 Secunda
975 3183 1163 3257 ratio
1207 3192 1322 3257 est
1389 3183 1480 3257 de
1541 3183 1820 3280 illapsu
1856 3205 2030 3279 spe-

483 3298 683 3392 ciali,
721 3299 905 3396 quia
943 3298 1155 3373 Deus
1198 3306 1311 3373 est
1351 3297 1428 3371 in
1463 3298 1674 3372 omni
1725 3306 2029 3373 creatu-

477 3439 562 3488 ra
592 3438 728 3513 per
793 3415 1154 3512 illapsum
1218 3416 1689 3511 generalem,
1754 3423 1828 3489 et
1894 3412 2027 3488 ubi

477 3542 589 3608 est
665 3556 803 3631 per
860 3532 1221 3630 illapsum
1315 3532 1754 3632 specialem,
1833 3532 2024 3606 illud

476 3659 590 3725 est
632 3650 889 3743 Deus3
931 3650 1165 3746 igitur
1203 3651 1392 3724 nihil
1437 3660 1685 3749 potest
1716 3659 2028 3726 susten-

483 3776 641 3841 tare
675 3768 907 3842 aliam
973 3776 1355 3861 naturam,
1415 3767 1563 3843 nisi
1628 3768 1833 3866 quod
1888 3792 2025 3866 po-

480 3893 627 3959 test
658 3884 905 3958 illabi.

582 4002 733 4075 Ista
772 4000 966 4075 ratio
1010 4025 1165 4076 non
1219 4002 1630 4093 concludit,
1692 4003 1875 4100 quia
1931 4004 2028 4078 il-

483 4121 742 4216 lapsus
799 4119 1182 4216 generalis
1222 4119 1404 4193 dicit
1457 4120 1784 4218 primam
1839 4130 2027 4195 c'au-

481 4239 855 4314 sationem
902 4263 1036 4338 per
1109 4238 1553 4313 continuam
1612 4262 2027 4315 conserva-

482 4356 766 4430 tionem
794 4384 813 4451 3
840 4357 971 4431 sed
1008 4356 1363 4454 specialis
1381 4356 1703 4454 illapsus
1728 4380 1884 4431 non
1908 4357 2025 4430 di-

481 4474 580 4547 cit
620 4475 845 4548 aliam
901 4475 1453 4568 causationem,
1526 4475 1658 4549 sed
1736 4475 2026 4573 specia-

479 4591 626 4664 lem
685 4591 998 4665 modum
1061 4590 1570 4665 inhabitandi.
1647 4591 1826 4667 Ideo
1879 4591 2024 4667 ista

476 4709 665 4782 ratio
706 4733 862 4783 non
921 4708 1311 4783 concludit
1377 4707 1470 4782 de
1521 4708 1801 4807 illapsu
1861 4733 2026 4807 spe-

152 2623 428 2687 nejicitur.

170 3184 316 3234 natio
342 3185 396 3239 2.

175 3247 415 3298 aliorum.

152 4037 419 4101 Rejicitur.

476 4826 676 4921 ciali,
723 4849 975 4924 neque
1036 4827 1408 4925 generali,
1491 4825 1675 4924 quia
1741 4830 2069 4902 secun-'²

474 4944 617 5019 dus
658 4954 773 5019 est
812 4971 856 5019 a
893 4954 1045 5019 tota
1086 4943 1479 5038 Trinitate,
1534 4953 1608 5018 et
1639 4967 1776 5042 per
1834 4967 2023 5019 con-

474 5086 808 5162 sequens
880 5088 1035 5140 una
1111 5087 1442 5163 persona
1527 5086 1683 5137 non
1767 5073 2024 5162 posset

475 5189 900 5257 sustentare
942 5190 1295 5256 naturam
1371 5180 1600 5255 aliam
1632 5208 1650 5274 ;
1705 5181 2024 5279 loquen-

474 5300 570 5373 do
650 5299 742 5374 de
812 5280 1124 5397 speciali
1211 5290 1488 5397 illapsu
1580 5307 1693 5374 est
1756 5299 2018 5397 petitio

476 5416 863 5515 principii.

230 5498 329 5565 ¹3·
570 5532 820 5607 Tertia
859 5532 1050 5607 ratio
1113 5533 1207 5607 ad
1258 5533 1490 5628 idem,
1550 5530 1674 5606 cui
1753 5555 1890 5630 per
1938 5554 2020 5607 se

182 5614 412 5734 ιῗῑῖῗῖἷηῗζ
478 5650 840 5726 convenit
907 5650 1170 5749 aliqua
1243 5659 1545 5745 natura,
1639 5658 2021 5748 repugnat

2133 731 2485 797 creatura
2557 749 2710 798 non
2768 736 3013 822 potest
3089 725 3318 799 aliam
3388 728 3683 796 susten-

2134 846 2322 911 tare.

2233 951 2392 1025 Nec
2440 954 2607 1027 haec
2653 955 2845 1029 ratio
2892 954 3305 1046 concludit,
3354 952 3535 1051 quia
3601 950 3681 1023 il·
3725 987 4000 1053 Rej;ejtu,‚

2138 1067 2268 1140 lud
2304 1067 2448 1142 erit
2486 1080 2799 1168 propter
2859 1070 3448 1169 repugnantiam
3496 1067 3684 1141 ista-

2140 1205 2310 1256 rum
2337 1193 2821 1280 naturarum,
2859 1195 2935 1262 et
2974 1210 3128 1260 non
3161 1194 3473 1285 propter
3506 1185 3678 1277 hoc,

2140 1300 2325 1397 quin
2373 1325 2528 1376 una
2560 1313 2821 1400 posset
2875 1315 3246 1402 quantum
3292 1312 3404 1379 est
3435 1302 3528 1377 de
3570 1325 3679 1394 se,

2141 1417 2370 1492 aliam
2416 1428 2875 1509 sustentare,
2941 1432 3016 1496 et
3046 1433 3229 1497 tunc
3264 1422 3354 1496 de
3399 1417 3687 1495 naturis

2140 1535 2553 1636 perfectius
2587 1560 2722 1633 per
2768 1560 2849 1612 se
2884 1562 3040 1612 non
3101 1536 3489 1612 concludit
3521 1537 3688 1608 haec

2142 1650 2363 1744 ratiO,
2401 1652 2584 1748 quia
2651 1663 2930 1728 natura
3002 1654 3373 1751 Angelica
3431 1659 3692 1751 posset

2140 1767 2366 1841 aliam
2462 1778 2925 1865 sustentare,
2989 1794 3166 1869 quae
3222 1794 3377 1845 non
3458 1768 3689 1842 habet

2140 1883 2461 1958 formam
2508 1885 2654 1959 sibi
2689 1898 3273 1988 repugnantem.

2243 2009 2529 2095 Quarta
2563 2011 2752 2086 ratio
2784 2012 2875 2087 ad
2911 2013 3140 2107 idem,
3205 2020 3501 2111 oportet
3531 2019 3682 2084 ter-

2145 2125 2452 2200 minans
2529 2150 2697 2203 esse
2766 2128 3212 2227 simpliciter
3312 2127 3683 2225 indepen-

2141 2242 2333 2318 dens
2387 2245 2530 2318 hac
2588 2246 3100 2343 dependentia
3159 2270 3390 2345 quam
3434 2242 3685 2320 termi-

2142 2370 2319 2454 nat3
2351 2363 2485 2436 sed
2517 2365 2733 2437 nulla
2773 2373 3050 2439 natura
3083 2375 3338 2440 creata
3369 2373 3482 2439 est
3513 2363 3687 2437 sim-

2139 2477 2439 2575 pliciter
2470 2478 3000 2577 independens
3043 2483 3184 2555 hac
3239 2480 3686 2580 dependen-

2140 2594 2269 2688 tia,
2315 2618 2490 2669 cum
2534 2596 2774 2693 possit
2808 2595 3208 2695 personari
3241 2599 3316 2671 in
3353 2621 3684 2696 persona

2138 2711 2445 2805 divina3
2483 2712 2742 2809 igitur,
2781 2724 2923 2789 etc.
2988 2716 3238 2812 Major
3277 2715 3675 2813 probatur,

2139 2830 2322 2926 quia
2362 2839 2660 2928 oportet
2725 2833 2930 2930 quod
2996 2833 3372 2908 terminus
3441 2832 3691 2932 proxi-

2141 2970 2314 3020 mus
2354 2947 2451 3021 sit
2491 2947 2943 3045 simpliciter
2975 2951 3502 3049 independens
3543 2952 3688 3024 hac

2144 3064 2685 3163 dependentia,
2720 3068 2838 3141 vel
2880 3068 3084 3166 quod
3128 3068 3226 3142 sit
3300 3066 3690 3142 reducihi-

2146 3182 2242 3256 lis
2300 3183 2394 3256 ad
2461 3183 2875 3258 terminum
2946 3185 3398 3284 simpliciter
3481 3184 3692 3259 inde-

2142 3300 2634 3396 pendentem,
2694 3325 2869 3376 cum
2914 3326 3069 3376 non
3113 3303 3212 3377 sit
3279 3325 3690 3401 processus

2143 3415 2223 3489 in
2252 3415 2640 3491 infinitum
2676 3418 2754 3491 in
2794 3442 2934 3517 per
2974 3443 3054 3494 se
3097 3419 3515 3512 ordinatis3
3554 3420 3687 3495 sed

2142 3533 2570 3607 secundum
2598 3558 2752 3608 non
2795 3545 3044 3634 potest
3083 3535 3273 3630 dari,
3310 3537 3515 3634 quod
3557 3535 3686 3611 ille

2144 3649 2525 3724 terminus
2583 3675 2739 3725 non
2793 3652 2888 3726 sit
2956 3652 3407 3750 simpliciter
3468 3653 3689 3728 inde-

2138 3766 2488 3863 pendens
2562 3769 2704 3842 hac
2773 3769 3312 3867 dependentia,
3370 3770 3505 3845 sed
3565 3794 3691 3846 re—

2137 3882 2446 3956 ducitur
2511 3884 2606 3957 ad
2639 3883 2847 3958 aliud
2892 3896 3262 3980 creatum,
3312 3894 3385 3961 et
3423 3887 3554 3960 illa
3593 3887 3687 3961 ad

2136 3998 2377 4093 aliud,
2421 3999 2604 4097 quia
2647 4000 2847 4076 inter
2887 4002 3256 4077 terminos
3313 4026 3687 4101 persona-

2132 4116 2246 4189 les
2300 4139 2455 4190 non
2498 4126 2613 4192 est
2678 4119 2862 4193 ordo
2894 4118 3044 4193 nisi
3086 4119 3180 4193 ad
3223 4119 3675 4195 increatum.

2234 4232 2523 4319 Quinta
2581 4235 2801 4324 ratio,
2881 4259 3037 4309 non
3113 4236 3418 4312 videtur
3476 4238 3680 4335 quod

2135 4347 2310 4423 duae
2343 4358 2644 4425 naturae
2695 4350 2994 4449 possint
3034 4351 3267 4446 uniri,
3348 4352 3495 4427 nisi
3529 4353 3682 4428 sint

2133 4476 2391 4563 partes
2427 4468 2661 4543 unius
2720 4469 2982 4563 totius,
3058 4469 3158 4543 ita
3199 4470 3404 4567 quod
3441 4494 3678 4545 unum

2137 4583 2233 4656 sit
2266 4592 2512 4680 actuS,
2553 4587 2878 4661 alterum
2912 4586 3280 4684 potentia,
3325 4587 3447 4661 vel
3476 4588 3680 4685 quod

2135 4726 2382 4777 unum
2444 4704 2787 4779 includat
2855 4703 3066 4778 aliud
3136 4703 3480 4800 unitive3
3550 4706 3682 4781 sed

2134 4844 2295 4895 non
2329 4819 2440 4896 sic
2472 4821 2879 4917 uniuntur,
2912 4846 3091 4921 quae
3126 4822 3502 4898 uniuntur
3543 4824 3687 4898 hac

2136 4939 2452 5035 unione,
2522 4941 2582 5016 si
2654 4965 2811 5016 una
2895 4950 3245 5018 creatura
3312 4950 3688 5017 sustentat

2068 5050 2518 5150 ‘naturam,
2601 5060 2784 5156 quia
2870 5083 3022 5135 una
3098 5060 3450 5135 creatura
3529 5084 3685 5135 non

2136 5175 2481 5250 continet
2514 5176 2738 5251 aliam
2813 5175 3133 5270 unitive,
3181 5199 3354 5275 quae
3401 5201 3686 5253 secun-

2137 5300 2322 5374 dum
2356 5318 2438 5370 se
2480 5304 2594 5371 est
2653 5295 3165 5394 personabilis
3225 5295 3375 5369 alia
3416 5319 3686 5393 perso-

2134 5415 2478 5509 ualitate,
2519 5412 2704 5511 quia
2735 5435 2910 5511 quae
2942 5412 3050 5487 sic
3084 5412 3487 5506 uniuntur,
3539 5436 3682 5488 nec

2134 5542 2316 5608 sunt
2377 5541 2633 5630 partes
2685 5531 2945 5621 totius,
3018 5555 3160 5607 nec
3219 5529 3478 5618 uniuS‚
3539 5554 3681 5606 nec

2137 5672 2381 5724 unum
2425 5658 2539 5724 est
2570 5656 2814 5743 actUS,
2859 5646 3069 5723 aliud
3113 5646 3476 5745 potentia.

3763 2047 3917 2100 Ratio
3946 2050 3991 2101 ὅ.

3827 4259 3932 4328 14.

3763 4379 3917 4430 Ratio
3943 4378 3991 4428 5.
