4295 6326
692 465 811 528 ¹22

522 675 620 723 η,
689 658 797 727 se,
852 637 995 707 hoc
1036 644 1146 707 est
1214 632 1486 706 falsum
1547 626 1969 703 secundum
2042 622 2232 696 mul-

525 771 538 784 ·
573 735 650 786 ¹⁰·
686 760 827 837 tos,
866 749 1207 823 dicentes
1240 747 1443 844 quod
1491 743 1785 842 species
1864 737 2231 833 intelligi-

679 866 855 941 bilis
898 877 1153 940 movet
1195 865 1694 953 intellectum,
1741 868 1813 933 et
1844 856 2226 953 objectum

681 981 1072 1077 cognitum
1153 981 1668 1070 voluntatem3
1734 984 1805 1049 et
1864 984 2044 1046 tunc
2110 969 2228 1043 di-

681 1108 860 1172 cunt
901 1120 1220 1170 movens
1260 1104 1332 1170 et
1405 1104 1690 1166 motum
1769 1113 1936 1165 esse
1993 1087 2229 1160 indis-

680 1215 917 1288 tincta
984 1213 1355 1309 subjectO,
1421 1220 1495 1283 et
1594 1219 1848 1282 tamen
1941 1212 2227 1299 negant

636 1329 883 1403 ·idem
929 1352 1095 1402 esse
1131 1326 1591 1426 principium
1663 1321 1937 1419 agendi
2004 1331 2077 1394 et
2117 1343 2228 1394 re-

677 1444 1043 1542 cipiendi,
1081 1453 1338 1516 tamen
1373 1439 1709 1514 concedo
1754 1439 1825 1510 in
1873 1433 2227 1533 proposi-

680 1571 780 1649 to,
849 1560 1051 1658 quod
1114 1558 1312 1633 idem
1375 1565 1628 1631 movet
1686 1577 1795 1646 se,
1844 1560 1920 1626 et
1986 1560 2101 1625 est
2146 1551 2225 1623 in

680 1688 848 1753 actu
895 1686 966 1751 et
1009 1677 1087 1750 in
1134 1674 1497 1774 potentia.

780 1796 871 1868 Et
901 1817 1075 1868 cum
1111 1792 1415 1885 dicitur,
1455 1813 1762 1888 passum
1796 1798 1912 1861 est
1956 1788 2103 1860 tale
2146 1786 2223 1858 in

679 1910 1048 2009 potentia,
1085 1910 1312 2007 quale
1364 1930 1602 2003 agens
1670 1905 1747 1979 in
1818 1913 2018 1989 actu,
2056 1902 2225 1976 dico

682 2027 886 2125 quod
922 2028 1066 2117 hoc
1106 2035 1216 2100 est
1260 2048 1526 2097 verum
1573 2022 1647 2096 in
1700 2018 1997 2095 actione
2052 2017 2228 2091 uni-

679 2167 899 2230 voca,
947 2152 1021 2217 et
1052 2139 1524 2239 impossibile
1572 2148 1685 2213 est
1751 2135 1953 2234 quod
2025 2136 2227 2211 idem

686 2262 785 2335 sit
844 2267 922 2334 in
976 2271 1148 2334 actu
1210 2283 1348 2333 ens
1425 2253 1848 2330 formaliter
1914 2254 2089 2339 tale,
2153 2263 2232 2327 et

681 2380 756 2452 in
845 2383 1188 2477 potentia
1245 2385 1420 2450 ante
1485 2383 1736 2449 actum
1813 2371 2232 2446 formaliter

689 2496 912 2588 tale,
985 2503 1236 2568 tamen
1302 2492 1376 2564 in
1455 2490 1754 2564 actione
1830 2488 2234 2585 aequivoca

686 2633 1089 2707 nunquam
1134 2616 1433 2705 oportet
1490 2607 1633 2679 hoc
1701 2626 1868 2678 esse
1926 2627 2227 2698 verum,

687 2726 873 2825 quia
914 2725 1018 2799 ibi
1061 2748 1301 2820 agens
1333 2730 1630 2820 oportet
1661 2742 1828 2794 esse
1863 2720 2227 2815 nobiliuS,

693 2854 768 2918 et
806 2841 1235 2916 virtualiter
1282 2841 1455 2913 tale.

341 2999 512 3048 Unum
544 2997 633 3047 au-
790 2962 882 3033 Et
948 2959 1010 3032 si
1089 2956 1435 3054 capiatur
1511 2955 1714 3053 quod
1779 2953 1970 3027 nihil
2030 2953 2234 3027 idem

339 3060 660 3174 ξῑῃωέοῆζαζῗι
693 3085 941 3176 potest
1016 3097 1184 3148 esse
1252 3072 1483 3146 simul
1560 3070 1637 3143 in
1733 3070 2075 3170 potentia
2139 3069 2234 3143 ad

371 3189 629 3250 Ρῡῑθῦῑῑᾶ·
691 3192 926 3282 aliud,
974 3200 1048 3265 et
1122 3200 1291 3264 actu
1397 3186 1679 3262 habere
1774 3185 2230 3280 eminenter,

689 3309 859 3384 dico
952 3308 1157 3405 quod
1219 3304 1418 3379 istud
1507 3313 1620 3378 est
1676 3304 1980 3396 falsum,
2051 3301 2236 3399 quia

692 3436 773 3501 ut
813 3427 891 3500 in
928 3425 1280 3524 pluribus
1325 3432 1601 3497 natura
1651 3422 1880 3497 habet
1945 3421 2234 3519 princi—

687 3543 900 3641 pium
969 3541 1303 3616 activum
1381 3539 1473 3613 ad
1543 3538 1760 3632 illud,
1825 3538 2046 3635 cujus
2121 3547 2236 3612 est

685 3686 954 3759 caan,
1036 3659 1178 3735 etsi
1259 3682 1415 3731 non
1484 3680 1813 3755 semper,
1867 3657 2038 3732 ideo
2108 3682 2236 3731 na-

684 3787 859 3851 tura
889 3774 1404 3867 dediteidem,
1451 3773 1656 3871 quod
1726 3783 1974 3871 potest
2036 3772 2236 3847 reci-

688 3916 869 3991 pere
903 3889 1554 3987 augmentativam
1617 3889 2064 3985 potentiam,
2101 3913 2234 3963 ac·-

693 4011 923 4085 tivam
968 4017 1041 4084 et
1082 4007 1556 4100 nutritivam,
1612 4015 1687 4080 et
1753 4005 2235 4080 nobilissima

686 4129 933 4202 forma
976 4135 1055 4199 ut
1085 4122 1554 4198 intellectiva
1585 4122 1814 4195 habet
1855 4123 2235 4219 potentias

683 4244 975 4319 activas
995 4267 1157 4317 suae
1182 4239 1674 4339 perfectionis
1701 4239 2230 4335 accidentaliS,

688 4370 770 4434 ut
822 4360 899 4432 in
971 4356 1349 4456 pluribus,
1413 4364 1760 4452 respectu
1841 4355 2063 4451 cujus
2121 4366 2237 4430 est

679 4474 1148 4572 susceptiva.
1203 4473 1294 4545 Et
1360 4470 1544 4568 quia
1620 4493 1772 4543 non
1850 4480 2100 4568 potest
2155 4471 2230 4545 in

684 4593 968 4668 talibus
1035 4589 1216 4664 dare
1291 4586 1711 4686 potentiam
1776 4586 2097 4662 activam
2162 4599 2237 4664 et

688 4706 1072 4806 passivam
1156 4703 1233 4776 in
1340 4701 1779 4776 diversitate
1875 4702 2231 4799 subjecti,

686 4848 862 4901 cum
921 4820 1284 4921 potentiae
1352 4819 1508 4894 sint
1578 4843 1731 4893 non
1821 4821 2232 4916 organicae,

687 4942 858 5016 ideo
919 4962 1093 5011 -non
1174 4936 1756 5032 distinguuntur
1833 4938 2228 5034 subject03

691 5057 863 5131 ideo
926 5076 1394 5152 quamquam
1453 5053 1526 5125 in
1575 5052 2032 5150 corporibus
2081 5055 2235 5130 alia

686 5176 784 5249 sit
824 5198 999 5272 pars
1043 5181 1274 5264 mota,
1320 5181 1394 5245 et
1434 5169 1585 5244 alia
1645 5194 1964 5246 movens
2014 5196 2235 5268 orga-

688 5294 883 5383 nice,
912 5291 1097 5390 quia
1135 5311 1455 5386 corpora
1498 5289 1786 5363 habent
1817 5291 2042 5363 talem
2087 5291 2235 5365 dis-

685 5411 1163 5502 tinctionem,
1212 5417 1463 5481 tamen
1509 5406 1584 5479 in
1648 5430 1800 5480 non
1865 5409 2231 5503 organico

686 5526 1107 5604 eruntistae
1149 5522 1510 5621 potentiae
1552 5522 1872 5616 unitive,
1931 5533 2004 5598 et
2065 5524 2232 5599 sine

688 5645 1177 5723 distinctione
1212 5640 1558 5737 subjecti.

371 673 520 725 .7.e

405 735 519 799 3.q

2153 447 2385 515 LIBRI
2437 447 2522 514 11.

2435 618 2547 693 Ne
2623 628 2876 692 tamen
2972 616 3105 691 fiat
3203 618 3712 716 aequivocatio
3787 619 3877 692 de

2337 736 2481 809 hoc
2524 734 2897 808 vocabulo
2921 735 3293 833 potentia,
3322 734 3490 807 dico
3533 734 3736 830 quod
3782 736 3880 807 lo-

4005 646 4111 709 11.

3909 758 4055 808 Idem
4077 761 4239 808 simut

3907 826 3989 871 est.
4018 821 4076 870 in
4116 828 4241 871 actu

2339 850 2645 947 quendo
2679 851 2769 923 de
2811 860 2983 924 actu
3013 858 3086 923 et
3117 851 3454 947 potentia
3506 873 3659 922 uno
3712 874 3880 924 mo·
3908 886 4149 940 vainans,
4189 891 4244 935 et

2336 968 2461 1059 do,
2525 966 2919 1064 quodlibet
2968 977 3246 1063 praeter
3308 968 3552 1040 Deum
3631 978 3878 1064 potest

2336 1084 2568 1157 dividi
2651 1106 2787 1182 per
2841 1093 3090 1156 actum
3146 1094 3219 1157 et
3278 1083 3725 1181 potentiam,
3774 1083 3878 1158 ita

2335 1201 2539 1299 quod
2585 1201 2798 1298 prius
2838 1211 2953 1274 est
3004 1202 3075 1273 in
3129 1203 3467 1298 potentia
3514 1225 3743 1298 quam
3802 1203 3876 1275 in

2334 1329 2533 1393 actu.
2590 1318 3012 1414 Loquendo
3081 1329 3334 1392 tamen
3405 1320 3497 1393 de
3565 1328 3738 1393 ente
3799 1320 3874 1393 in

2333 1435 2675 1534 potentia
2715 1435 3041 1531 alicujus
3073 1436 3593 1533 perfectionis,
3644 1460 3872 1534 quam

2334 1552 2560 1625 debet
2588 1551 2955 1649 recipere,
3000 1552 3203 1649 quod
3258 1562 3514 1628 tamen
3584 1562 3698 1627 est
3738 1577 3876 1628 ens

2334 1668 2808 1766 simpliciter,
2892 1668 3084 1741 nihil
3177 1669 3531 1765 prohibet
3623 1670 3874 1766 ipsum

2335 1809 2501 1860 esse
2536 1785 2765 1859 simul
2800 1784 2873 1857 in
2912 1794 3079 1859 actu
3118 1784 3453 1878 virtuali,
3492 1795 3565 1861 et
3614 1786 3687 1858 in
3739 1810 3878 1884 po-

2334 1901 2573 1977 tentia
2628 1901 2927 1976 formali
2996 1902 3088 1975 ad
3167 1902 3711 1999 perfectionem
3761 1912 3879 1976 ta-

2336 2023 2515 2113 lem,
2562 2042 2791 2117 quam
2849 2019 3070 2093 debet
3129 2020 3493 2118 recipere.
3553 2021 3710 2096 Nec
3764 2032 3880 2096 est

2336 2136 2523 2210 illud
2559 2135 2995 2233 oppositum
3039 2135 3415 2233 principio
3469 2137 3882 2235 Metaphy-

2338 2252 2581 2345 sicali,
2609 2251 2793 2348 quia
2832 2252 3210 2350 principia
3246 2253 3883 2351 Metaphysicalia

2338 2380 2520 2444 sunt
2559 2369 3005 2461 notissima3
3040 2370 3272 2465 igitur
3304 2370 3506 2445 notis
3533 2372 3881 2447 terminis

2340 2486 2593 2561 statim
2628 2497 2806 2560 sunt
2848 2497 3055 2580 nota,
3100 2497 3174 2560 et
3226 2487 3483 2560 multis
3543 2512 3693 2562 non
3751 2513 3884 2563 oc-

2340 2603 2579 2678 currit
2628 2605 2772 2678 hoc
2836 2602 3297 2700 principium
3356 2603 3557 2678 notis
3621 2606 3884 2678 termi-

2342 2721 2489 2814 nis,
2520 2720 2675 2794 imo
2730 2730 3046 2817 apparet
3096 2719 3233 2812 eis,
3288 2719 3493 2816 quod
3576 2732 3691 2795 est
3743 2723 3884 2796 fal-

2342 2862 2513 2912 sum
2544 2866 2561 2931 ;
2601 2837 2771 2911 ideo
2803 2835 3250 2933 accipiendo
3283 2837 3698 2933 potentiam
3746 2863 3880 2936 pro

2339 2952 2719 3052 principio
2779 2951 3085 3049 passivo
3174 2952 3557 3049 receptivo
3636 2964 3879 3049 actuS,

2342 3080 2415 3144 et
2446 3079 2727 3158 actum,
2770 3076 2850 3141 ut
2888 3067 3387 3163 distinguitur
3435 3080 3699 3144 contra
3745 3096 3882 3145 ens

2343 3188 2418 3260 in
2464 3187 2832 3286 potentia,
2877 3185 3302 3260 secundum
3349 3187 3555 3281 quod
3593 3212 3714 3263 res
3763 3190 3882 3262 di-

2342 3307 2644 3383 citurin
2706 3304 3070 3404 potentia,
3125 3304 3491 3401 quamdiu
3544 3331 3699 3380 non
3761 3311 3885 3383 ha-

2340 3428 2469 3502 bet
2520 3450 2677 3500 esse
2717 3434 2926 3500 extra
2984 3448 3297 3498 causam
3349 3448 3597 3519 suam,
3656 3429 3882 3526 plane

2341 3543 2624 3642 petitur
2650 3541 2855 3639 quod
2884 3540 3196 3615 deberet
3226 3541 3564 3638 probari,
3593 3554 3667 3617 et
3707 3568 3878 3618 cum

2341 3660 2514 3752 hoc,
2588 3667 3069 3754 assumptum
3152 3668 3266 3730 est
3344 3657 3644 3746 falsum,
3701 3662 3883 3757 quia

2341 3775 2768 3851 substantia
2817 3783 2931 3848 est
2985 3772 3315 3847 nobilior
3346 3775 3765 3872 accidente,
3810 3788 3884 3853 et

2343 3891 2717 3965 nobilitati
2778 3913 2943 3964 suae
3003 3913 3156 3962 non
3231 3904 3608 3986 repugnat
3657 3920 3881 3992 posse

2342 4007 2680 4105 recipere
2740 4006 3122 4088 accidens,
3174 4027 3315 4079 nec
3375 4009 3599 4082 etiam
3668 4035 3886 4109 repu-

2341 4136 2524 4223 gnat
2585 4126 2740 4200 enti
2814 4125 3148 4223 perfecto
3228 4124 3595 4222 efficere3
3652 4130 3887 4226 igitur

2342 4266 2497 4317 non
2543 4253 2921 4340 repugnat
2961 4244 3132 4340 sibi,
3171 4246 3354 4344 quin
3407 4247 3595 4321 illud
3628 4246 3886 4323 effice-

2341 4368 2455 4432 ret
2553 4357 2629 4430 in
2754 4381 2834 4432 se
2922 4371 3234 4458 propter
3338 4364 3880 4460 perfectionem

2341 4497 2588 4547 suanh

2440 4588 2749 4684 Dicunt,
2797 4591 3062 4665 saltem
3097 4615 3338 4688 agens
3379 4605 3493 4669 est
3551 4595 3887 4671 virtuali-

2344 4717 2457 4782 ter
2487 4709 2664 4802 tale,
2711 4709 2938 4806 quale
3001 4720 3113 4784 est
3179 4734 3368 4785 suus
3410 4710 3753 4809 effectuS,
3815 4725 3889 4790 et

2342 4836 2597 4901 tamen
2633 4834 2880 4923 potest
2909 4848 3076 4900 esse
3119 4826 3196 4899 in
3250 4829 3589 4926 potentia
3638 4855 3889 4929 recep-

2342 4942 2499 5016 tiva
2530 4964 2671 5041 per·
2715 4964 2795 5015 se
2837 4940 2928 5015 ad
2965 4943 3191 5016 talem
3228 4941 3581 5018 effectum
3612 4946 3887 5043 3igitur

2343 5058 2639 5132 habens
2670 5057 2961 5154 aliquid
2998 5058 3221 5132 modo
3272 5059 3641 5134 eminenti
3687 5075 3888 5138 esset

2343 5174 2421 5246 in
2477 5173 2818 5271 potentia
2857 5173 2948 5247 ad
2992 5174 3431 5249 habendum
3475 5175 3666 5251 illud
3717 5204 3885 5252 mo-

2342 5293 2438 5365 do
2476 5290 2729 5363 minus
2762 5290 3157 5365 eminenti.
3218 5293 3719 5390 Consequens
3772 5306 3886 5372 est

2346 5410 2650 5501 falsum,
2695 5407 2876 5505 quia
2907 5407 3015 5482 sic
3058 5410 3216 5503 Sol,
3254 5410 3384 5507 qui
3437 5422 3551 5485 est
3588 5414 3884 5488 virtua-

2345 5527 2515 5600 liter
2565 5525 2887 5617 caliduS,
2955 5535 3155 5599 esset
3232 5527 3305 5599 in
3387 5531 3726 5624 potentia
3806 5542 3885 5606 ut

2342 5651 2542 5717 esset
2636 5641 3053 5715 formaliter
3120 5642 3440 5737 caliduS,
3513 5654 3585 5720 et
3670 5647 3887 5721 simi-

3909 948 3960 995 iu
3990 948 4241 1009 potentia

4286 588 4295 669 1

3966 1009 4205 1060 formali.
4294 1050 4295 1077 3
