4295 6326
1444 497 1672 570 DIST.
1723 498 1860 569 XL.
1919 497 2336 580 QUAESTIO
2391 501 2626 571 UNIC.

3499 507 3627 575 209

1223 981 2367 1204 DISTJNCTIO
2517 1041 2830 1250 XL.

826 1823 1218 1902 QUAESTIO
1274 1825 1391 1890 UN
1404 1825 1565 1891 ICA.

430 2012 678 2078 Utrum
728 2013 955 2079 omnis
993 2023 1188 2080 actus
1228 2013 1319 2080 sit
1378 2009 1598 2080 bonus
1638 2029 1727 2078 ex
1765 2010 1909 2098 fine
1934 2007 1973 2075 P

427 2222 623 2279 Ateus.
656 2224 708 2277 2.
742 2241 796 2294 p.
831 2241 883 2295 q.
918 2224 1039 2279 106.
1069 2240 1142 2277 m.
1174 2223 1229 2277 2.
1268 2226 1328 2278 I).
1362 2223 1567 2278 Thom.
1604 2239 1641 2278 1.
1672 2223 1727 2277 2.
1778 2229 1972 2295 quaest.

502 2297 587 2350 18.
643 2299 748 2349 art.
803 2312 838 2349 1.
890 2296 944 2351 3.
1002 2305 1053 2351 et
1104 2295 1157 2349 4.
1219 2294 1286 2349 D.
1320 2299 1525 2349 Bonav.
1558 2295 1647 2348 hic
1672 2311 1726 2351 a.
1759 2310 1804 2349 ι.
1844 2311 1897 2363 q.
1932 2311 1971 2349 1.

502 2365 773 2422 Richard.
807 2376 915 2423 art.
953 2383 990 2421 1.
1025 2383 1077 2438 q.
1110 2369 1164 2421 2.
1198 2366 1369 2422 Gabr.
1393 2383 1445 2437 q.
1480 2383 1518 2421 1.
1551 2365 1724 2437 Vasq.
1758 2382 1797 2420 ι.
1833 2366 1886 2420 2.
1918 2366 1974 2420 d.

500 2440 590 2494 5¹.
613 2443 767 2495 Scot.
800 2438 888 2494 htc
915 2442 967 2494 et
996 2437 1180 2509 quodt.
1223 2438 1306 2491 16.
1340 2442 1394 2493 ct
1428 2437 1511 2492 18.

209 2646 271 2710 1.
534 2645 749 2719 Circa
817 2645 1035 2719 istam
1130 2645 1696 2721 distinctionem
1777 2668 1973 2744 qua-

76 2762 400 2889 Aggfflffl}
434 2761 939 2858 dragesimam
985 2762 1408 2858 quaeritur:
1493 2763 1763 2837 Utrum
1822 2785 1974 2836 om-

432 2879 555 2952 nis
609 2886 818 2952 actus
880 2879 982 2952 sit
1053 2877 1293 2952 bonus
1359 2901 1455 2952 ea:
1481 2877 1705 2974 fine?
1753 2878 1970 2966 Quod

433 2993 543 3067 sic
575 2993 1101 3089 Augustinus:
1148 2995 1457 3069 Bonum
1504 3017 1691 3092 opus
1719 2995 1974 3080 intem-‚—

432 3109 537 3183 tio
577 3108 791 3207 facit.

533 3228 745 3313 Item,
786 3236 1001 3301 actus
1042 3225 1517 3323 intelligendi
1578 3236 1690 3300 est
1740 3250 1973 3300 verus

434 3369 525 3419 ex
552 3343 930 3441 principio
966 3371 985 3437 ;
1020 3344 1253 3439 igitur
1301 3352 1516 3417 actus
1554 3344 1973 3418 voluntatis

433 3486 526 3537 ex
558 3461 739 3554 fine,
777 3461 959 3558 quia
993 3461 1102 3535 sic
1123 3484 1203 3534 se
1232 3458 1460 3534 habet
1494 3458 1679 3556 finis
1707 3460 1789 3534 in
1820 3461 1973 3555 asli-

433 3577 739 3670 bilibus,
776 3577 976 3651 sicut
1009 3576 1489 3674 principium
1525 3576 1606 3650 in
1634 3576 1976 3672 specula-

432 3689 673 3765 bibus.

532 3808 718 3880 Item
769 3805 1072 3881 bonitas
1132 3806 1361 3880 unius
1418 3815 1636 3881 actus
1702 3816 1816 3881 est
1880 3830 1972 3881 ex

435 3950 587 4001 una
629 3947 862 3999 causa
899 3952 915 4011 ;
962 3923 1095 3999 sed
1132 3947 1282 3996 non
1355 3935 1469 3999 est
1519 3924 1777 4021 aliqua
1816 3947 1972 3998 una

434 4068 667 4119 causa
697 4044 900 4119 unde
934 4041 1174 4141 possit
1225 4041 1374 4116 dici
1426 4052 1640 4117 actus
1689 4043 1965 4135 bonus,

435 4162 583 4236 nisi
619 4185 664 4236 a
696 4160 897 4254 sine3
951 4160 1210 4257 igitur,
1257 4168 1402 4233 etc.

532 4279 1014 4377 Oppositum,
1056 4277 1563 4375 AugustinuS,
1637 4286 1710 4351 et
1750 4277 1971 4373 poni-

432 4407 556 4470 tur
599 4398 672 4471 in
708 4396 988 4472 littera.

144 3216 338 3267 Secun-

173 3280 314 3332 dnm.

107 3832 367 3882 Tertium.

140 4305 356 4354 Contra.

1016 4653 1399 4711 SCHOLIUM.

506 4804 761 4860 Primum
812 4803 1031 4858 dictum
1070 4804 1340 4859 :Bonitas
1377 4801 1652 4857 naturalis
1698 4810 1849 4857 actus
1892 4806 1972 4858 est-

433 4898 499 4950 ob
530 4898 813 4967 operante.
850 4898 932 4949 An
995 4893 1135 4949 hinc
1169 4898 1447 4964 sequatur
1502 4892 1823 4947 finitionem
1872 4892 1971 4947 vioe

431 4992 485 5040 et
506 4985 705 5057 patriae
738 5000 851 5039 non
887 4982 1171 5055 distingui
1221 4983 1432 5054 specie,
1467 4982 1584 5038 vide
1613 4983 1672 5036 in
1701 4984 1884 5041 Oxou.
1919 4982 1969 5037 4.

431 5075 558 5130 dist.
592 5074 679 5128 49.
712 5082 905 5145 quaest.
938 5073 993 5126 5.
1024 5077 1077 5128 et
1109 5089 1282 5144 supra
1334 5071 1396 5126 in
1435 5074 1649 5142 [ἱερου-ι.
1699 5072 1829 5127 diat.
1880 5072 1969 5126 36.

429 5164 749 5219 secundum
787 5177 801 5219 :
834 5163 1024 5218 Pm'ma
1058 5162 1268 5217 bonitas
1299 5160 1526 5216 moratis
1541 5168 1622 5215 est
1642 5161 1711 5216 ab
1741 5161 1968 5231 objecto,

432 5258 488 5309 et
516 5253 725 5308 dicitur
753 5268 818 5307 ex
853 5265 1062 5325 genere
1097 5266 1111 5318 ;
1144 5249 1419 5318 secunda,
1452 5266 1519 5304 ex
1568 5248 1681 5304 tine
1728 5266 1741 5316 ;
1779 5248 1969 5316 tertia,

432 5361 493 5400 ex
530 5343 657 5399 aliis
696 5340 1172 5400 circumstantiis,
1206 5341 1461 5397 Tertium
1497 5357 1509 5397 ε
1548 5343 1771 5397 Bonitas
1802 5356 1975 5395 mora-

435 5436 500 5489 tis
557 5434 822 5506 completa
874 5428 949 5489 'est
993 5432 1238 5487 collectio
1285 5431 1556 5497 omnium,
1636 5447 1754 5503 quar
1801 5432 1972 5502 juxta

434 5530 635 5578 rectam
689 5524 966 5579 rationem
1016 5520 1284 5575 debentur
1333 5526 1482 5589 actu,
1543 5529 1655 5575 tam
1707 5536 1774 5576 ex
1816 5525 1974 5592 parte

433 5612 642 5684 objecti
670 5627 844 5683 quam
876 5627 945 5667 ex
994 5615 1155 5681 parte
1200 5609 1796 5679 circumstantiarum,
1848 5625 1972 5681 quae

434 5701 540 5759 hoc
572 5718 733 5758 versu
768 5701 1143 5757 continentur
1175 5715 1187 5755 :

645 5822 784 5876 Tou.
816 5817 990 5874 xxm

2146 1575 2304 1644 Quis,
2336 1575 2535 1647 quibus
2568 1577 2819 1645 auxiliis,
2854 1579 3007 1651 quid,
3039 1580 3154 1648 ubi,
3184 1595 3306 1650 cur,
3337 1583 3634 1653 quomodo,

2076 1665 2314 1736 quando,
2366 1665 2437 1721 de
2483 1666 2696 1739 quibus
2740 1668 2794 1723 3.
2841 1667 3025 1723 Ethic.
3059 1684 3111 1723 c.
3146 1685 3181 1724 1.
3206 1669 3451 1743 Nyssen.
3493 1672 3529 1727 l.
3575 1672 3634 1726 5·

2080 1751 2418 1824 philosoph.
2444 1770 2570 1824 cap.
2591 1771 2631 1811 1.
2659 1759 2720 1810 D.
2743 1755 2951 1811 Thom.
2985 1774 3023 1811 1.
3047 1757 3101 1811 2.
3123 1774 3176 1828 q.
3194 1758 3249 1812 7.
3270 1762 3379 1814 art.
3401 1760 3452 1813 3.
3477 1758 3633 1816 Scot.

2079 1841 2281 1911 quodt.
2321 1841 2408 1897 18.
2449 1845 2476 1912 ἓ
2512 1845 2582 1897 de
2614 1843 2822 1914 primo.
2855 1852 2906 1900 et
2950 1845 3134 1915 qaodt.
3178 1847 3263 1902 16.
3298 1848 3579 1914 Quartum
3620 1859 3633 1897 τ

2080 1931 2309 1987 Bonitas
2337 1936 2594 2003 oratuita
2623 1934 2709 1989 his
2739 1936 3078 1992 bonitatibus
3114 1937 3273 1993 addit
3308 1942 3636 2012 acceptatio-

2078 2039 2202 2079 nem
2246 2023 2343 2079 Det
2389 2024 2459 2078 ad
2503 2027 2821 2095 praemium.
2852 2031 2931 2082 De
2964 2027 3333 2101 quadruplici
3372 2030 3636 2087 bonitate

2079 2111 2210 2166 vide
2247 2113 2405 2167 Doct.
2442 2111 2502 2166 in
2536 2111 2718 2169 Oxou.
2755 2113 2812 2168 d.
2849 2116 2932 2169 17.
2968 2131 3024 2187 q.
3058 2116 3111 2171 3.
3147 2134 3180 2172 a
3211 2133 3370 2174 num.
3418 2124 3470 2172 3.
3504 2129 3554 2173 ct
3578 2118 3633 2172 2.

2080 2201 2220 2258 dist.
2254 2206 2304 2256 7.
2341 2219 2503 2258 num.
2534 2203 2588 2260 7.

2188 2406 2366 2481 Dico
2394 2408 2596 2505 quod
2630 2408 2933 2501 bonitas
2984 2418 3198 2485 actus
3245 2421 3629 2509 potestes-
3783 2431 3849 2495 2,

2083 2545 2165 2597 se
2193 2523 2464 2622 triplex
2502 2549 2518 2599 :
2559 2526 2972 2620 Naturalis,
3011 2528 3322 2601 moralis
3354 2537 3427 2602 et
3452 2552 3627 2624 gra·
3656 2545 3875 2621 Boutae
3897 2560 3981 2597 ae-

2083 2638 2300 2712 tuita.
2350 2639 2609 2713 Prima
2648 2640 2950 2715 bonitas
2990 2651 3105 2716 est
3162 2643 3255 2717 ab
3307 2667 3625 2742 operan-
3656 2608 3959 2745 ιὲἶιῗὲἓςιῗιῖ

2085 2764 2183 2829 te.
2248 2757 2392 2831 Sed
2464 2760 2890 2833 secundum
2968 2763 3112 2835 hoc
3171 2772 3625 2859 sequeretur
3665 2733 3984 2862 gss‘t’fiffi'b,

2085 2872 2292 2968 quod
2320 2873 2573 2948 fruitio
2603 2875 2677 2948 in
2724 2876 2845 2949 via
2880 2900 3033 2950 non
3089 2877 3425 2954 differret
3454 2904 3629 2980 spe·
3713 2862 3939 2975 3375.

2085 2989 2199 3064 cie
2241 3013 2285 3063 a
2334 2989 2693 3066 fruitione
2727 2991 2802 3064 in
2873 2994 3144 3090 patria,
3206 2995 3270 3069 si
3330 3005 3628 3071 tantum

2085 3107 2444 3183 voluntas
2473 3108 2570 3183 sit
2609 3132 2841 3185 causa
2892 3111 3139 3187 activa
3191 3113 3422 3211 hujus
3455 3114 3631 3190 frui-

2081 3222 2317 3298 tionis
2349 3224 2683 3318 etillius,
2731 3228 2849 3300 vel
2906 3229 3264 3304 voluntas
3325 3240 3398 3305 et
3437 3232 3627 3305 cha-

2088 3340 2296 3415 ritas.
2343 3341 2530 3416 Dico
2562 3342 2767 3439 quod
2811 3343 3108 3419 facilius
3162 3356 3408 3443 potest
3451 3372 3629 3424 sus-

2087 3457 2313 3531 tineri
2348 3458 2551 3553 quod
2595 3457 2760 3531 istae
2818 3458 3218 3536 fruitiones
3269 3461 3634 3540 disserunt

2088 3573 2369 3670 specie,
2438 3574 2499 3647 si
2583 3574 2966 3670 ohJectum
3064 3590 3472 3654 concurrat
3515 3581 3634 3654 'ut

2089 3713 2323 3790 causa
2357 3689 2598 3764 activa
2643 3689 2902 3788 aliquo
2938 3692 3186 3767 modo.
3235 3694 3313 3768 Si
3373 3704 3627 3772 tamen
3718 3695 3938 3747 30⁰³²⁸⁸

3687 3760 3947 3810 naturalis

2086 3809 2448 3881 voluntas
2489 3807 2585 3880 sit
2624 3816 2778 3880 tota
2820 3831 3078 3902 causa,
3125 3809 3230 3886 ita
3260 3813 3463 3908 quod
3507 3815 3633 3888 oh·
3660 3823 3983 3947 Efflassissvffl‘ff'

2077 3924 2369 4021 jectum
2415 3922 2602 3997 nihil
2639 3934 2838 4020 agat,
2886 3926 3137 3999 adhuc
3195 3951 3347 4001 non
3405 3955 3632 4028 opor·
3662 3946 3742 3997 nit
3773 3947 3838 3996 de
3872 3961 3981 4029 quo

2090 4049 2191 4114 tet
2254 4048 2566 4138 propter
2620 4041 2764 4113 hoc
2826 4040 3078 4116 dicere
3139 4045 3346 4141 quod
3414 4057 3642 4123 actus
3684 4009 3951 4137 q¹u‘ae‘ii.³·'1.

2086 4157 2209 4232 isti
2257 4181 2412 4230 non
2472 4154 2835 4231 disserunt
2900 4158 3180 4255 specie,
3253 4162 3438 4259 quia
3510 4189 3632 4240 se-

2085 4273 2424 4348 cundum
2460 4272 2664 4347 illam
2699 4272 3173 4371 opinionem,
3207 4298 3382 4374 quoe
3417 4281 3632 4378 ponit

2084 4391 2293 4488 quod
2334 4391 2795 4487 phantasma
2827 4400 2940 4465 est
2971 4391 3414 4471 immediata
3443 4421 3633 4472 cau-

2084 4532 2169 4582 sa
2202 4506 2768 4600 intellectioniS,
2806 4517 2879 4581 et
2937 4508 3326 4585 volitionis
3367 4513 3632 4590 imme-

2083 4623 2421 4698 diatione
2496 4646 2781 4715 causae,
2863 4623 3040 4698 licet
3110 4625 3628 4706 immediatius

2083 4750 2348 4814 causet
2382 4762 2621 4812 unum
2669 4737 3023 4813 effectum
3066 4763 3295 4837 quam
3333 4745 3570 4820 alium
3603 4775 3622 4842 3

2083 4867 2159 4931 et
2193 4866 2374 4930 tunc
2415 4857 2872 4953 phantasma
2904 4858 3245 4933 continet
3290 4860 3626 4937 virtuali·
3654 4851 3976 4965 ἓξῦξὴξξῇξζ

2082 4983 2200 5048 ter
2240 4973 2579 5048 actiones
2633 4971 2977 5047 diversas
3045 4976 3297 5071 specie
3367 4978 3442 5051 in
3515 4981 3627 5053 di-
3655 4979 3816 5093 “4⁰5¹ss
3850 4979 3972 5090 ⁴·5d·

2084 5090 2330 5165 versis
2391 5088 2803 5186 potentiis3
2850 5089 2954 5164 ita
2996 5093 3378 5188 voluntaS,
3454 5097 3628 5173 licet
3762 5055 3857 5106 ’q‘
3929 5076 3942 5091 ’

2086 5218 2289 5282 esset
2350 5216 2498 5280 tota
2577 5228 2811 5279 causa
2881 5206 3289 5304 fruitionis,
3370 5224 3629 5310 posset

2086 5324 2370 5398 habere
2435 5322 2783 5397 diversas
2866 5322 3277 5401 volitiones
3372 5331 3626 5426 specie

2083 5439 2515 5514 virtualiter
2554 5439 2852 5536 agendo
2885 5439 3087 5514 circa
3134 5442 3438 5519 diversa
3487 5448 3627 5522 ob-

2074 5557 2305 5654 jecta.
2354 5556 2533 5632 Sive
2570 5556 2804 5652 igitur
2834 5580 2972 5654 per
3030 5581 3108 5632 se
3153 5582 3385 5636 causa
3436 5564 3626 5640 frui-

2093 5674 2324 5748 tionis
2355 5673 2603 5749 activa
2635 5672 2733 5748 sit
2776 5696 2955 5768 una,
2993 5673 3153 5748 sive
3185 5679 3447 5774 plures
3490 5683 3630 5757 for-

3340 5826 3406 5879 14
