4295 6326
100 686 287 745 Quare
331 688 439 734 sta·

137 747 264 811 tim',
276 749 406 812 Bap-

98 811 306 861 tismus
331 825 437 861 nou

98 874 423 938 promulga-

224 946 331 988 tus.

113 2216 403 2283 Synagoga

91 2279 288 2332 debuit
316 2296 397 2332 se-

91 2342 252 2407 peliri
273 2359 393 2396 cum

152 2406 370 2461 honore.

134 3537 376 3587 Promul-

87 3598 237 3664 gatio
263 3601 414 3664 Bapt.

141 3667 357 3712 modum

122 3728 377 3789 proecepti

148 3791 366 3853 quando

155 3854 371 3918 incepit.

1573 402 1801 471 DlST.
1851 401 1973 470 111.
2027 401 2446 481 QUAESTIO
2493 398 2617 472 IV.

572 573 663 646 Et
694 572 757 647 si
792 597 1099 672 quaeras
1132 597 1371 673 quare
1413 599 1567 649 non
1603 572 2015 648 fuitstatim

472 689 914 787 Baptismus
933 693 1468 789 promulgatus
1487 700 1659 788 post
1682 689 2019 789 ejusins-

476 805 1408 882 titutionem?dicendum
1469 807 1669 906 quod
1725 804 2012 905 duplici

472 923 563 998 de
597 947 831 999 causa
882 926 1025 999 hoc
1062 927 1336 999 factum
1395 925 1569 1013 suin
1617 934 1779 999 tum
1830 923 2013 1022 quia

467 1039 589 1114 lex
621 1040 832 1137 justa
864 1065 908 1116 a
947 1043 1108 1117 Deo
1143 1042 1417 1116 tradita
1458 1040 1742 1117 sanctis
1775 1038 2011 1113 Patri-

467 1155 641 1247 buS,
688 1179 840 1230 non
911 1157 1139 1232 debet
1205 1155 1458 1232 subito
1525 1156 1603 1229 in
1672 1156 2007 1230 adventu

462 1293 691 1346 novae
774 1272 966 1368 legis
1047 1272 1375 1347 conditae
1454 1271 1824 1358 revocari,
1910 1293 2006 1346 ne

463 1385 761 1461 inutilis
817 1390 939 1463 vel
987 1389 1587 1487 contemptibilis
1642 1412 1812 1464 eam
1864 1387 2008 1462 ob-

460 1505 951 1580 servantibus
986 1507 1413 1593 videretur3
1463 1516 1619 1580 tum
1663 1505 1849 1602 quia
1882 1504 2005 1578 lex

458 1628 750 1713 nostra,
823 1643 999 1718 quae
1041 1630 1155 1696 est
1213 1622 1453 1696 ardua
1505 1630 1579 1695 et
1636 1620 1995 1719 perfecta,

458 1761 611 1811 non
646 1739 871 1812 debet
896 1739 1417 1836 principaliter
1440 1739 1582 1813 sub
1616 1747 1998 1837 praecepto

455 1854 707 1927 statim
771 1855 1091 1941 institui,
1137 1857 1271 1931 sed
1320 1880 1493 1931 cum
1536 1855 1793 1929 debita
1849 1877 2003 1928 ma-

458 1972 763 2047 turitate
799 1975 1243 2049 hominibus
1275 1974 1489 2072 prius
1521 1973 1612 2046 ad
1656 1996 1821 2047 eam
1854 1972 1998 2046 ali-

458 2091 787 2186 qualiter
848 2093 1296 2168 assuefactis
1346 2094 1570 2167 debet
1617 2090 1839 2165 tradi.
1907 2092 1999 2163 Et

458 2206 627 2282 ideo
683 2210 1125 2307 sepelienda
1166 2218 1328 2284 erat
1392 2209 1804 2308 Synagoga
1852 2209 1995 2282 Ju-

455 2326 799 2400 daeorum
855 2352 1029 2402 cum
1099 2330 1390 2402 honore
1450 2338 1523 2402 et
1566 2326 1995 2401 reverentia

454 2443 710 2518 debita
779 2454 1090 2543 propter
1156 2444 1604 2519 scandalum
1666 2453 1739 2518 et
1806 2441 1995 2515 indi·

455 2560 896 2655 gnationem
951 2561 1160 2635 illius
1214 2561 1476 2659 populi
1542 2560 1872 2635 carnalis
1921 2569 1994 2634 et

456 2678 667 2753 rudis
701 2680 794 2753 ad
827 2681 1067 2754 ardua
1097 2691 1171 2755 et
1227 2679 1661 2777 spiritualia
1693 2678 1995 2776 capien-

450 2796 656 2868 dum.

545 2911 788 2985 Credo
836 2911 1044 2985 enim
1079 2912 1288 2985 illam
1324 2913 1564 3007 legem
1603 2912 1869 2985 rudem
1912 2911 1990 2983 in

449 3027 780 3101 victimis
849 3038 921 3101 et
1000 3029 1469 3102 holocaustis
1553 3030 1664 3103 eis
1758 3028 1991 3102 fuisse

450 3144 1036 3220 convenientem
1114 3145 1356 3243 magis
1431 3169 1662 3243 quam
1743 3147 1991 3244 legem

449 3271 818 3355 nostram,
857 3263 1041 3359 quia
1080 3264 1413 3361 populus
1458 3263 1667 3336 rudis
1699 3273 1887 3357 erat,
1920 3270 1992 3337 et

451 3402 739 3475 pronus
773 3379 863 3453 ad
909 3380 1447 3469 idololatriam.

549 3495 912 3570 Secunda
957 3519 1217 3590 causa,
1263 3497 1447 3594 quia
1487 3495 1777 3570 scilicet
1816 3519 1992 3593 pro-

454 3614 819 3709 mulgatio
871 3615 1241 3712 Baptismi
1304 3616 1440 3689 fuit
1481 3638 1617 3712 per
1678 3614 1986 3687 modum

450 3732 842 3829 praecepti‚
879 3754 1081 3829 quie,
1149 3741 1228 3806 ut
1287 3732 1538 3821 credo,
1587 3731 1872 3829 incepit
1911 3730 1987 3804 in

449 3848 569 3924 die
639 3849 1158 3943 PentecosteS,
1241 3849 1551 3946 quando
1645 3848 1987 3946 Apostoli

451 3973 761 4062 accepto
830 3965 1114 4063 Spiritu
1202 3974 1465 4041 sancto
1553 3965 1630 4037 in
1703 3965 1989 4061 linguis

449 4081 721 4176 igneis,
769 4081 1293 4179 praedicabant
1327 4081 1644 4155 verbum
1681 4080 1848 4167 Dei,
1886 4081 1989 4155 ita

449 4199 650 4293 quod
696 4197 1024 4296 quisque
1059 4199 1418 4273 audiebat
1457 4222 1588 4272 eos
1638 4198 1846 4294 loqui
1909 4197 1982 4270 in

449 4314 740 4412 lingua,
788 4316 863 4389 in
909 4341 1063 4414 qua
1102 4325 1328 4390 natus
1361 4325 1550 4409 erat,
1587 4325 1659 4389 et
1690 4316 1987 4414 apposi-

443 4442 537 4505 tae
579 4444 760 4505 sunt
813 4433 1091 4506 animfe
1145 4432 1345 4506 circa
1386 4432 1528 4505 tria
1599 4431 1862 4523 millia,
1910 4439 1984 4505 et

438 4547 796 4645 baptizati
841 4557 1023 4621 sunt
1062 4547 1234 4621 Act.
1282 4548 1352 4619 2.

960 4840 1328 4897 SCHoLluM
1377 4843 1449 4897 ΙΙ.

503 4990 760 5045 Primum
796 4989 1011 5044 dictum
1064 5006 1077 5044 :

431 5082 511 5135 vet
552 5079 1035 5136 circumcisionem
1085 5095 1256 5149 usqae
1298 5079 1368 5133 ad
1422 5081 1787 5143 Pentecosten,
1841 5079 1974 5150 quia

425 5172 494 5225 ad
552 5171 719 5241 leqem
777 5188 887 5224 non
947 5170 1357 5240 promulqatam
1420 5186 1573 5225 nemo
1626 5172 1862 5234 tenetur,
1919 5175 1973 5225 et

427 5262 741 5332 Baptismus
775 5272 1097 5333 usqaetunc
1145 5276 1254 5315 non
1300 5262 1410 5330 luit
1452 5260 1873 5333 promatqatus,
1917 5263 1974 5314 et

427 5354 586 5421 ponit
627 5353 772 5406 alias
820 5352 967 5406 duas
992 5350 1261 5405 rationes.
1313 5350 1645 5405 Secundum
1684 5365 1696 5403 ε
1749 5350 1973 5417 Lapatia

1134 4990 1309 5043 Licuit
1344 4989 1557 5057 elicere
1608 4990 1975 5059 Baptismum,

423 5458 530 5497 non
572 5446 802 5512 suerunt
843 5442 1032 5496 statim
1077 5447 1198 5509 post
1249 5444 1601 5494 Pentecosten
1657 5441 1966 5509 mortifera,
2081 5474 2094 5488 .

426 5534 555 5604 qaia
591 5534 798 5587 Paulus
827 5541 944 5602 post
975 5529 1320 5584 circumcidet
1357 5531 1722 5595 Timotheum,
1771 5533 1821 5584 et
1866 5546 1966 5599 pu·

426 5620 664 5688 rificavit
694 5634 770 5675 se.
803 5618 1066 5674 Tertium
1100 5618 1289 5673 :Iuste
1319 5618 1431 5687 suit
1482 5619 1676 5672 Petrus
1723 5633 1755 5671 a
1798 5616 1968 5672 Paulo

3547 401 3677 468 589

2128 573 2507 644 reprehensus,
2543 572 2626 629 vel
2655 572 2795 643 quia
2824 586 2936 627 non
2974 571 3354 642 conformabat
3398 588 3456 627 se
3496 569 3675 628 Eccle-

2124 665 2229 720 siae
2282 664 2571 730 Gentium,
2624 664 2707 719 vel
2764 665 2896 735 quia
2953 663 3116 719 dabat
3189 665 3524 719 occasionem
3594 664 3673 719 eis

2121 755 2382 810 servandi
2412 755 2724 825 leycin,]vel
2755 758 3054 826 reputandi
3110 772 3228 812 eam
3280 757 3665 811 necessariam.

2122 842 2265 899 Vide
2293 846 2444 900 Doct.
2471 845 2528 899 in
2563 845 2743 900 Oxou.
2780 845 2872 901 bic
2904 863 2960 917 q.
2996 847 3046 902 4.
3081 854 3186 902 art.
3221 847 3307 900 14.
3344 845 3439 900 ubi
3478 844 3664 900 fusius

2120 931 2228 988 hoc
2258 935 2526 1007 explicat.
2559 935 2837 999 Quartum
2875 953 2887 991 ε
2924 938 3149 1006 Quando
3169 940 3400 1007 fuerant
3455 936 3665 1008 leqalia

2114 1026 2263 1092 sacta
2297 1031 2582 1098 mortifera
2612 1045 2718 1083 non
2751 1027 2884 1083 satis
2911 1035 3141 1093 constat,
3184 1030 3277 1084 sed
3323 1046 3475 1085 nunc
3520 1030 3661 1085 talia

2115 1129 2231 1170 esse
2261 1115 2549 1186 definitum
2576 1127 2658 1174 est
2685 1133 2806 1187 cap.
2840 1117 3107 1188 MajoreS,
3141 1121 3210 1174 de
3241 1118 3563 1190 BaptismO.

3706 1273 3901 1422 ορῑῗῑό
3940 1365 4001 1414 o.

3709 1422 3894 1476 Thom.
3926 1429 3973 1478 ³.

2211 1264 2321 1339 De
2357 1273 2696 1363 tempore
2735 1291 2918 1342 vero
2974 1268 3245 1352 medio,
3280 1268 3567 1343 scilicet
3607 1292 3653 1343 a

2112 1382 2480 1457 Passione
2522 1383 2801 1458 Christi
2862 1408 3104 1482 usque
3160 1385 3252 1458 ad
3302 1387 3652 1482 promul-

2110 1500 2497 1595 gationem
2560 1501 3053 1599 Baptismatis
3122 1504 3645 1597 PentecosteS,
3679 1497 3733 1623 ξ·
3765 1488 3918 1626 ἶὶδῇ
3948 1502 4001 1628 {⁶

2113 1624 2364 1689 utrum
2431 1617 2871 1713 Baptismus
2922 1629 3106 1693 tunc
3147 1621 3465 1695 cadebat
3503 1624 3648 1697 sub
3678 1610 3868 1699 ‹12103-
3897 1614 3999 1693 itt]

2112 1741 2523 1828 praecepto,
2568 1734 2690 1807 vel
2733 1733 3259 1828 Circumcisio,
3323 1736 3645 1811 dubium
3677 1704 3998 1874 Agnis-tone

2106 1857 2247 1921 est.
2313 1849 2404 1921 Et
2493 1848 2759 1922 dicunt
2830 1850 2950 1922 hic
3016 1849 3359 1946 quidam,
3441 1853 3648 1949 quod
3709 1826 3975 1952 usssnl'ia‘ffd

2103 1964 2547 2061 Baptismus
2578 1966 2922 2059 cadebat,
2960 1966 3090 2040 illo
3125 1978 3467 2067 ternpore
3497 1996 3650 2047 me·
3738 1950 3932 2065 {³532}

2103 2079 2228 2153 dio
2270 2081 2413 2154 sub
2454 2093 2863 2180 praecepto.
2911 2084 3060 2158 Sed
3119 2086 3263 2161 hoc
3306 2113 3458 2163 non
3525 2091 3647 2164 vi-
3694 2074 3986 2190 Βξξὲώᾜη

2103 2197 2274 2289 dec,
2313 2199 2497 2296 quia
2539 2201 2800 2274 nullus
2858 2211 3163 2277 tenetur
3228 2205 3321 2280 ad
3391 2207 3638 2304 legem
3702 2201 3961 2328 ⁸{2p‘ssssffl‘

2103 2315 2441 2412 aliquam
2520 2317 2740 2393 aliter
2819 2343 3027 2394 nunc
3092 2344 3321 2419 quam
3395 2325 3635 2421 prius,
3901 2301 3914 2315 ’

2104 2431 2250 2506 nisi
2332 2435 2450 2508 lex
2518 2458 2598 2509 se
2671 2435 2947 2511 habeat
3005 2438 3226 2513 aliter
3291 2441 3384 2513 ad
3462 2465 3639 2517 eum

2102 2575 2311 2626 nunc
2338 2575 2571 2651 quam
2605 2552 2846 2651 prius,
2881 2565 2963 2630 ut
2993 2557 3176 2654 quia
3220 2560 3444 2634 modo
3477 2585 3643 2660 pro-

2102 2671 2468 2765 mulgata,
2506 2681 2581 2746 et
2638 2672 2854 2769 prius
2922 2697 3075 2747 non
3143 2677 3486 2773 Apostoli
3564 2678 3641 2751 in

2099 2785 2246 2860 isto
2284 2799 2621 2886 tempore
2657 2789 2905 2864 medio
2939 2814 2981 2865 a
3013 2792 3370 2888 passione
3395 2794 3647 2869 Chris-

2100 2904 2152 2976 ti
2226 2928 2470 3003 usque
2550 2907 2643 2980 ad
2724 2907 3255 2996 Pentecosten,
3333 2913 3642 3010 quando

2100 3021 2347 3118 primo
2390 3023 2808 3121 praedicare
2851 3037 3277 3123 coeperunt,
3315 3029 3433 3102 vel
3488 3053 3642 3103 non

2099 3140 2716 3236 praedicabantin
2749 3142 3057 3240 publico
3083 3144 3643 3223 institutionem

2099 3258 2500 3356 Baptismi,
2565 3260 2698 3333 sed
2758 3263 3262 3358 expectabant
3310 3265 3644 3361 promis-

2098 3374 2395 3449 sionem
2453 3376 2543 3449 de
2613 3376 2948 3451 adventu
3004 3378 3335 3476 Spiritus
3395 3383 3641 3457 sancti

2098 3493 2374 3565 factam
2413 3491 2599 3567 eisa
2639 3493 2966 3581 Christo,
3037 3501 3257 3571 Luca}
3321 3498 3634 3575 ultimo:

2101 3610 2381 3684 Sedete
2465 3610 2593 3684 hic
2686 3636 3074 3711 quousque
3153 3615 3648 3713 impleamini

2101 3726 2406 3824 Spiritu
2448 3750 2545 3800 ea:
2623 3726 2803 3814 alte,
2869 3730 2960 3804 ad
3023 3730 3640 3809 confirmandum

2097 3868 2235 3917 vos
2272 3874 2287 3932 ;
2337 3843 2458 3916 vel
2503 3842 2566 3916 si
2611 3844 2957 3919 fecerunt
3012 3847 3283 3940 foedus,
3323 3852 3466 3925 hoc
3499 3852 3639 3926 fuit

2095 3983 2233 4057 per
2268 3959 2573 4033 modum
2631 3960 2977 4055 consilii3
3040 3987 3222 4061 ergo
3284 3967 3637 4043 homines

2095 4100 2250 4150 non
2298 4076 2540 4173 magis
2577 4078 3041 4154 tenebantur
3064 4081 3157 4156 de
3182 4084 3635 4161 necessitate

2094 4195 2223 4267 illo
2257 4204 2601 4293 tempore
2644 4196 2895 4271 medio
2938 4199 3032 4272 ad
3064 4201 3634 4299 susceptionem

2088 4312 2463 4410 Baptismi
2498 4336 2728 4410 quam
2785 4315 3026 4411 prius,
3073 4325 3147 4390 et
3176 4317 3347 4393 ideo
3389 4329 3632 4395 totum

2088 4429 2275 4502 illud
2328 4439 2630 4527 tempus
2693 4431 3027 4505 medium
3079 4457 3121 4506 a
3172 4436 3526 4530 termino,
3586 4462 3631 4512 a

2090 4567 2243 4641 quo
2309 4545 2445 4618 fuit
2497 4548 3027 4642 promulgatus
3087 4550 3527 4647 Baptismus
3586 4579 3630 4630 a

2087 4659 2415 4747 Christ0‚
2454 4660 2593 4733 fuit
2634 4683 2767 4757 per
2801 4662 3111 4734 modum
3146 4667 3473 4740 consilii.

2186 4775 2334 4849 Sed
2398 4776 2708 4872 quando
2754 4775 3170 4875 incipiebat
3232 4782 3399 4878 ejus
3448 4808 3630 4881 pro-

2087 4892 2452 4987 mulgatio
2485 4917 2622 4991 per
2645 4894 2954 4968 modum
3016 4902 3625 4997 praecepti?dico

2084 5008 2287 5103 quod
2343 5008 2418 5080 in
2466 5009 2941 5097 Pentecoste,
2989 5024 3399 5111 postquam
3435 5019 3629 5092 reci-

2082 5123 2394 5220 piebant
2452 5125 2816 5222 Spiritum
2891 5138 3270 5224 sanctum,
3316 5141 3389 5206 et
3440 5143 3625 5210 tunc

2081 5243 2544 5317 tenebantur
2574 5267 2843 5318 omnes
2875 5247 2966 5318 ad
2995 5245 3163 5342 ejus
3205 5252 3624 5347 susceptio-

2080 5383 2283 5452 nem,
2356 5361 2540 5456 quia
2608 5362 3282 5461 quandocumque,
3347 5376 3422 5439 ct
3481 5392 3620 5442 cu-

2067 5499 2532 5573 juscumque
2604 5478 2924 5568 homini,
2989 5481 3108 5553 vel
3178 5481 3464 5558 civitati
3536 5486 3619 5560 sit

2082 5591 2600 5688 promulgatio
2651 5592 2977 5690 alicuqu
3031 5599 3423 5693 praecepti,
3481 5601 3618 5676 de-
