4295 6326
454 2479 515 2545 1.

324 2596 644 2670 Argument.

361 2673 612 2723 pnmum.

387 3426 585 3480 Secun-

420 3490 569 3543 dum.

360 4729 612 4782 Tertium.

330 5646 408 5707 Qu
423 5651 616 5700 artum.

707 443 794 511 06

2094 446 2331 515 LIBRI
2384 447 2469 516 ΙΙ.

1382 843 2524 1130 DISTINCTIO
2615 963 3185 1152 ΧΧΠΙ,

1073 1537 1474 1613 QUAESTIO
1534 1537 1819 1604 UNICA.

677 1729 918 1795 Utrum
991 1733 1176 1797 Deus
1231 1730 1444 1814 possit
1496 1732 1731 1816 facere
1796 1731 2223 1797 voluntatem

1156 1842 1675 1932 impeccabilem
1708 1848 1744 1911 ?

672 2034 870 2092 Alens.
901 2035 956 2089 2.
988 2054 1042 2105 ρ.
1068 2053 1119 2107 q.
1154 2053 1192 2092 1.
1224 2053 1281 2090 α.
1313 2036 1367 2091 2.
1403 2035 1433 2108 ξ
1484 2036 1535 2091 3.
1572 2037 1637 2093 D.
1670 2035 1876 2093 Thom.
1905 2037 1991 2092 hic
2012 2053 2063 2108 q.
2097 2053 2135 2093 ι.
2168 2054 2224 2092 a.

743 2124 784 2163 1.
812 2107 878 2163 D.
915 2107 1131 2162 Bonav.
1173 2123 1229 2163 a.
1261 2124 1302 2161 1.
1336 2124 1387 2178 q.
1421 2124 1459 2161 1.
1514 2107 1787 2163 Richard.
1839 2117 1949 2163 art.
2007 2125 2043 2164 1.
2097 2125 2150 2179 q.
2185 2124 2225 2164 ι.

748 2179 1018 2234 Durand.
1042 2196 1095 2249 q.
1149 2195 1186 2232 1.
1241 2178 1411 2234 Gabr.
1446 2195 1496 2250 q.
1527 2196 1566 2234 1.
1610 2184 1847 2250 Argent.
1879 2196 1930 2250 q.
1966 2196 2002 2233 ι.
2036 2185 2145 2235 art.
2185 2197 2224 2236 1.

747 2249 972 2306 Bassol.
1008 2267 1060 2322 q.
1093 2250 1244 2307 unic.
1275 2250 1430 2306 Scot.
1464 2252 1523 2305 in
1555 2250 1729 2307 Oxou.
1762 2268 1814 2323 q.
1844 2253 2033 2307 unica.

776 2455 994 2530 Circa
1060 2458 1258 2531 hanc
1326 2456 1890 2533 distinctionem
1943 2458 2230 2554 vigesi-

682 2595 881 2645 mam
986 2572 1285 2647 tertiam
1392 2574 1766 2670 quaeritur
1892 2575 2141 2672 primo
2207 2601 2222 2651 ε

688 2687 960 2762 Utrum
1009 2687 1224 2762 Deus
1269 2690 1518 2786 possit
1570 2689 1831 2787 facere
1887 2689 2229 2766 volunta-

676 2809 827 2876 tem
913 2802 1488 2900 impeccabilem
1542 2828 1691 2902 per
1765 2814 2122 2879 naturam
2187 2806 2233 2882 Ρ

677 2916 896 3004 Quod
958 2917 1093 2991 sic.
1160 2918 1369 2992 Deus
1436 2928 1687 3016 potest
1752 2919 1998 2994 facere
2061 2944 2230 2994 cor-

679 3060 852 3135 puS,
935 3035 1139 3133 quod
1238 3058 1390 3109 non
1470 3044 1717 3133 potest
1790 3036 2227 3112 deordinari

680 3153 758 3227 in
872 3160 1079 3226 motu
1159 3176 1329 3246 sun,
1426 3161 1507 3226 ut
1600 3154 1944 3244 coelum3
2044 3177 2227 3250 ergo

680 3280 755 3346 et
810 3270 1191 3369 spiritum.

777 3388 992 3482 Item,
1051 3388 1261 3462 Deus
1321 3396 1568 3484 potest
1635 3388 1880 3463 facere
1945 3391 2230 3464 volun-

677 3516 939 3594 tatem,
1012 3528 1183 3603 quae
1242 3505 1679 3580 necessario
1751 3505 2078 3581 intendit
2146 3507 2223 3579 in

679 3623 991 3721 aliquod
1067 3623 1387 3715 bonum,
1469 3630 1552 3695 ut
1625 3620 1920 3710 finem3
1992 3623 2227 3719 igitur

679 3748 929 3837 potest
966 3739 1212 3812 facere
1279 3739 1786 3832 voluntatem,
1841 3762 2018 3837 quae
2070 3749 2227 3814 ten-

679 3856 807 3929 dat
874 3855 951 3927 in
1013 3854 1405 3952 quodlibet
1495 3855 1783 3929 bonum
1830 3855 2053 3930 modo
2106 3856 2228 3931 de-

679 3972 865 4047 bito.
973 3971 1453 4045 Antecedens
1550 3982 1780 4068 patet,
1852 3972 2036 4075 quia
2101 3977 2227 4048 se-

681 4088 1018 4162 cundum
1088 4087 1605 4183 Augustinum
1669 4087 1784 4160 13.
1859 4088 1951 4163 de
2014 4089 2219 4162 Trin.

678 4206 750 4279 5.
820 4205 1098 4280 Omnes
1139 4205 1567 4280 necessario
1654 4214 2024 4305 appetunt
2063 4207 2228 4283 bea-

680 4323 1112 4400 titudinem.
1160 4323 1729 4420 Consequentia
1767 4333 1999 4423 patet,
2046 4324 2230 4424 quia

682 4441 949 4516 eadem
1049 4441 1469 4533 voluntate,
1556 4462 1711 4537 qua
1796 4441 1971 4540 quis
2064 4442 2232 4515 vult

683 4555 950 4650 finem,
1012 4557 1179 4630 vult
1216 4578 1309 4629 ea
1360 4578 1536 4653 quae
1595 4566 1776 4630 sunt
1825 4557 1917 4631 ad
1960 4555 2221 4632 finem.

783 4674 1000 4766 Item,
1066 4673 1475 4746 Anselmus
1559 4672 1651 4747 de
1741 4673 1957 4748 liber.
2059 4674 2222 4748 arb.

679 4814 847 4889 cap.
913 4791 983 4863 4.
1055 4789 1296 4863 Posse
1351 4812 1676 4886 peccare
1737 4814 1893 4865 non
1958 4798 2070 4866 est
2130 4790 2231 4865 li-

682 4908 945 4983 berum
1016 4903 1446 4987 arbitrium.
1513 4930 1652 4981 nec
1743 4931 1930 5005 pars
2004 4907 2235 4984 liberi

678 5023 1008 5100 arbitrii.
1057 5022 1298 5117 Igitur
1362 5031 1610 5119 potest
1659 5024 1904 5099 facere
1961 5026 2232 5099 volun-

678 5150 909 5230 tatem
1038 5161 1178 5236 per
1278 5148 1659 5227 naturam,
1775 5163 1952 5237 quae
2070 5165 2225 5214 non

677 5257 942 5358 possit,
1046 5257 1229 5353 quia
1321 5255 1529 5330 Deus
1632 5266 1879 5355 potest
1979 5260 2225 5334 facere

680 5375 845 5450 sine
934 5371 1304 5471 quolibet,
1389 5372 1594 5467 quod
1690 5397 1842 5447 non
1939 5383 2054 5448 est
2133 5374 2227 5449 de

677 5490 1012 5568 essentia
1079 5488 1198 5563 sui
1255 5509 1437 5560 esse.

779 5610 995 5702 Item,
1073 5608 1432 5680 voluntas
1501 5629 1635 5703 per
1701 5608 2020 5703 gratiam
2087 5632 2229 5705 po-

2335 1423 2482 1489 test
2539 1412 2706 1488 fieri
2757 1413 3343 1511 impeccabilis3
3405 1411 3643 1507 igitur
3685 1410 3896 1485 Deus

2336 1540 2589 1629 potest
2698 1531 2946 1605 facere
3064 1551 3298 1604 unam
3412 1530 3887 1602 voluntatem

2339 1671 2561 1746 aeque
2648 1648 2985 1722 nobilem
3043 1671 3184 1745 per
3251 1656 3631 1721 naturam.
3696 1645 3892 1732 Quia

2338 1766 2536 1839 sicut
2603 1773 2852 1862 potest
2922 1787 3183 1840 creare
3251 1765 3755 1853 voluntatem,
3817 1774 3892 1838 et

2339 1881 2616 1957 deinde
2674 1880 3028 1977 gratiam,
3094 1880 3199 1953 ita
3252 1889 3501 1979 potest
3565 1880 3889 1976 gratiam

2338 2018 2775 2085 concreare,
2857 1995 2961 2069 ita
3019 1995 3224 2093 quod
3300 1996 3657 2069 voluntas
3715 2017 3891 2067 con·

2338 2113 2581 2187 tineat
2639 2112 3087 2186 charitatem
3164 2111 3507 2205 unitive3
3568 2112 3689 2186 vel
3746 2111 3894 2185 ali-

2342 2252 2495 2326 qua
2554 2237 2830 2302 natura
2887 2239 3143 2303 creata
3192 2236 3440 2326 potest
3496 2226 3893 2303 continere

2340 2346 2791 2422 charitatem
2845 2355 2919 2421 et
2967 2345 3292 2443 gratiam
3345 2345 3664 2441 unitive,
3711 2347 3894 2443 quia

2341 2465 2558 2552 Deus
2610 2472 2858 2562 potest
2915 2464 3160 2538 facere
3212 2463 3418 2561 quod
3481 2487 3633 2536 non
3690 2464 3894 2538 clau·

2341 2580 2449 2653 dit
2515 2579 3225 2653 contradictionem.
3307 2577 3456 2653 Sed
3539 2579 3892 2655 addendo

2341 2699 2564 2771 talem
2647 2696 3193 2794 perfectionem
3272 2697 3677 2789 voluntati,
3749 2697 3893 2770 etsi

2340 2824 2597 2890 essent
2692 2815 2892 2889 idem
2993 2814 3416 2907 identitate,
3512 2815 3630 2888 vel
3738 2839 3895 2889 una

2340 2941 2618 3005 natura
2688 2931 3111 3006 contineret
3177 2930 3309 3004 illa
3376 2931 3558 3024 due,
3639 2932 3895 3006 adhuc

2343 3048 2491 3123 ista
2564 3057 2766 3123 esset
2862 3046 3104 3141 finita,
3195 3047 3375 3144 quia
3470 3071 3561 3122 ex
3655 3046 3895 3123 finitis

2340 3165 2938 3264 perfectionibus
3018 3189 3170 3239 non
3241 3162 3325 3238 fit
3406 3165 3691 3265 aliquid
3768 3166 3896 3238 in-

2341 3280 2581 3356 finitae
2664 3281 3183 3379 perfectionis,
3291 3291 3365 3355 et
3452 3304 3608 3356 non
3691 3292 3895 3357 esset

2341 3398 2854 3496 repugnantia
2920 3421 3157 3495 quare
3208 3421 3364 3472 non
3424 3408 3680 3496 posset
3721 3398 3889 3474 fieri

2340 3539 2385 3588 a
2462 3514 2650 3609 Dec,
2741 3514 2888 3588 nisi
2966 3523 3278 3612 propter
3358 3513 3883 3610 infinitatem3

2336 3630 2571 3726 igitur
2646 3640 2894 3728 potest
2985 3631 3228 3704 creari
3316 3630 3675 3705 voluntas
3763 3632 3887 3705 in-

2335 3746 2665 3821 trinsece
2733 3747 3091 3844 perfecta,
3164 3745 3360 3820 sicut
3426 3757 3541 3820 est
3601 3748 3889 3821 volun—

2335 3874 2452 3939 tas
2518 3886 2692 3936 cum
2774 3863 3045 3959 gratia.

2434 3981 2651 4074 Item,
2749 3991 2998 4078 potest
3082 3981 3328 4055 facere
3408 3983 3883 4057 voluntatem

4074 3993 4149 4058 2.

2337 4096 2913 4195 impeccabilem
3005 4097 3078 4169 in
3165 4096 3413 4194 primo
3492 4097 3806 4172 instanti
3861 4127 3880 4193 ;
3930 4107 4246 4167 Quintum.

2338 4211 2574 4307 igitur
2666 4220 2742 4285 et
2830 4210 2909 4284 in
3005 4211 3350 4308 quolibet
3451 4212 3884 4309 posteriori.

2338 4325 2820 4400 Antecedens
2913 4334 3148 4423 patet,
3220 4325 3405 4423 quia
3478 4326 3553 4399 in
3639 4327 3890 4425 primo

2339 4442 2655 4517 instanti
2780 4443 3142 4516 voluntas
3272 4453 3528 4518 creata
3662 4445 3899 4520 habet

2343 4569 2633 4632 motum
2701 4561 3131 4634 naturalem
3212 4559 3686 4655 remissum;
3751 4562 3898 4658 igi-
3984 4581 3995 4587 ·

2340 4685 2466 4751 tur
2520 4685 2706 4749 tunc
2764 4698 2911 4750 non
2975 4683 3224 4773 potest
3288 4698 3631 4774 peccare.
3706 4678 3900 4753 Con-

2341 4793 2746 4893 sequentia
2845 4802 3088 4891 patet,
3205 4793 3389 4891 quia
3472 4795 3676 4892 quod
3781 4809 3901 4872 est

2341 4911 2685 4985 naturale
2743 4909 3250 5004 uniformiter,
3307 4909 3506 4985 inest
3572 4911 3649 4984 in
3710 4934 3900 5009 quo-

2341 5027 2526 5102 libet
2592 5027 2935 5121 instanti,
2999 5027 3183 5100 dum
3240 5037 3501 5102 manet
3558 5040 3890 5124 natura;

2340 5143 2577 5240 igitur
2696 5142 2764 5215 in
2872 5142 3121 5240 primo
3230 5140 3546 5218 instanti
3662 5146 3897 5222 habet

2341 5268 2632 5332 motum
2698 5259 3126 5332 naturalem
3200 5258 3672 5350 remissum;
3742 5265 3894 5361 igi-

2338 5387 2465 5450 tur
2520 5385 2594 5451 et
2656 5376 2732 5450 in
2802 5375 3146 5473 quolibet
3213 5376 3392 5450 dum
3453 5391 3735 5456 manet.

2437 5492 2917 5590 Oppositum.
3018 5492 3427 5568 Anselmus
3513 5495 3641 5570 lib.
3733 5500 3893 5596 pri-

2343 5632 2516 5683 mo:
2570 5609 2727 5682 Cur
2777 5609 2991 5684 Deus
3029 5607 3276 5693 lzomo,
3328 5634 3493 5709 cap.
3552 5614 3666 5686 10.
3723 5639 3895 5691 res-

4006 5520 4262 5574 contra.
