4295 6326
651 397 780 465 308

2042 398 2284 467 LIBRI
2330 397 2453 466 111.

643 568 819 645 liter
874 574 1066 666 tale3
1105 575 1238 650 sed
1270 574 1411 649 iste
1454 580 1699 672 potest
1756 594 1922 647 esse
1984 580 2200 669 pater
2310 569 2546 666 igitur
2582 580 2697 646 est
2735 568 2885 645 alia
2916 569 3182 646 filiatio
3243 573 3559 658 aeterna,
3596 578 3670 645 et
3700 568 3854 643 alia

638 687 898 784 hujuS,
980 714 1133 764 non
1212 690 1581 765 existente
1654 689 1803 763 alio
1871 687 2060 782 filio,
2123 696 2200 763 et
2309 688 2781 785 temporalis.

644 804 1028 900 ultimate3
1067 807 1300 904 igitur
1339 807 1527 882 illud
1571 831 1722 880 non
1768 806 1910 881 erit
1960 806 2190 898 idem,

641 942 795 1017 quo
853 922 994 998 iste
1062 934 1176 998 est
1235 924 1653 998 formaliter
1695 932 1911 1021 pater
1962 922 2196 1018 hujus

637 1047 711 1111 et
760 1038 995 1134 illius,
1030 1040 1213 1138 quia
1253 1042 1666 1133 destructo,
1712 1063 1867 1138 quo
1909 1040 2047 1114 iste
2080 1049 2195 1113 est

635 1154 1056 1232 formaliter
1087 1154 1322 1250 filius,
1354 1156 1775 1232 destruitur
1805 1156 1996 1229 illud
2036 1179 2192 1254 quo

638 1268 781 1345 iste
824 1281 938 1345 est
979 1272 1401 1347 formaliter
1432 1282 1648 1370 pater
1681 1271 1941 1368 hujus.

735 1386 952 1480 Item,
999 1386 1281 1487 aliquis
1331 1396 1728 1485 respectus
1782 1396 1896 1461 est
1946 1386 2195 1462 alicu-

626 1501 758 1598 jus
793 1502 1028 1600 patris
1057 1503 1149 1576 ad
1185 1504 1393 1578 hunc
1423 1502 1668 1577 filium
1703 1512 1777 1578 et
1808 1503 1903 1578 ad
1934 1502 2182 1596 illum,

634 1619 775 1693 etsi
809 1620 1076 1695 eadem
1131 1621 1588 1718 paternitate
1650 1623 1745 1694 sit
1805 1619 2011 1695 iilius
2053 1622 2191 1695 hu-

624 1735 756 1832 jus
804 1747 879 1811 et
945 1736 1152 1812 illius
1209 1738 1682 1831 formaliter3
1731 1737 1983 1812 adhuc
2034 1737 2185 1812 alio

631 1863 982 1951 respectu
1030 1864 1143 1928 est
1219 1863 1434 1951 pater
1465 1853 1696 1949 hujus
1767 1864 1841 1928 et
1917 1854 2180 1947 illius;

633 1970 763 2044 sed
799 1995 953 2045 non
997 1980 1124 2047 est-f
1190 1981 1583 2070 respectus
1651 1972 1851 2047 inter
1884 1981 2181 2069 patrem

628 2096 702 2161 et
733 2085 1006 2182 filium,
1069 2089 1217 2163 nisi
1281 2089 1697 2187 paternitas
1730 2098 1804 2163 et
1880 2087 2177 2164 filiatio.

731 2203 1009 2291 Quaero
1052 2204 1312 2300 igitur,
1379 2227 1473 2278 an
1549 2205 1685 2280 iste
1756 2215 2178 2303 respectuS,

629 2341 862 2417 quem
902 2319 1131 2393 habet
1164 2326 1378 2416 pater
1410 2318 1501 2392 ad
1548 2321 1756 2393 hunc
1794 2317 2070 2409 filium,
2108 2328 2182 2394 et

631 2436 724 2510 ad
781 2436 1042 2530 istum,
1095 2436 1193 2511 sit
1247 2437 1595 2534 ejusdem
1672 2437 1992 2512 rationis
2053 2438 2178 2512 vel

632 2554 1112 2648 alterius3et
1151 2554 1212 2629 si
1274 2554 1650 2651 ejusdem,
1715 2554 1950 2651 igitur
2024 2555 2178 2630 duo

631 2679 1025 2769 respectus
1065 2670 1410 2767 ejusdem
1459 2670 1774 2745 rationis
1824 2671 2051 2745 simul
2097 2671 2177 2745 in

632 2788 929 2880 eodem,
966 2787 1028 2861 si
1078 2786 1402 2862 diversae
1445 2787 1764 2862 rationis
1800 2814 1815 2874 ;
1852 2787 2181 2861 habetur

622 2904 1129 3003 propositum,
1166 2903 1347 3000 quia
1379 2903 1693 2977 alterius
1720 2902 2037 2977 rationis
2065 2913 2180 2978 est

622 3019 1042 3119 paternitas
1076 3029 1421 3116 respectu
1488 3019 1720 3116 hujus
1788 3017 1925 3092 filii
1989 3020 2179 3095 etil-

623 3136 799 3233 lius,
847 3140 1029 3236 quia
1055 3138 1118 3212 si
1174 3138 1676 3234 distinguitur
1711 3162 1844 3236 per
1919 3138 2175 3214 diver-

623 3280 751 3330 sos
821 3253 1217 3352 respectus
1276 3255 1703 3330 secundum
1759 3280 1867 3349 se,
1939 3256 2212 3353 igitur*

624 3383 697 3448 et
737 3372 1267 3471 paternitates,

402 3504 467 3571 8,
721 3488 909 3562 Dico
943 3488 1177 3584 igitur
1216 3488 1309 3560 ad
1379 3488 1915 3586 quaestionem,
1962 3489 2165 3585 quod

274 3619 328 3667 ¹1·
363 3621 568 3669 Christo
620 3607 700 3679 in
751 3606 1049 3680 Christo
1093 3615 1207 3680 est
1276 3604 1539 3680 filiatio
1612 3605 1838 3680 realis
1899 3606 2167 3679 relatio

273 3683 557 3797 in‘i'i'iiissli‘ffeeff
616 3724 709 3798 ad
747 3733 1093 3815 matrem,
1129 3730 1202 3795 et
1241 3721 1391 3798 alia
1435 3722 1659 3797 realis
1700 3722 1792 3796 ad
1828 3722 2161 3817 Patrem,

337 3809 522 3859 r⁰⁰¹⁰⁵'
619 3840 802 3939 quia
832 3839 1306 3939 impossibile
1349 3849 1461 3914 est
1503 3839 1953 3914 relationem
1996 3862 2163 3914 esse

622 3958 1003 4043 eamdem,
1104 3956 1598 4030 fundamento
1721 3954 2163 4029 immediato

624 4073 1149 4171 multiplicato,
1222 4072 1532 4168 quando
1632 4070 1898 4146 relatio
1989 4081 2163 4145 actu

621 4191 866 4284 inest3
907 4190 1043 4264 sed
1088 4189 1517 4286 proximum
1579 4187 2163 4262 fundamentum

621 4305 1143 4406 generationis
1186 4304 1632 4403 temporalis
1686 4314 1759 4379 et
1818 4314 2160 4397 aeternae,

617 4432 733 4501 ‘est
764 4425 973 4499 aliud
1008 4432 1081 4497 et
1113 4422 1350 4514 aliud,
1389 4422 1817 4497 secundum
1852 4421 2167 4495 Damas-

620 4563 927 4632 cenum,
964 4563 1129 4635 cap.
1169 4537 1286 4608 52.
1347 4536 1473 4610 vel
1500 4537 1618 4607 53.

298 4653 556 4765 iffi-fflssff
717 4661 902 4733 ltem
931 4656 1194 4731 relatio
1221 4679 1372 4728 non
1401 4664 1646 4752 potest
1670 4677 1836 4729 esse
1862 4655 2159 4748 eadem,

272 4782 591 4891 ffifflffifjft
623 4799 797 4873 quae
831 4773 1059 4848 habet
1090 4772 1313 4846 aliam
1349 4780 1421 4844 et
1445 4771 1672 4844 aliam
1706 4781 1970 4845 mutuo
2008 4794 2166 4844 cor-

313 4880 430 4955 ιιτᾶτ
462 4873 563 4955 ³¹21-
624 4892 1214 4990 respondentem
1245 4914 1260 4973 3
1294 4887 1664 4983 igiturest
1704 4888 1854 4961 alia
1881 4896 1951 4961 et
1981 4887 2159 4982 alia,

570 5041 575 5046 >
623 5007 831 5105 quia,
879 5016 961 5081 ut
1001 5004 1368 5103 probatur
1407 5002 1648 5101 prius,
1687 5003 1750 5076 si
1786 5004 2009 5077 Pater
2040 5025 2165 5076 es—

622 5136 737 5198 set
803 5124 1275 5212 incarnatus,
1336 5119 1596 5216 aliquo
1662 5118 1885 5192 modo
1964 5128 2166 5193 esset

620 5242 860 5317 Filius
900 5239 1194 5326 Mariae,
1253 5260 1409 5309 non
1442 5234 1810 5310 filiatione
1844 5246 2159 5319 aeterna,

620 5362 863 5458 magis
897 5381 1126 5455 quain
1153 5354 1360 5428 filius
1396 5354 1663 5450 Angeli
1695 5382 1712 5447 3
1751 5378 1932 5450 ergo
1977 5352 2164 5426 filia-

617 5481 824 5554 tione
861 5471 1287 5572 temporali,
1326 5481 1398 5545 et
1429 5495 1580 5545 non
1617 5481 1864 5570 potest
1895 5471 2160 5546 cadem

586 5621 740 5674 *res
790 5594 1018 5672 simul
1066 5612 1372 5665 manere
1437 5599 1512 5663 et
1577 5612 1731 5662 non
1799 5609 2153 5682 manere,

2408 805 2592 905 Item
2603 802 2863 903 ,‘quod
2893 805 2991 880 sit
3022 806 3249 881 realis
3296 806 3561 881 relatio
3603 803 3855 878 Chris·
3883 816 4175 932 Clpelfitiod

2311 920 2360 992 ti
2404 921 2495 1026 acl
2534 931 2879 1016 matrem,
2931 923 3307 1020 probatio,
3366 923 3550 1020 quia
3580 922 3711 996 illa
3741 930 3855 996 est
3917 892 4138 1015 Μᾞῑιηῗ

2305 1038 2573 1112 relatio
2637 1038 2891 1132 realis,
2935 1062 3114 1137 quae
3164 1039 3666 1136 consequitur
3717 1062 3852 1113 ex·
3885 1006 4047 1059 ‘⁶⁸¹¹‘
4079 1007 4175 1056 ω’

2282 1160 2548 1227 ‚trema
2587 1153 2826 1228 realia
2854 1153 3158 1229 realiter
3203 1154 3562 1229 distincta
3591 1177 3685 1229 ex
3714 1177 3855 1230 ne-

2303 1270 2655 1344 cessitate
2678 1297 2697 1364 ;
2724 1271 2858 1345 sed
2881 1281 3159 1346 natura
3174 1281 3485 1370 accepta
3513 1271 3846 1366 aMaria‚

2302 1395 2378 1460 et
2408 1409 2453 1460 a
2493 1387 2718 1461 Patre
2771 1397 2885 1461 est
2939 1387 3090 1463 alia
3147 1397 3222 1463 et
3259 1388 3436 1481 alia,
3486 1388 3669 1487 quia
3707 1390 3849 1464 etsi
3965 1385 3967 1387 ’

2300 1504 2652 1580 Christus
2685 1505 2955 1580 fuisset
2995 1529 3238 1604 purus
3281 1508 3542 1600 home,
3578 1515 3652 1582 et
3691 1530 3845 1581 non

2299 1630 2744 1719 assumptus
2786 1647 2832 1696 a
2861 1622 3143 1717 VerbO,
3215 1646 3370 1697 non
3440 1626 3615 1721 plus
3655 1624 3847 1720 egis-

2296 1746 2411 1811 set
2455 1738 2701 1811 Maria
2759 1739 2853 1811 ad
2908 1739 3487 1836 productionem
3559 1740 3840 1815 Christi

2294 1876 2527 1952 quam
2562 1878 2767 1929 nunc
2809 1855 3030 1949 fecit3
3089 1856 3348 1953 igitur,
3395 1866 3537 1932 etc,

2809 2165 3174 2223 SCHOLIUM
3217 2167 3314 2222 ΠΙ.

2362 2313 2572 2370 Positis
2604 2316 2794 2371 tribus
2820 2316 3220 2386 opinionibus,
3245 2316 3316 2372 de
3347 2315 3568 2372 ratione
3598 2315 3834 2372 filiatio·

2289 2401 2406 2470 nis,
2455 2406 2610 2459 tenet
2656 2402 2998 2460 filiationem
3047 2403 3257 2460 Christi
3310 2405 3382 2461 ad
3418 2409 3659 2461 matrem
3703 2420 3832 2461 esse

2285 2491 2722 2561 accidentalem.
2772 2498 2889 2549 eta
2936 2494 3318 2550 fundamento
3362 2511 3421 2550 re
3471 2493 3831 2562 distinctam,

2289 2584 2428 2654 quia
2456 2583 2653 2639 eadem
2688 2589 2894 2640 natura
2927 2584 3142 2641 Christi
3196 2588 3393 2657 posset
3435 2600 3563 2642 esse
3613 2587 3685 2641 ab
3718 2586 3832 2642 alin

2288 2679 2493 2740 matre,
2528 2674 2612 2729 vel
2648 2691 2681 2730 a
2710 2673 2832 2731 solo
2865 2674 3000 2741 Deo,
3036 2681 3104 2731 de
3151 2692 3266 2746 quo
3292 2675 3405 2732 late
3437 2676 3492 2731 in
3541 2674 3720 2732 Oxou.
3771 2678 3826 2732 2.

2285 2762 2342 2817 d.
2389 2778 2425 2818 ι.
2476 2780 2532 2834 q.
2588 2764 2638 2817 4.
2696 2764 2750 2820 5.
2800 2763 3050 2819 Tertiam
3099 2764 3433 2836 opinionem
3487 2765 3556 2819 de
3605 2766 3829 2822 ratione

2288 2851 2588 2908 filiationis
2617 2858 2771 2909 tenet
2808 2854 3011 2910 Ductor
3053 2854 3113 2909 in
3160 2854 3343 2910 Oxou.
3395 2854 3491 2909 hio
3544 2871 3703 2909 num.
3737 2856 3826 2911 ⁴7.

2283 2958 2490 3013 nempe
2520 2942 2678 3013 quod
2711 2943 2986 2998 fundetur
3034 2961 3211 3015 super
3260 2944 3525 3000 naturam
3579 2947 3829 3001 existen-

2282 3036 2423 3101 tem,
2473 3035 2869 3090 continuatam
2929 3033 3015 3090 vel
3084 3035 3512 3106 reproduotam,
3565 3035 3826 3107 alioquin

2280 3129 2412 3193 post
2459 3130 2939 3181 resurrecttonem
2992 3123 3135 3180 nulli
3185 3131 3382 3182 essent
3434 3124 3560 3181 filii.
3615 3126 3828 3182 Suarez

2279 3219 2436 3272 tomo
2468 3218 2518 3268 2.
2554 3216 2605 3270 3.
2642 3234 2695 3288 p.
2730 3218 2786 3273 d.
2826 3217 2912 3271 12.
2946 3221 3088 3272 sect.
3136 3217 3189 3271 3.
3243 3223 3300 3273 et
3350 3216 3448 3273 alii
3499 3224 3828 3289 sequuntur

2278 3303 2340 3359 in
2371 3303 2499 3370 hoe,
2534 3304 2689 3376 quod
2721 3303 2955 3361 resultat
2989 3305 3186 3362 relatio
3234 3306 3314 3361 rei
3368 3308 3647 3378 producto
3703 3309 3825 3363 sun-

2281 3393 2579 3450 damentO.

2374 3606 2485 3680 Ad
2545 3605 2961 3682 secundam
3031 3607 3568 3703 quaestionem,
3665 3632 3818 3707 qua
3985 3642 4061 3710 9,

2275 3724 2651 3821 quaeritur
2686 3752 2700 3795 :
2738 3723 2866 3797 An
2924 3724 3069 3798 ista
3135 3724 3406 3801 relatio
3463 3726 3564 3800 sit
3614 3727 3813 3801 acci·
3859 3756 3983 3819 Arg.
4021 3754 4135 3819 pri·
4233 3730 4236 3732 “

2272 3840 2665 3935 dentalis?
2703 3840 3023 3915 Videtur
3089 3841 3293 3938 quod
3376 3867 3558 3931 non,
3631 3843 3814 3941 quia
3932 3831 4104 3870 mum.

2271 3957 2634 4032 fundatur
2672 3980 2906 4055 super
2945 3958 3481 4053 substantiam,
3527 3969 3601 4035 et
3639 3959 3812 4034 talis

2272 4099 2425 4148 non
2461 4084 2574 4150 est
2605 4073 3124 4169 accidentalis,
3155 4100 3290 4173 per
3329 4076 3812 4174 Simplicium

2268 4213 2502 4287 super
2521 4189 3172 4264 I’raedicamenta.

2368 4307 2477 4379 Ad
2524 4305 2752 4389 idem,
2802 4306 3069 4380 relatio
3147 4305 3241 4379 ad
3293 4329 3604 4382 causam
3661 4309 3816 4383 essi-
3906 4311 4115 4429 8333?-

2272 4423 2597 4497 cientem
2649 4446 2801 4495 non
2856 4432 2970 4495 est
3029 4421 3180 4495 alia
3248 4445 3369 4497 res
3429 4446 3473 4497 a
3539 4425 3865 4501 sunila-.
4077 4415 4090 4428 ⁶

2274 4550 2576 4631 mento;
2617 4538 2853 4633 igitur
2910 4538 2973 4611 si
3039 4562 3192 4612 una
3232 4538 3327 4612 sit
3361 4540 3819 4617 substantia·

2272 4655 2394 4748 lis,
2441 4665 2512 4729 et
2558 4655 2709 4727 alia
2760 4653 2953 4740 erit;
3002 4655 3214 4727 nulla
3273 4654 3509 4750 igitur
3551 4660 3815 4735 relatio

2272 4772 2368 4845 ad
2400 4793 2707 4845 causatu
2772 4769 3231 4850 efficientem
3285 4770 3818 4849 eritacciden-

2275 4887 2475 4961 talis.

2372 5006 2824 5105 Oppositum
2911 5005 3497 5083 fundamentum
3569 5021 3817 5108 potest
3896 5054 4121 5105 contra.

2272 5146 2583 5197 manere
2657 5121 2823 5196 sine
2894 5121 3309 5210 relatione3
3393 5124 3628 5222 igitur
3704 5137 3817 5202 est

2273 5237 2796 5313 accidentalis.

2369 5354 2585 5446 Dico,
2632 5351 2836 5450 quod
2871 5351 2962 5425 de
3025 5350 3397 5428 filiatione
3451 5365 3632 5430 sunt
3663 5366 3816 5433 tres
3865 5387 4005 5461 Qua}
4033 5401 4161 5451 pro-

2271 5470 2724 5545 sententiae:
2792 5468 3049 5542 Primo
3128 5474 3638 5567 supponendo
3707 5475 3818 5549 si-
3853 5449 4172 5563 ‘’uflffiffiigf²

2273 5585 2720 5685 gnificatum
2780 5583 3167 5682 vocabuli,
3247 5588 3455 5686 quod
3497 5590 3821 5690 produc-
