4295 6326
182 1510 293 1574 16.

82 1625 370 1675 Contraria

69 1688 372 1738 virtualiter

147 1754 333 1812 potest

82 1813 227 1861 Deus
263 1827 353 1876 po·

65 1889 192 1925 nere
207 1874 385 1927 simul.

87 3252 210 3303 Esse
238 3266 356 3303 ma·

62 3322 194 3389 trem
213 3315 389 3387 etvir-

62 3393 259 3441 glnem,
282 3393 388 3429 vir-

62 3443 275 3492 tualiter
292 3456 388 3506 op·

66 3509 363 3566 ponuntur.

1511 354 1735 465 nisT.
1790 397 1908 463 lv.
1961 395 2377 474 QUAESTIO
2428 395 2513 462 ιι.

422 569 665 644 torius
725 573 1135 649 haereticus
1209 572 1391 647 dicit
1456 573 1660 670 quod
1733 580 1975 644 mater

421 686 699 761 Christi
795 699 908 764 est
1011 690 1555 781 ChristotocOS,
1646 696 1719 762 et
1818 710 1969 760 non

418 800 866 893 TheotOCOS‚
923 808 1067 881 hoc
1109 816 1245 896 est,
1291 806 1537 879 solum
1583 812 1696 878 est
1735 813 1978 876 mater

421 929 793 1014 quantum
852 922 944 996 ad
1003 922 1586 1013 humanitatem,
1631 928 1706 993 et
1765 920 1975 992 nullo

427 1034 649 1109 modo
733 1037 898 1131 Dei,
971 1048 1238 1112 contra
1300 1061 1528 1135 quem
1589 1035 1976 1110 excessive

425 1150 790 1247 loquitur,
882 1154 1145 1228 dicens
1243 1154 1484 1250 ipsam
1577 1175 1732 1225 non
1810 1174 1976 1225 esse

424 1267 870 1361 genitricem
915 1270 1192 1344 Christi
1257 1278 1627 1367 quantum
1674 1268 1767 1342 ad
1830 1270 1977 1342 hu-

426 1383 896 1477 manitatem,
969 1396 1258 1460 tantum
1321 1386 1631 1460 scilicet.

523 1501 630 1573 Ad
695 1501 930 1595 aliud,
1007 1512 1168 1577 esto
1241 1503 1441 1599 quod
1530 1501 1736 1575 Deus
1821 1524 1974 1572 non

424 1617 668 1712 possit
728 1619 968 1694 facere
1040 1619 1447 1712 contraria,
1520 1620 1636 1692 vel
1719 1618 1979 1715 priva-

424 1732 575 1806 tivo
655 1736 1004 1831 opposita
1067 1735 1293 1809 simul
1374 1734 1450 1807 in
1531 1734 1829 1826 eodem,
1913 1733 1977 1807 si

423 1848 577 1922 sint
607 1850 959 1950 opposita
991 1851 1433 1944 formaliter,
1493 1860 1744 1924 tamen
1783 1849 1975 1925 bene

419 1972 668 2063 potest
726 1966 971 2042 lacere
1015 1967 1397 2042 contraria
1436 1967 1809 2066 opposita,
1856 1967 1975 2042 vel

416 2081 794 2178 privative
872 2084 1223 2181 opposita
1299 2083 1751 2172 virtualiter,
1823 2086 1979 2158 sal-

416 2199 669 2271 vando
757 2222 1066 2274 causam
1157 2223 1332 2273 cum
1411 2199 1763 2297 opposito
1854 2201 1975 2273 sui

416 2313 764 2408 effectuS,
803 2316 985 2412 quia
1026 2314 1230 2412 quod
1273 2314 1694 2389 formaliter
1733 2339 1975 2414 oppo-

416 2431 625 2505 nitur
667 2432 1201 2530 consequenti,
1258 2432 1685 2506 virtualiter
1745 2455 1976 2530 repu-

420 2556 607 2642 gnat
664 2547 1174 2640 antecedenti,
1260 2558 1334 2621 et
1396 2546 1764 2621 salvando
1834 2548 1975 2620 ha-

414 2661 838 2737 bitudinem
939 2663 1463 2738 antecedentis
1522 2664 1613 2736 ad
1699 2686 1975 2738 conse-

415 2800 688 2875 quenS,
735 2789 984 2877 potest
1024 2781 1231 2855 Deus
1263 2804 1435 2855 cum
1475 2781 1972 2855 antecedente

416 2897 712 2970 salvare
747 2896 1181 2994 oppositum
1226 2896 1798 2994 consequentiS,
1840 2895 1969 2970 ubi

418 3011 513 3086 ab
573 3013 1072 3087 antecedente
1132 3013 1227 3086 ad
1294 3035 1781 3110 consequens
1849 3036 1975 3087 ar-

418 3128 680 3225 guitur
718 3137 1083 3226 tanquam
1129 3151 1174 3202 a
1212 3151 1444 3203 causa
1485 3128 1577 3203 ad
1619 3126 1971 3204 effectum

420 3246 875 3319 naturalem.
951 3245 1076 3318 Sic
1145 3245 1379 3341 igitur
1420 3268 1701 3341 parere
1770 3271 1973 3344 prae-

419 3361 785 3458 supponit
858 3360 1290 3435 virtualiter
1365 3360 1651 3457 praevie
1732 3363 1972 3437 actio-

417 3497 596 3547 nem
664 3474 930 3572 patris,
1022 3474 1192 3548 ideo
1261 3474 1612 3571 sequitur
1667 3485 1974 3551 natura-

418 3592 616 3686 liter,
716 3594 881 3667 haec
976 3601 1091 3667 est
1182 3602 1451 3685 mater,
1542 3592 1774 3689 igitur
1858 3604 1975 3670 est

419 3717 616 3782 tacta
727 3732 773 3783 a
883 3708 1076 3782 viro.
1197 3709 1346 3782 Ista
1459 3708 1691 3804 igitur
1790 3720 1971 3784 sunt

412 3825 759 3923 opposita
833 3825 1292 3919 virtualiter,
1365 3849 1522 3899 esse
1591 3834 1840 3902 mater
1896 3837 1970 3903 et

408 3941 697 4016 intacta
753 3968 799 4016 α
846 3944 1009 4017 viro
1037 3971 1061 4027 ,·
1122 3952 1191 4017 et
1257 3953 1582 4040 possunt
1648 3968 1816 4020 esse
1876 3946 1969 4019 si-

412 4058 570 4131 mul
629 4059 909 4133 virtute
986 4059 1274 4153 divina,
1335 4061 1643 4157 quando
1720 4062 1963 4135 virtus

407 4175 713 4273 supplet
764 4174 1141 4249 actionem
1205 4176 1464 4273 patris.

504 4280 955 4387 Exemplum
1028 4291 1119 4364 ad
1198 4292 1370 4383 hoo,
1443 4290 1502 4365 si
1574 4290 1956 4387 objectum

406 4417 746 4483 moveret
789 4408 1202 4505 potentiam
1250 4408 1819 4497 intellectivam,
1866 4434 1955 4484 ex

404 4525 547 4599 hoc
607 4524 956 4622 sequitur
1020 4524 1488 4598 intellectum
1551 4526 1952 4624 concipere

3506 385 3633 452 279

2085 581 2158 644 et
2198 579 2685 669 comparetur
2742 567 2833 643 ad
2895 575 3148 642 actum
3204 560 3551 637 mulieris
3591 582 3636 632 a

2083 686 2278 779 vir0,
2350 710 2442 760 ex
2502 686 2650 761 alia
2706 692 2946 783 parte.
3031 682 3108 755 Si
3176 690 3359 753 tunc
3425 676 3636 750 Deus

2085 800 2522 875 immediate
2581 809 2844 875 causet
2897 799 2974 870 in
3037 797 3426 880 intellectu
3494 815 3638 865 no-

2086 917 2327 991 titiam
2414 917 2646 1014 hujus
2714 913 3018 1012 obJecti,
3096 924 3276 987 tunc
3362 908 3642 983 dicitur

2085 1032 2519 1106 intellectus
2605 1056 2900 1130 parere,
2975 1031 3303 1103 intactus
3381 1035 3636 1100 tamen

2086 1147 2181 1222 ab
2250 1149 2608 1245 object03
2683 1148 2851 1222 ideo
2921 1148 3064 1220 ista
3140 1151 3641 1242 opponuntur

2085 1265 2540 1355 virtualiter,
2596 1264 3111 1363 comparando
3162 1263 3253 1337 ad
3323 1282 3635 1335 causam

2086 1382 2516 1455 naturalem
2555 1405 2569 1455 :
2618 1381 3088 1455 intellectum
3123 1400 3289 1453 esse
3322 1375 3398 1447 in
3433 1383 3634 1466 actu,

2088 1507 2162 1572 et
2219 1523 2385 1574 esse
2438 1499 2809 1573 intactum
2850 1499 2943 1572 ab
2985 1496 3322 1592 obJect03
3369 1491 3500 1567 sed
3544 1491 3640 1563 li-

2089 1627 2207 1691 cet
2319 1616 2735 1714 praeexigat
2847 1613 3280 1690 necessario
3384 1609 3640 1709 ipsum

2087 1733 2298 1829 tangi
2394 1734 2488 1807 ab
2557 1731 2886 1828 objectO,
2968 1726 3482 1827 comparando
3546 1724 3640 1798 ad

2087 1860 2470 1937 naturam,
2553 1873 2706 1923 non
2772 1858 3028 1922 tamen
3098 1853 3212 1921 est
3275 1845 3435 1919 Deo
3504 1865 3643 1916 ne-

2085 1967 2534 2041 cessarium.
2605 1964 2731 2039 Sic
2781 1987 2873 2039 ex
2917 1963 3065 2038 alia
3123 1969 3334 2060 parte
3379 1957 3645 2033 mulie-

2085 2108 2245 2160 rem
2307 2108 2575 2183 parere
2635 2106 2771 2182 per
2835 2079 3481 2180 comparationem
3544 2077 3638 2151 ad

2083 2210 2468 2295 naturam,
2514 2199 2912 2298 p1·aeexigit
2965 2198 3207 2295 ipsam
3256 2203 3524 2271 tactam
3594 2218 3640 2268 a

2086 2317 2276 2412 viro,
2362 2341 2517 2390 non
2602 2325 2850 2390 tamen
2940 2311 3455 2411 comparando
3541 2309 3636 2384 ad

2081 2433 2358 2508 Deum.

2182 2551 2273 2623 Et
2330 2549 2422 2623 ad
2487 2548 2724 2641 aliud,
2790 2547 2960 2620 dico
3020 2544 3227 2642 quod
3286 2552 3502 2641 pater
3562 2551 3634 2617 et

2085 2677 2327 2742 mater
2403 2690 2555 2740 non
2658 2675 2839 2741 sunt
2919 2663 3238 2738 relativa
3335 2670 3629 2754 mutu0‚

2083 2785 2213 2859 sed
2286 2783 2822 2858 correlativum
2885 2780 3146 2854 matris
3222 2788 3336 2853 est
3397 2776 3629 2852 filius,

2085 2901 2176 2973 Et
2205 2924 2379 2973 cum
2413 2899 2714 2987 dicitur,
2767 2898 3098 2974 activum
3136 2904 3210 2971 et
3240 2894 3635 2992 passivum

2077 3024 2258 3090 sunt
2320 3015 2663 3108 relativa,
2710 3015 2780 3087 ὃ.
2842 3012 3422 3112 Mctaphysicoe,
3464 3035 3638 3087 con-

2083 3132 2321 3226 cedo;
2389 3130 2519 3207 sed
2576 3154 2729 3205 non
2775 3131 3102 3205 activum
3153 3131 3321 3223 hoc,
3368 3137 3442 3202 et
3497 3130 3641 3203 hoc

2082 3249 2503 3349 passivum,
2552 3248 2732 3347 quia
2765 3256 3010 3346 potest
3048 3270 3215 3321 esse
3258 3248 3402 3320 hoc
3461 3268 3641 3343 pas-

2083 3365 2333 3439 sivum
2382 3366 2476 3440 ab
2519 3365 2668 3438 alio
2723 3364 2998 3437 activo.
3059 3365 3149 3435 Et
3196 3362 3304 3435 sic
3346 3361 3419 3432 in
3458 3385 3644 3458 pro-

2082 3483 2327 3583 posito
2406 3494 2519 3558 est
2573 3485 2718 3557 hoc
2774 3480 3194 3579 passivum,
3257 3489 3330 3554 et
3397 3480 3642 3554 actio-

2084 3621 2255 3671 nem
2327 3597 2563 3694 patris
2622 3596 2927 3693 supplet
2993 3595 3236 3667 virtus
3304 3593 3637 3691 Spiritus

2082 3713 2349 3786 sancti.

2176 3830 2288 3905 Ad
2332 3829 2667 3904 rationes
2726 3827 3086 3902 sccundae
3146 3825 3708 3923 quaestionis,A

2076 4074 2198 4139 tus
2268 4065 2404 4138 fuit
2462 4062 2837 4137 naturalis
2896 4059 3100 4133 silius
3152 4059 3447 4145 Mariae,
3492 4058 3624 4132 sed

2073 4204 2228 4253 non
2298 4178 2752 4253 naturaliter
2816 4175 3048 4268 filius,
3111 4174 3296 4272 quia
3348 4174 3624 4249 adver-

2071 4295 2283 4369 bium
2363 4293 2824 4369 nataralitcr
2906 4290 3363 4365 determinat
3448 4314 3626 4364 ver—

2069 4413 2282 4505 bum,
2363 4413 2484 4485 vel
2579 4409 3092 4508 participium,
3183 4408 3352 4481 ideo
3447 4408 3622 4481 licet

2068 4526 2274 4602 silius
2378 4526 2645 4600 habuit
2742 4533 3095 4599 naturam
3194 4524 3613 4595 humanam

397 4640 744 4714 notitiam
788 4639 1045 4733 Verbi,
1093 4640 1192 4713 ita
1235 4641 1437 4739 quod
1479 4639 1950 4715 intellectum
2064 4653 2481 4741 acceptam,
2576 4666 2729 4716 non
2816 4652 3069 4715 tamen
3167 4639 3617 4714 naturaliter

399 4756 803 4854 concipere
871 4756 1217 4830 notitiam
1299 4767 1798 4854 comparetur
1855 4759 1948 4831 ad
2062 4770 2479 4858 acceptam,
2517 4762 2660 4833 hoc
2693 4768 2831 4846 est,
2900 4781 3052 4832 non
3105 4781 3242 4854 per
3303 4757 3612 4832 modum

383 4895 665 4970 parere
729 4895 819 4947 ex
897 4873 1046 4946 alia
1112 4882 1351 4970 parte,
1426 4881 1500 4946 et
1565 4873 1945 4969 objectum
2060 4878 2339 4976 agendi
2416 4878 2872 4952 naturalem.

394 5012 702 5064 movere
736 4989 833 5063 sit
862 4989 1277 5086 potentiam
1324 4988 1532 5085 tangi
1566 4989 1658 5063 ab
1693 4990 1942 5082 oculu,

3712 3828 3980 3939 (gai-gum.

2078 3949 2248 4022 dico
2303 3947 2506 4045 quod
2563 3944 2866 4044 proprie
2922 3942 3332 4039 loquendo,
3382 3941 3631 4014 cin-is·
3722 3907 3915 4018 qh'sss't
