4295 6326
140 3333 218 3385 Ad
259 3338 360 3384 ter-

164 3398 316 3447 tium.

205 5373 306 5440 11.

1553 365 1781 437 DIST.
1828 366 1884 436 Ι.
1936 365 2354 445 QUAESTIO
2405 367 2521 436 IV.

428 562 587 614 non
629 548 811 614 sunt
872 539 1398 633 Sacramenta,
1457 547 1539 613 ut
1578 537 1978 613 immolare

424 657 774 732 victimas
807 655 1192 756 pacificas,
1228 679 1446 731 orare
1487 667 1562 731 et
1590 656 1975 753 jejunare,

429 785 503 852 et
526 776 999 873 hujusmodi,
1032 799 1172 850 nec
1195 799 1287 850 ex
1306 775 1659 873 pactione
1684 773 1972 866 divina,

428 916 570 968 nec
608 892 837 968 etiam
884 916 975 968 ex
1015 892 1296 967 virtute
1365 890 1674 991 propria
1729 891 1978 965 confe-

436 1011 709 1086 rebant
799 1010 1123 1109 gratiam
1159 1038 1178 1104 3
1250 1009 1450 1084 sicut
1520 1032 1659 1084 nec
1744 1008 1970 1082 etiam

434 1127 1003 1203 caeremonialia
1042 1136 1328 1212 nostra,
1385 1136 1464 1199 ut
1506 1124 1889 1200 abstinere
1931 1148 1975 1199 a

428 1245 791 1320 carnibus
832 1244 1104 1320 diebus
1154 1243 1507 1338 VeneriS,
1570 1244 1977 1318 conferunt

424 1364 750 1461 gratiam
789 1363 1069 1439 virtute
1126 1363 1438 1463 propria
1477 1362 1733 1462 operis
1762 1358 1976 1460 'ope-

433 1482 600 1556 rati.

520 1598 755 1673 Dives
783 1597 988 1673 enim
1016 1596 1639 1673 offerensbovem
1673 1594 1750 1670 in
1795 1597 1972 1670 hos-

429 1714 606 1788 tiam
659 1714 1103 1806 salutarem,
1150 1723 1224 1788 et
1289 1713 1455 1788 sine
1515 1712 1718 1786 bono
1761 1721 1971 1785 motu

422 1830 793 1913 interiori,
860 1840 932 1905 et
972 1853 1266 1928 pauper
1307 1853 1460 1904 non
1495 1830 1790 1903 habens
1825 1851 1973 1902 un-

421 1948 512 2022 de
591 1946 857 2022 offerat
924 1946 1244 2043 aliquid,
1319 1956 1570 2021 motus
1648 1944 1972 2019 interius

421 2064 511 2135 ad
557 2064 847 2138 bonum
884 2062 1242 2137 affectum
1294 2087 1478 2160 erga
1534 2063 1813 2156 Deum,
1860 2086 1970 2137 re·

421 2180 606 2278 cipit
646 2181 999 2275 gratiam,
1055 2189 1127 2254 et
1177 2180 1392 2255 dives
1432 2204 1617 2254 non.
1683 2180 1767 2252 In
1829 2180 1973 2254 Sa-

420 2307 810 2370 cramento
843 2306 1100 2371 autem
1121 2296 1343 2370 datur
1374 2296 1656 2394 duplex
1694 2295 1967 2392 gratia,

425 2439 578 2487 una
618 2414 896 2488 virtute
939 2413 1444 2506 Sacramenti,
1494 2412 1645 2487 alia
1675 2412 1971 2488 ratione

424 2529 601 2602 boni
685 2539 936 2603 motus
1022 2528 1435 2616 interioriS,
1508 2527 1569 2602 si
1637 2528 1817 2601 insit
1891 2527 1968 2600 in

425 2645 914 2743 susceptione
943 2645 1446 2720 Sacramenti.
1480 2645 1562 2717 In
1604 2667 1971 2719 caeremo-

427 2764 762 2837 nialibus
802 2772 1232 2838 autemtam
1266 2787 1488 2836 novae
1512 2761 1704 2857 legis
1736 2784 1967 2859 quam

427 2881 705 2955 veteris
746 2890 1042 2956 tantum
1094 2882 1318 2955 datur
1366 2879 1612 2976 gratia
1664 2888 1972 2976 propter

424 2998 710 3072 bonum
756 3007 1049 3073 motum
1092 2997 1562 3090 interiorem,
1626 3005 1699 3069 et
1740 3019 1973 3094 prop-

431 3126 543 3189 ter
584 3139 778 3214 opus
810 3123 1239 3213 operatum,
1302 3113 1367 3189 si
1442 3112 1835 3212 praecessit
1881 3135 1973 3188 ex

435 3233 704 3309 merito
741 3234 971 3308 bono.

520 3349 631 3422 Ad
692 3349 765 3422 id
826 3350 1030 3446 quod
1100 3347 1282 3421 dicit
1336 3346 1816 3443 Augustinus
1891 3343 1970 3417 in

427 3489 594 3562 cap.
630 3465 999 3557 Detrahe,
1044 3464 1250 3562 quod
1283 3463 1415 3538 illa
1454 3463 1744 3538 ablutio
1782 3462 1973 3536 facta

426 3583 501 3656 in
572 3606 774 3680 aqua
839 3592 952 3657 est
1019 3581 1403 3679 susceptio
1463 3579 1967 3672 Sacramenti,

428 3699 611 3796 quia
668 3699 1251 3772 Sacramentum
1322 3696 1740 3770 formaliter
1789 3716 1974 3768 con-

427 3817 622 3891 sistit
662 3816 739 3889 in
784 3841 960 3909 usn,
1006 3814 1211 3890 etita
1269 3813 1654 3910 susceptio
1697 3812 1974 3885 Sacra-

429 3934 663 4008 menti
743 3943 854 4009 est
922 3932 1363 4007 immediata
1437 3929 1835 4028 dispositio
1878 3928 1972 4002 ad

426 4050 777 4148 gratiam,
822 4050 1020 4125 sicut
1049 4060 1128 4123 tu
1181 4049 1405 4147 ponis
1433 4047 1525 4122 de
1565 4056 1868 4120 ornatu.

958 4304 1321 4363 SCHOLIUM
1370 4304 1438 4361 V.

502 4456 585 4510 Ad
619 4455 939 4512 secundam
974 4454 1353 4526 quaestionem
1386 4452 1525 4508 dicit
1549 4455 1975 4524 consequenter

432 4543 500 4598 ad
528 4544 654 4612 jam
682 4544 833 4598 dicta
881 4542 939 4597 in
1002 4541 1370 4613 praecedenti,
1434 4540 1658 4596 nullam
1697 4542 1972 4595 virtutem

435 4632 735 4704 physicam
791 4632 1074 4687 inhaerere
1115 4631 1522 4698 Sacramentis,
1609 4629 1710 4686 sed
1742 4634 1973 4685 tantum

438 4723 534 4780 Dei
591 4729 825 4794 pactum
878 4741 892 4790 3
956 4721 1240 4777 sumendo
1298 4724 1495 4776 tamen
1553 4721 1808 4776 virtutem
1872 4736 1975 4791 pro

434 4814 641 4869 ultimo
682 4813 955 4885 potentiae
1000 4811 1152 4883 signi
1200 4811 1462 4884 practici,
1492 4809 1634 4867 dicit
1663 4811 1976 4866 admitten-

436 4906 570 4960 dam
626 4920 757 4959 esse
809 4904 866 4959 in
922 4903 1337 4973 Sacramentis‚
1396 4902 1547 4974 quod
1601 4907 1827 4957 tantum
1889 4906 1981 4957 est

439 4994 774 5065 significare
806 4994 1136 5058 efficaciter,
1170 4993 1277 5048 hoc
1306 4998 1416 5059 est,
1461 5008 1690 5064 semper
1736 4998 1791 5047 et
1820 4995 1977 5047 certo

438 5085 650 5139 habere
671 5085 962 5146 effectum.
985 5100 1158 5155 quem
1188 5083 1546 5155 significant,
1569 5087 1856 5154 quantum
1890 5083 1980 5137 est

437 5189 506 5227 ex
535 5188 618 5228 se.
653 5172 795 5228 Vide
827 5176 1127 5229 Ductorem
1162 5172 1219 5226 in
1256 5171 1438 5227 Oxou.
1476 5171 1569 5226 htc
1616 5188 1649 5227 a
1691 5187 1853 5226 num.
1892 5170 1977 5225 16.

534 5352 647 5429 Ad
723 5350 1140 5426 secundam
1241 5351 1750 5448 quaestionem
1810 5349 1978 5424 dico

3510 372 3636 439 557

2086 538 2338 612 solum
2372 538 2681 636 signum
2732 539 3170 616 ordinatum
3226 549 3300 616 et
3338 541 3636 617 institu-

2085 663 2247 729 tum
2289 679 2334 730 a
2373 655 2562 751 De0,
2607 655 3018 732 efficaciter
3069 667 3635 756 repraesentans

2092 770 2410 845 formam
2443 771 2976 870 principalem,
3013 781 3087 847 et
3110 797 3337 848 suum
3371 772 3637 870 signa-

2081 897 2273 970 tum,
2332 899 2406 964 et
2445 891 2913 990 quicumque
2946 891 3018 965 id
3079 892 3385 988 signum
3444 891 3637 966 reci-

2082 1008 2241 1107 piat
2272 1009 2436 1085 sine
2470 1009 2807 1106 fictione,
2843 1010 2975 1085 fiat
3019 1012 3314 1088 amicus
3353 1012 3523 1107 Dei,
3560 1020 3633 1086 et
3663 995 3791 1055 0⁰⁸³
3811 996 3980 1047 ‘'¹⁸¹''

3680 1062 3735 1109 in
3766 1061 3945 1110 Sacra·

2082 1136 2522 1225 acceptetur
2573 1152 2618 1202 a
2688 1130 2842 1203 Deo
2918 1154 3055 1227 per
3120 1130 3473 1227 gratiam,
3557 1124 3963 1205 etmeflfflre·

2080 1242 2731 1341 quandocumque
2791 1245 2864 1318 id
2907 1243 2991 1319 fit
3047 1245 3125 1319 in
3169 1246 3458 1343 aliquo,
3519 1244 3627 1318 illi
3719 1190 3943 1249 penum

2080 1357 2368 1432 assistit
2426 1359 2663 1454 DeuS,
2709 1370 2793 1435 ut
2866 1360 3074 1456 insit,
3147 1362 3354 1460 quod
3422 1360 3629 1437 desi-

2079 1484 2291 1571 gna&

2181 1591 2259 1665 Si
2302 1600 2555 1667 tamen
2599 1593 3020 1668 contendas
3069 1595 3385 1670 omnino
3427 1597 3632 1694 quod

2078 1716 2377 1804 oportet
2427 1732 2713 1806 ponere
2780 1710 3141 1786 virtutem
3208 1711 3289 1784 in
3358 1712 3633 1788 Sacra-

2084 1834 2338 1898 mento
2395 1836 2746 1923 respectu
2816 1827 3111 1923 gratiae,
3170 1829 3627 1926 respondeO,

2078 1951 2152 2016 et
2224 1942 2394 2017 dico
2465 1945 2669 2041 quod
2729 1945 2975 2020 virtus
3041 1970 3194 2021 uno
3251 1948 3478 2021 modo
3517 1956 3631 2022 est

2084 2058 2440 2133 ultimum
2511 2060 2602 2136 de
2667 2062 3010 2159 potentia
3074 2063 3144 2134 2.
3208 2061 3301 2136 de
3387 2062 3626 2157 Coelo,

2079 2182 2264 2251 least.
2355 2179 2518 2251 116.
2592 2179 2947 2255 ultimum
3013 2190 3267 2255 autem
3330 2180 3421 2255 de
3489 2204 3633 2279 po-

2080 2293 2323 2368 tentia
2397 2294 2598 2392 signi
2678 2298 2798 2370 vel
2895 2296 3367 2371 Sacramenti
3483 2306 3625 2389 est,

2080 2410 2287 2506 quod
2357 2435 2663 2510 semper
2739 2413 3018 2487 habeat
3086 2437 3346 2488 secum
3400 2437 3626 2489 suum

2080 2531 2501 2627 signatum,
2610 2541 2986 2629 quantum
3073 2541 3187 2607 est
3252 2557 3344 2608 ex
3411 2541 3624 2631 parte

2079 2649 2247 2741 sui,
2319 2648 2428 2722 sic
2502 2657 2757 2723 autem
2837 2659 2952 2723 est
3045 2649 3120 2721 in
3205 2650 3623 2748 proposito.

2081 2766 2404 2863 Semper
2489 2765 2696 2840 enim
2791 2765 3001 2840 Deus
3109 2766 3393 2840 assistit
3485 2790 3627 2841 suo

2079 2881 2412 2977 signato,
2454 2890 2535 2954 ut
2563 2880 2941 2955 veraciter
2972 2890 3045 2954 et
3078 2881 3489 2957 efficaciter
3518 2882 3628 2956 in-

2078 3000 2204 3091 sit,
2261 2998 2466 3096 quod
2536 2998 3037 3092 demonstrat,
3115 2999 3263 3074 nisi
3331 3000 3428 3074 sit
3478 2999 3628 3073 im-

2080 3116 2606 3216 pedimentum
2668 3140 2759 3192 ex
2823 3126 3035 3215 parte
3104 3117 3622 3216 suscipientiS,

2081 3246 2155 3309 et
2186 3235 2351 3333 ipso
2393 3235 2645 3309 ablato
2688 3235 2940 3310 statim
2977 3235 3176 3311 inest
3207 3237 3622 3334 signatum.

2080 3352 2230 3427 Per
2281 3354 2426 3426 hoc
2484 3360 2691 3449 patet
2783 3353 3183 3450 responsio
3238 3355 3331 3427 ad
3408 3378 3628 3452 argu·

2082 3478 2340 3545 menta
2381 3468 2456 3543 in
2493 3469 2957 3567 oppositum.

2177 3588 2287 3662 Ad
2352 3586 2676 3683 primam
2731 3589 3143 3684 Augustini
3231 3590 3321 3664 de
3392 3613 3621 3687 aqua,
3776 3611 3878 3675 12,

2082 3705 2251 3779 dico
2286 3728 2440 3777 non
2473 3704 2981 3779 discordando
3014 3708 3133 3780 vel
3180 3708 3619 3803 glossando,
3656 3725 3736 3775 Ad
3762 3739 3969 3789 arsum·

2082 3823 2288 3922 quod
2331 3821 2594 3896 tinctio
2663 3822 3004 3920 corporis
3063 3825 3158 3899 ab
3209 3847 3412 3922 aqua
3449 3790 3972 3900 cu1n¹‘q⁰oe⁸²‘²’

2082 3937 2338 4013 verbis
2389 3937 2647 4030 simul,
2707 3961 2885 4012 vere
2928 3962 3058 4012 cor
3120 3940 3388 4034 abluit,
3471 3966 3624 4017 non

2082 4053 2288 4152 quod
2368 4053 2669 4127 actione
2718 4076 2859 4127 sua
2913 4054 3236 4151 attingat
3300 4058 3625 4153 gratiam

2082 4173 2202 4246 vel
2238 4170 2819 4269 dispositionem
2871 4171 2962 4245 ad
2998 4196 3194 4266 eam,
3258 4175 3389 4247 sed
3423 4174 3630 4271 quod

2083 4290 2180 4364 sit
2230 4289 2396 4386 ipsa
2442 4289 2735 4362 ablutio
2795 4290 3125 4364 exterior
3192 4290 3634 4367 immediata

2085 4403 2484 4502 dispositio
2525 4404 2620 4477 ad
2651 4403 3004 4500 gratiam,
3051 4415 3133 4479 ut
3175 4429 3436 4480 secum
3498 4409 3635 4482 ha-

2083 4524 2275 4596 bens
2301 4523 2513 4619 quod
2555 4521 2852 4618 signat;
2919 4546 3061 4596 nec
3101 4523 3324 4599 video
3362 4549 3634 4600 neces-

2085 4638 2385 4712 sitatem
2411 4637 2747 4735 ponendi
2773 4638 2996 4711 aliam
3018 4639 3628 4737 dispositionem,

2086 4765 2162 4829 et
2200 4755 2370 4829 ideo
2405 4754 2611 4850 fugio
2646 4754 3187 4852 pluralitatem.

2185 4883 2297 4956 Ad
2339 4882 2591 4968 aliam,
2629 4882 2797 4956 dico
2857 4883 3063 4980 quod
3122 4884 3184 4958 si
3254 4888 3634 4963 medicina
3662 4879 3738 4929 Ad

2089 5008 2289 5074 esset
2333 4998 2436 5073 ita
2496 4997 2791 5092 efficaX,
2865 5000 3067 5096 quod
3138 5025 3228 5076 ea
3286 5005 3634 5101 apposita

2090 5117 2344 5191 statim
2407 5126 2861 5213 sequeretur
2901 5116 3188 5192 sanitas
3249 5120 3414 5195 sine
3455 5146 3638 5218 qua-

2093 5256 2428 5331 cumque
2462 5233 2789 5326 actione,
2839 5232 3037 5307 sicut
3086 5245 3198 5309 est
3244 5237 3319 5309 in
3364 5237 3640 5312 Sacra-

2096 5359 2353 5423 mento
2396 5358 2744 5446 respectu
2802 5349 3097 5444 gratiae,
3143 5360 3343 5426 esset
3377 5353 3639 5450 utique

3788 4890 3983 4928 secun-

3755 4941 3900 4991 dum.

111 5487 388 5542 nesotuno
439 5472 645 5571 quod
713 5494 867 5544 non
934 5475 1047 5542 est
1126 5465 1230 5540 ibi
1299 5468 1654 5564 ponenda
1723 5467 1984 5563 aliqua
2098 5467 2433 5564 perfecta
2499 5476 2573 5541 et
2640 5463 2953 5558 efficax3
3025 5466 3133 5540 sic
3218 5468 3294 5540 in
3356 5494 3643 5567 propo-

114 5552 167 5600 ὁ.
187 5564 373 5621 ‚qums-

163 5615 337 5664 tionis.

437 5589 683 5663 virtus
721 5587 1072 5663 absoluta
1122 5583 1202 5658 in
1261 5584 1785 5678 Sacramento,
1848 5585 1979 5658 sed

2095 5586 2266 5659 sito.
