4295 6326
180 3807 231 3857 Si
262 3811 431 3857 totum

155 3883 257 3918 non
274 3871 461 3920 distin-

192 3936 372 3994 guitur
403 3948 434 3982 a

180 3997 439 4057 partibus,

172 4059 277 4119 {uid
315 4072 468 4121 gene-

168 4126 330 4180 ratur,
361 4121 442 4170 vel

156 4181 463 4234 destruitur.

1601 440 1831 512 DIST.
1880 441 1969 511 ΙΙ.
2023 441 2440 524 QUAESTIO
2490 445 2545 512 l.

476 612 626 705 siti,
664 613 1090 689 secundum
1117 612 1621 708 Avicennam,
1656 613 1725 687 6.
1761 613 2019 690 Natu-

474 731 789 826 ralium,
879 755 1023 807 nec
1111 755 1381 807 omnes
1456 740 1713 830 partes
1789 732 2020 806 simul

479 857 898 926 causantur
940 872 982 923 a
1023 849 1279 924 causis
1338 848 1804 943 intrinsecis,
1840 849 2022 947 quia

484 966 799 1041 materia
831 990 1005 1041 cum
1039 967 1286 1041 forma
1314 989 1470 1040 non
1506 975 1620 1040 est
1663 966 2026 1041 materia-

480 1095 582 1178 ta,
627 1108 769 1158 nec
803 1085 1045 1158 forma
1077 1107 1250 1158 cum
1293 1083 1613 1158 materia
1673 1085 2016 1171 formata,

483 1202 618 1276 sed
661 1210 901 1276 totum
963 1202 1471 1301 compositum
1537 1201 2020 1277 materiatum

483 1329 556 1394 et
586 1320 1022 1395 formatum.

585 1436 803 1529 Item,
851 1436 1161 1533 aliquod
1203 1458 1341 1510 ens
1416 1443 1530 1509 est
1586 1434 1834 1532 primo
1889 1456 2027 1530 ge-

486 1552 856 1647 nerabile,
902 1554 972 1626 7.
1008 1553 1445 1652 Metaphys.
1503 1552 1636 1626 sed
1687 1574 1829 1626 nec
1876 1574 2027 1624 ma-

482 1671 699 1764 teria,
756 1694 896 1745 nec
965 1672 1232 1764 forma,
1305 1692 1447 1745 nec
1522 1668 2020 1765 conjunctim,

488 1811 631 1862 nec
672 1786 1008 1881 divisim,
1064 1796 1177 1862 est
1217 1786 1464 1885 primo
1526 1785 2020 1883 generabiliS‚

489 1904 671 2003 quia
702 1914 957 2002 partes
988 1904 1456 2001 conjunctim
1483 1927 1640 1977 non
1674 1911 1854 1977 sunt
1892 1925 2029 2000 per

488 2045 568 2096 se
613 2044 882 2094 unum.
947 2022 1235 2095 Eodem
1286 2019 1512 2095 modo
1573 2027 1687 2095 est
1725 2020 1817 2094 de
1870 2042 2029 2093 cor-

489 2139 873 2237 ruptione,
918 2140 1001 2213 in
1039 2137 1197 2236 sine
1230 2140 1298 2213 7.
1334 2138 1774 2238 Metaphys.
1837 2143 2021 2212 teoet.

489 2256 608 2330 60.
647 2265 721 2330 et
760 2278 1232 2354 quamquam
1290 2265 1370 2330 ut
1409 2255 1828 2354 plurimum
1871 2278 2031 2329 cor-

492 2377 744 2475 ruptio
797 2375 1200 2475 compositi
1252 2376 1349 2450 sit
1389 2375 1804 2450 destructio
1876 2376 2030 2448 sor-

494 2520 666 2589 mae‚
711 2519 867 2569 non
901 2503 1156 2569 tamen
1190 2504 1305 2569 est
1330 2497 1473 2569 hoc
1504 2493 2027 2569 necessarium

489 2633 822 2707 semper,
897 2618 979 2682 ut
1046 2616 1251 2707 patet
1334 2608 1426 2684 de
1515 2610 2025 2703 intellectiva3

493 2728 727 2824 igitur
764 2726 831 2802 si
872 2736 1115 2800 totum
1151 2727 1342 2802 nihil
1387 2728 1594 2802 aliud
1643 2737 1843 2803 esset
1883 2728 2031 2803 nisi

492 2854 745 2942 partes
777 2844 1035 2937 simul,
1074 2852 1155 2916 ut
1191 2846 1260 2917 A
1312 2853 1385 2919 et
1430 2846 1533 2939 B,
1565 2845 1767 2920 idem
1802 2846 2030 2920 simul

493 2970 753 3058 posset
794 2983 1105 3035 manere
1157 2970 1232 3036 et
1285 2986 1437 3036 non
1474 2986 1815 3037 manere.
1858 2963 2031 3037 Non

491 3087 749 3178 posset
835 3101 1171 3168 manere,
1256 3079 1439 3179 quia
1517 3089 1673 3155 tota
1757 3081 2033 3156 entitas

491 3196 892 3294 compositi
919 3196 997 3268 in
1033 3197 1525 3294 corruptione
1551 3222 1704 3272 non
1742 3207 2026 3273 manet.

490 3315 761 3389 Posset
800 3336 1138 3404 manere,
1200 3314 1382 3411 quia
1439 3315 1502 3389 si
1545 3316 1804 3390 anima
1865 3327 2036 3415 post

488 3432 1055 3530 separationem
1089 3444 1290 3506 esset
1332 3432 1547 3507 unita
1577 3434 1907 3532 corpori,
1956 3443 2035 3508 ut

492 3558 765 3643 motor,
801 3557 1097 3622 tantum
1147 3558 1403 3624 essent
1461 3560 1715 3646 partes
1773 3551 2028 3640 simul,

490 3675 562 3740 et
595 3690 750 3740 non
783 3674 1055 3738 totum.

594 3783 807 3871 ltem,
880 3781 1193 3879 aliquod
1263 3805 1402 3856 ens
1462 3766 1694 3858 habet
1760 3807 1896 3882 per
1952 3807 2034 3859 se

496 3897 964 3997 passionem,
1024 3906 1098 3971 et
1137 3898 1384 3996 primo
1450 3908 1529 3972 ut
1590 3900 1902 3997 ponitur
1942 3901 2032 3975 de

498 4014 809 4088 homine
853 4025 1204 4112 respectu
1257 4015 1597 4109 risibilis,
1649 4027 1722 4091 et
1779 4026 2032 4091 tamen

501 4131 643 4206 ista
694 4130 953 4229 passio
997 4153 1139 4206 nec
1193 4141 1305 4206 est
1350 4133 1688 4207 materiae
1755 4134 2030 4231 primo,

498 4272 641 4325 nec
683 4251 975 4340 formae,
1023 4273 1165 4324 nec
1208 4250 1639 4325 amborum.

594 4367 773 4442 ldeo
843 4367 1012 4441 dico
1084 4368 1290 4465 quod
1376 4369 1439 4441 si
1507 4379 1745 4443 totum
1842 4369 2029 4443 nihil

497 4484 703 4558 aliud
758 4495 970 4559 esset
1011 4507 1243 4582 quam
1313 4486 1458 4559 hoc
1514 4495 1585 4560 et
1645 4489 1816 4581 hoc,
1880 4511 2034 4561 non

497 4609 698 4676 esset
796 4611 1037 4675 totuin
1130 4602 1392 4676 verius
1472 4627 1713 4677 unum
1804 4626 2035 4701 quam

496 4741 820 4793 acervus
852 4718 1222 4816 lapidum.
1253 4720 1412 4794 Nec
1445 4729 1558 4794 est
1625 4744 1856 4794 causa
1888 4721 2039 4794 alia

499 4834 949 4931 quaerenda,
992 4834 1175 4931 quia
1205 4843 1447 4908 totum
1501 4844 1612 4909 est
1661 4835 1867 4908 aliud
1900 4859 2038 4909 ens

497 4972 540 5021 a
576 4947 924 5045 partibus
964 4947 1222 5036 simul,
1260 4948 1406 5022 nisi
1441 4948 1623 5046 quia
1654 4949 1821 5024 istae
1853 4972 2040 5023 cau-

498 5088 606 5139 sae
648 5074 829 5138 sunt
859 5065 1053 5159 istas,
1090 5073 1162 5139 et
1189 5076 1509 5140 causant
1537 5068 1679 5140 hac
1707 5066 2039 5141 causali-

502 5190 675 5277 tate,
735 5192 816 5256 ut
857 5184 1302 5259 causalitate
1361 5183 1806 5279 intrinseca,
1862 5208 2037 5282 quae

502 5324 659 5373 non
727 5309 841 5375 est
898 5324 1214 5377 causare
1281 5312 1534 5400 partes
1584 5303 1841 5397 simul,
1905 5303 2038 5378 sed

506 5438 820 5492 causare
854 5418 1394 5515 compositum,
1440 5420 1644 5515 quod
1679 5430 2041 5493 causatur

500 5555 542 5604 a
608 5534 861 5609 causis
922 5535 1390 5611 intrinsecis.
1452 5537 1540 5608 Et
1617 5559 1793 5609 cum
1860 5535 2042 5608 dicit

499 5648 1065 5728 Conimentator
1096 5654 1597 5748 contrarium,
1631 5653 1802 5728 dico
1833 5654 2038 5752 quod

3547 441 3679 512 253

2133 616 2197 690 si
2231 616 2635 713 intelligat,
2674 617 3020 692 utverba
3052 616 3408 691 videntur
3448 636 3679 688 sona-

2133 758 2245 829 re,
2276 736 2549 811 falsum
2593 735 2801 829 dicit,
2851 744 2926 811 et
2975 744 3243 810 contra
3308 732 3681 807 intentio-

2134 874 2313 925 nem
2415 850 2864 937 Aristotelis,
2948 851 3133 950 quia
3206 872 3477 923 omnes
3555 871 3678 922 res

2134 966 2348 1064 prius
2380 968 2598 1043 factae
2632 975 2812 1040 sunt
2853 966 3276 1041 secundum
3313 963 3680 1039 intentio-

2131 1106 2310 1158 nem
2351 1084 2832 1178 Aristotelis;
2892 1085 3023 1159 sed
3089 1084 3198 1158 sic
3249 1091 3499 1181 potest
3566 1080 3681 1154 di-

2133 1211 2341 1276 ctum
2393 1225 2619 1276 suum
2680 1201 2938 1299 aliquo
2980 1200 3203 1274 modo
3262 1196 3673 1290 verificari,

2132 1320 2342 1416 quod
2383 1342 2651 1394 omnes
2683 1328 2939 1416 partes
2971 1317 3200 1391 simul
3236 1315 3480 1411 magis
3540 1338 3680 1412 ap-

2132 1436 2657 1535 propinquant
2740 1436 2832 1510 ad
2929 1435 3345 1521 entitatem,
3443 1455 3677 1530 quam

2134 1563 2393 1652 partes
2425 1553 2726 1648 divisae,
2762 1552 2947 1651 quia
2981 1561 3136 1627 tota
3167 1552 3442 1626 entitas
3492 1575 3679 1625 cau-

2128 1670 2400 1746 >sabilis
2443 1679 2557 1744 est
2625 1671 2702 1745 in
2763 1669 3124 1743 omnibus
3174 1668 3520 1766 partibus
3571 1666 3682 1740 si-

2135 1788 2325 1881 mul,
2355 1810 2511 1860 non
2538 1795 2792 1861 autem
2840 1793 2998 1859 tota
3035 1784 3315 1859 entitas
3341 1782 3681 1858 formalis

2135 1903 2564 2002 compositi.

2659 2174 3018 2232 SCHOLIUM
3070 2174 3170 2231 111.

2207 2325 2410 2381 Totum
2446 2324 2612 2397 prius
2644 2325 2868 2382 assumi
2924 2340 3099 2396 quam
3136 2329 3349 2396 partes,
3403 2324 3541 2397 quia
3593 2325 3684 2380 litc

2138 2413 2393 2471 Verbum
2423 2415 2559 2471 facit
2589 2415 2744 2487 quod
2789 2415 3026 2487 propria
3083 2414 3465 2487 personalitas
3515 2415 3683 2472 fecis-

2138 2509 2247 2574 set,
2280 2504 2330 2561 si
2363 2505 2590 2562 adesset
2621 2520 2635 2572 ;
2667 2505 2862 2562 anima
2895 2510 3090 2561 tamen
3135 2514 3220 2561 est
3251 2505 3511 2562 medium
3546 2505 3684 2578 quod

2138 2595 2580 2666 assumptionis,
2656 2597 2794 2667 quia
2877 2602 2960 2652 est
3042 2595 3189 2652 ratio
3262 2596 3528 2652 formalis
3601 2596 3683 2652 rei

2138 2688 2475 2756 assumptae.
2509 2687 2703 2741 Potest
2748 2685 2920 2740 ctiam
2985 2684 3225 2741 concedi
3277 2686 3431 2757 quod
3487 2685 3685 2741 anima

2139 2774 2218 2831 sit
2243 2774 2499 2830 medium
2531 2791 2657 2846 quc,
2695 2779 2962 2847 respectu
2986 2775 3243 2848 corporis
3273 2777 3582 2847 assumpti.

2238 2955 2643 3029 Secundus
2694 2955 3065 3031 articulus
3105 2966 3265 3031 est:
3304 2957 3385 3031 Si
3441 2967 3678 3031 totum

3835 2985 3899 3053 6.

2140 3072 2560 3146 assumitur
2591 3071 3108 3147 mediantibus
3149 3073 3520 3172 partibuS,
3557 3075 3676 3149 vel
3710 3101 3793 3150 Aa
3832 3103 4002 3150 totum

3709 3168 4015 3215 assumatur

2140 3215 2181 3265 e
2216 3200 2506 3285 contra,
2570 3215 2662 3265 ex
2704 3216 2855 3290 quo
2898 3192 3046 3267 alia
3088 3202 3201 3268 est
3242 3194 3518 3268 entitas
3559 3204 3680 3269 to-
3709 3228 4030 3290 mediispar.

2140 3310 2292 3383 tius
2347 3318 2420 3383 et
2460 3310 2855 3407 partium?
2913 3311 3081 3384 dico
3140 3312 3344 3409 quod
3416 3337 3684 3410 possu-

2142 3450 2315 3500 mus
2367 3426 2577 3523 loqui
2636 3427 2727 3501 de
2789 3427 3041 3501 medio
3110 3451 3255 3526 quo
3319 3439 3393 3504 et
3451 3429 3677 3528 quod,

2141 3542 2338 3616 sicut
2370 3543 3299 3635 diciturinstrumentum,
3338 3554 3412 3621 et
3442 3547 3685 3620 forma

2141 3683 2236 3734 ex
2307 3668 2520 3758 parte
2587 3661 2914 3756 agentiS,
2959 3661 3087 3749 ,sic
3155 3662 3234 3735 in
3305 3686 3530 3761 passo
3574 3672 3686 3739 est

2142 3778 2536 3874 assignare
2599 3801 2751 3876 quo
2794 3779 3114 3877 recipiat
3174 3790 3248 3856 et
3306 3781 3514 3879 quod
3578 3806 3690 3858 re·

2142 3896 2347 3994 cipit,
2400 3905 2637 3970 totum
2672 3921 2855 3972 vero
2900 3907 3014 3972 est
3055 3900 3257 3997 quod
3293 3901 3475 3996 agit,
3533 3902 3686 3974 sor-

2145 4035 2266 4086 ma
2295 4036 2479 4087 vero
2522 4036 2674 4110 quo
2715 4014 2893 4109 agit.
2945 4014 3023 4087 Si
3087 4015 3540 4111 intelligitur
3590 4017 3682 4091 de

2143 4128 2394 4203 medio
2436 4129 2662 4235 quod,
2710 4130 2814 4203 ita
2853 4131 3059 4228 quod
3127 4142 3380 4229 partes
3435 4135 3680 4232 primo

2142 4247 2520 4320 uniuntur
2580 4258 2947 4344 tanquam
3012 4251 3238 4348 quod,
3276 4261 3348 4326 et
3408 4252 3682 4328 deinde

2142 4372 2413 4456 totum,
2443 4364 2587 4438 hoc
2628 4374 2742 4438 est
2775 4363 3275 4462 impossibile.
3315 4367 3395 4441 Si
3429 4377 3685 4444 tamen

2142 4479 2598 4575 intelligitur
2615 4481 2818 4577 quod
2846 4504 3023 4578 pars
3048 4482 3144 4555 sit
3165 4484 3499 4558 medium
3521 4495 3689 4560 tan-

2142 4619 2377 4693 quam
2419 4596 2610 4671 ratio
2657 4597 3001 4692 uniendi,
3069 4622 3224 4673 non
3294 4602 3520 4699 quod,
3580 4603 3688 4678 sic

2144 4714 2482 4789 concedo
2551 4714 2755 4812 quod
2815 4715 3195 4791 mediante
3264 4719 3524 4794 anima
3577 4731 3690 4796 est

2147 4833 2291 4908 ista
2326 4834 2535 4907 unio.
2575 4834 2918 4908 Primum
2958 4845 3190 4933 patet,
3228 4838 3511 4934 quiain
3547 4840 3693 4916 ista

2144 4952 2432 5026 unione
2467 4952 2657 5026 nihil
2701 4960 2815 5026 est
2871 4953 3210 5028 medium
3254 4957 3460 5054 quod
3496 4958 3693 5033 inter

2143 5068 2515 5162 Verbum,
2563 5078 2636 5143 et
2698 5077 2925 5143 totam
2990 5079 3342 5147 naturam
3413 5077 3695 5152 hunia-

2147 5208 2328 5257 nam
2415 5184 2822 5280 integram,
2879 5186 3062 5283 quia
3137 5188 3211 5260 id
3290 5200 3404 5264 est
3443 5193 3691 5289 primo

2147 5312 2634 5401 assumptum
2668 5313 2742 5379 et
2781 5312 3279 5402 personatum
3326 5333 3693 5406 persona·

2150 5419 2356 5493 litate
2398 5419 2661 5514 Verbi,
2698 5421 2904 5518 quod
2948 5421 3011 5496 si
3055 5422 3197 5495 sibi
3241 5425 3689 5527 dimittatur,

2143 5534 2391 5632 primo
2444 5546 2516 5611 et
2563 5561 2701 5635 per
2745 5562 2824 5611 se
2878 5549 3336 5635 personatur
3383 5549 3694 5644 propria

2145 5656 2745 5752 personalitate3
2828 5656 2962 5731 sed
3050 5666 3325 5734 natura
3400 5661 3697 5763 integra

3798 3290 3957 3341 tibus.

3769 4026 4004 4077 Medium

3776 4090 3973 4152 duplex

3775 4166 3881 4217 quo
3921 4156 3974 4202 et

3796 4215 3960 4279 quod.
