4295 6326
473 834 537 901 7.

345 951 423 1000 Ad
472 965 662 1001 secun-

435 1015 575 1064 dam.

697 413 825 481 632

701 602 999 687 oportet
1030 618 1204 667 eum
1244 594 1526 666 habere
1581 593 2115 685 intentionem,
2167 601 2246 664 ut

705 713 991 786 dictum
1027 722 1162 785 est.

800 832 910 904 Ad
997 832 1419 905 secundam
1518 821 1987 923 instantiam,
2079 831 2246 904 (lico

704 948 909 1045 quod
944 959 1506 1022 sacramentum
1547 973 1698 1021 non
1734 951 1979 1021 solum
2023 949 2249 1022 habet·

705 1088 977 1138 causas
1055 1065 1531 1150 intrinsecaS,
1602 1065 1731 1139 sed
1812 1065 2039 1138 etiam
2119 1089 2244 1138 ex—

704 1180 1076 1254 trinsecas
1112 1210 1129 1274 3
1171 1182 1359 1254 nihil
1405 1193 1656 1255 autem
1703 1191 1817 1254 est
1885 1182 2250 1254 intrinse-

705 1323 877 1373 cum
916 1309 1398 1373 sacramento
1477 1300 1847 1396 Baptismi
1920 1301 2254 1396 inquan-

610 1413 617 1420 ’
706 1424 864 1488 tum
904 1417 1077 1508 tale,
1157 1417 1304 1490 nisi
1383 1417 1720 1490 audibile
1779 1426 1851 1490 et
1919 1416 2247 1509 visibile,

402 2706 642 2756 Intentio

352 2775 438 2819 est
451 2769 648 2818 extrin-

357 2845 481 2882 seca
500 2845 681 2881 sacra-

412 2900 615 2945 mento,

394 4573 470 4625 Ad
497 4584 651 4635 argu-

436 4640 614 4684 menta

364 4696 678 4763 quaestionis

414 4762 635 4825 quintoe.

704 1533 969 1625 verba,
1017 1543 1089 1606 et
1158 1534 1449 1606 ablutio
1511 1535 1581 1605 in
1654 1559 1875 1631 aqua.
1963 1534 2256 1606 Praeter

707 1651 1125 1724 intrinseca
1205 1662 1686 1725 sacramento
1784 1658 2256 1724 concurrunt

709 1767 968 1863 aliqua
1024 1767 1198 1855 alia,
1273 1776 1351 1838 ut
1419 1792 1675 1840 causas
1772 1768 2248 1840 extrinsecoe.

710 1882 1158 1980 Requiritur
1199 1883 1403 1955 enim
1487 1883 1559 1955 in
1614 1884 2005 1980 Baptismo
2066 1884 2256 1956 sub-

700 1999 991 2096 jectum
1075 1998 1534 2095 suscipienS,
1612 2009 1690 2072 ut
1778 1999 2113 2084 materia,
2185 2009 2259 2072 et

713 2115 875 2212 ipse
932 2114 1390 2210 baptizatuS,
1466 2125 1537 2189 et
1601 2115 1759 2211 ipse
1825 2115 2251 2212 baptizanS,

715 2243 797 2304 ut
838 2255 1073 2304 causa
1097 2230 1437 2305 efficiens
1493 2234 1830 2305 humano
1894 2231 2144 2324 mode,
2185 2241 2258 2305 et

717 2371 805 2423 ex
882 2348 1359 2440 intentione3
1447 2349 1647 2422 unde
1743 2348 2065 2422 intentio
2145 2360 2258 2423 est

718 2467 846 2539 illa
880 2465 1149 2559 forma,
1196 2490 1350 2563 qua
1417 2466 1794 2540 ministrat
1850 2467 2252 2559 sacerdos,

715 2585 835 2656 vel
899 2584 1097 2656 alius
1184 2583 1581 2681 baptizans
1658 2592 2250 2657 sacramentum.

716 2701 1068 2774 Concedo
1105 2725 1286 2796 ergo
1339 2702 1540 2797 quod
1616 2701 1937 2774 intentio
1996 2702 2090 2773 sit
2132 2727 2257 2774 sa-

713 2829 1103 2892 cramento
1189 2843 1339 2892 non
1416 2819 1856 2908 intrinseca,
1924 2819 2054 2893 sed
2125 2844 2259 2891 ex-

717 2936 1071 3027 trinseca,
1109 2945 1181 3009 et
1242 2936 1341 3008 ita
1422 2936 1775 3032 sequitur
1834 2937 2037 3032 quod
2102 2961 2252 3008 non

714 3060 827 3125 est
859 3050 1145 3147 aliquid
1195 3052 1437 3148 ipsius
1482 3053 1937 3126 sacramenti
1991 3076 2260 3126 essen-

714 3169 1017 3243 tialiter.
1058 3170 1205 3243 Sed
1254 3185 1507 3244 tamen
1551 3182 1859 3269 propter
1905 3174 2045 3243 lioe
2103 3195 2258 3243 non

713 3286 1090 3382 sequitur,
1129 3310 1310 3381 ergo
1346 3310 1500 3359 non
1549 3287 1965 3384 requiritur
2007 3288 2097 3360 ad
2135 3311 2262 3359 sa-

713 3413 1187 3477 cramentum
1230 3432 1248 3495 3
1288 3405 1418 3478 secl
1464 3406 1840 3500 sequitur,
1887 3430 2069 3499 ergo
2105 3430 2257 3476 non

714 3519 1135 3615 requiritur
1217 3537 1296 3593 ut
1358 3521 1647 3617 aliquid
1759 3522 2257 3593 intrinsecum

714 3645 1226 3722 sacramento,
1284 3637 1415 3709 sed
1474 3647 1554 3710 ut
1629 3638 1917 3733 aliquid
1988 3638 2264 3711 extrin-

714 3773 1007 3822 secum.
1049 3750 1294 3822 Multa
1349 3750 1550 3821 ‹niim
1628 3752 2130 3847 requiruntur
2166 3751 2260 3823 ad

715 3866 1035 3963 aliquid,
1083 3890 1257 3963 quai
1321 3893 1472 3941 non
1538 3880 1713 3942 sunt
1777 3869 1867 3941 de
1929 3869 2264 3942 essentia

715 3984 949 4072 illiuS,
988 4008 1031 4057 a
1061 3985 1343 4081 quibus
1378 3985 1605 4059 etiam
1677 3986 1920 4080 magis
1969 3987 2264 4084 depen-

713 4101 863 4189 (let,
903 4124 1135 4197 quam
1174 4126 1217 4174 a
1266 4102 1520 4175 causis
1565 4103 2029 4195 intrinsecis,
2080 4104 2260 4200 quia

717 4218 1258 4291 universaliter
1315 4220 1557 4310 magis
1612 4220 2111 4316 requiruntur
2169 4220 2259 4293 ad

716 4335 1052 4433 aliquem
1089 4335 1436 4408 ess‘ectum
1509 4344 1762 4410 causa!
1811 4337 2260 4411 extrinseca)

717 4477 949 4550 quam
987 4453 1455 4526 inti-inserte.

816 4570 925 4642 Ast
991 4570 1365 4643 rationem
1433 4570 1751 4666 primam
1825 4570 2015 4649 (lieo,
2058 4571 2262 4665 quod

721 4688 951 4761 simul
996 4698 1141 4761 stat
1205 4688 1405 4784 qu‹5›‹l
1453 4689 1733 4784 aliquis
1773 4689 1866 4759 sit
1909 4688 2262 4773 infidelis,

723 4830 877 4878 non
913 4805 1205 4878 liabens
1248 4805 1472 4879 litlem
1542 4806 1898 4899 infusam,
1949 4831 2086 4878 nec
2144 4806 2264 4876 in-

724 4922 1143 4996 tentionem
1210 4921 1386 4994 sinis
1440 4922 1912 5020 principaliS,
1986 4946 2123 4996 nec
2187 4922 2260 4993 in

726 5039 1172 5131 universali,
1216 5039 1464 5112 necin
1532 5039 1998 5137 particulari,
2038 5050 2108 5112 et
2168 5050 2267 5111 ta·

725 5180 894 5229 men
942 5156 1145 5252 quod
1190 5157 1463 5230 habeat
1504 5157 1729 5229 Iidem
1776 5167 1847 5229 et
1908 5156 2266 5230 intentio-

723 5297 897 5347 nem
1007 5284 1359 5370 respectu
1449 5274 1651 5367 linis,
1725 5275 1845 5347 vel
1951 5273 2263 5347 effectus

725 5393 983 5465 minus
1047 5393 1518 5491 principalis,
1565 5404 1637 5468 et.
1714 5394 2122 5491 propinqui
2186 5395 2262 5466 in

724 5510 1169 5583 universali.
1222 5511 1471 5584 Potest
1509 5511 1711 5585 enim
1764 5536 2110 5608 paganus
2143 5512 2265 5583 in-

729 5626 1037 5701 tendere
1092 5652 1225 5724 per
1280 5629 1755 5725 Baptismum
1831 5628 2263 5704 adscribere

2078 414 2320 482 LIBRI
2367 415 2482 486 IV.

2359 594 2818 690 baptizatum
2866 596 2960 670 ab
3030 619 3120 669 eo
3165 603 3392 669 sectae
3443 591 3908 667 Christiano·

2359 735 2556 799 rum,
2632 721 2702 785 et
2750 723 2994 787 tamen
3077 738 3231 786 non
3303 711 3699 786 intendere
3767 709 3906 781 ad-
3985 726 4199 776 Infidetis

2359 829 2692 903 scribere
2737 855 2911 903 eum
2963 830 3141 904 {iliis
3182 829 3396 925 regni
3468 839 3539 903 et
3606 827 3900 924 gratiae,
3937 798 4220 933 dffgsiffiss.

2361 946 2542 1041 quia
2619 956 2976 1020 neutrum
3065 947 3385 1020 istorum
3492 943 3901 1020 effectuum
3935 923 4222 1035 befissn'ffin'

2361 1064 2598 1136 eredit
2667 1064 3130 1161 baptizatum
3210 1088 3435 1163 posse
3531 1063 3904 1160 consequi
3962 1050 4200 1162 ΜΡὲξξη·

2363 1204 2498 1277 per
2594 1181 3086 1278 baptismum.
3179 1183 3658 1280 Exemplum,
3759 1206 3905 1278 ego

2363 1321 2676 1392 possum
2712 1297 3045 1393 aliquem
3097 1298 3455 1372 Judaeum
3500 1297 3909 1372 circumci-

2366 1413 2572 1505 dere,
2611 1414 2930 1487 credens
3007 1415 3211 1510 quod
3275 1414 3773 1488 Circumcisio
3814 1415 3915 1488 sit

2367 1530 2672 1625 signum
2736 1531 3294 1629 adscriptitium
3346 1532 3490 1626 legi
3532 1530 3908 1623 Judaicae,

2369 1647 2540 1720 lieet
2581 1672 2735 1721 non
2780 1649 3084 1722 credam
3136 1649 3279 1723 sibi
3333 1672 3468 1746 per
3506 1648 3695 1722 illud
3738 1671 3916 1723 con-

2369 1763 2544 1839 lerri
2603 1771 2954 1860 gratiam,
3031 1789 3170 1839 nec
3202 1764 3435 1838 vitam
3505 1755 3909 1839 aeternam.

2368 1883 2649 1957 Eodem
2699 1882 3052 1980 modos-si
3101 1884 3432 1980 legerem
3502 1881 3644 1957 ista
3679 1885 3918 1959 verba

2369 2023 2504 2096 per
2545 2023 2718 2095 quoe
2761 1999 3333 2073 Necromantici
3367 1999 3915 2075 adscribuntur

2369 2115 2715 2189 servituti
2807 2114 3134 2202 Diaboli,
3196 2139 3509 2212 possum
3599 2118 3912 2192 credere

2370 2232 2572 2328 quod
2609 2256 2743 2328 per
2796 2232 2938 2305 ista
2984 2232 3222 2305 verba
3281 2232 3562 2330 aliquis
3612 2234 3913 2330 obliga-

2369 2356 2491 2420 tur
2578 2346 2928 2438 Diabolo,
3006 2348 3180 2420 licet
3256 2371 3406 2421 non
3493 2348 3727 2422 sciam
3816 2351 3910 2424 ad

2371 2486 2596 2559 quem
2635 2460 2987 2534 effectum
3022 2463 3547 2559 principaliter
3595 2464 3914 2561 signan-

2370 2582 2551 2653 dum
2587 2580 3012 2654 instituitur
3043 2605 3086 2653 a
3117 2581 3467 2656 Diabolo.

2465 2700 2574 2771 Ad
2646 2697 2852 2771 aliud
2921 2698 3116 2787 dice,
3180 2699 3383 2795 quod
3438 2699 3563 2774 ille
3631 2699 3912 2775 dicitur
4001 2710 4197 2760 Adm-

2370 2815 2747 2905 ebriosus,
2785 2813 2917 2910 qui
2960 2822 3073 2887 est
3113 2824 3466 2888 assuetus
3507 2816 3601 2889 ad
3657 2816 3912 2891 ebrie-
3942 2778 4128 2886 efflui}
4147 2777 4214 2907 ἐξ.

2371 2939 2627 3021 tatem,
2669 2929 2838 3004 licet
2880 2953 3033 3000 non
3106 2929 3201 3001 sit
3263 2938 3434 3003 actu
3504 2930 3791 3025 ebrius,
3838 2942 3912 3006 et
3943 2901 4221 3014 tesssfraepp·

2370 3048 2540 3120 talis
2577 3047 3106 3144 nonnexistens
3148 3056 3317 3120 actu
3364 3046 3622 3121 ebrius
3664 3059 3914 3145 potest

2372 3165 2779 3262 baptizare,
2806 3163 2986 3261 quia
3020 3163 3863 3241 liabet'usum-rationis
3891 3196 3910 3261 3

2371 3282 2431 3356 si
2476 3282 2676 3355 enim
2714 3292 2913 3355 esset
2954 3281 3240 3367 ebrius,
3266 3281 3341 3354 in
3377 3290 3669 3356 tantum
3706 3284 3914 3381 quod

2371 3423 2522 3471 uon
2568 3398 2885 3471 haberet
2923 3422 3146 3471 usum
3219 3399 3567 3493 rationis,
3607 3424 3746 3475 nec
3809 3402 3920 3474 in-

2370 3515 2821 3607 tentionem,
2859 3516 3072 3588 nullo
3136 3517 3358 3590 modo
3429 3528 3684 3616 posset
3732 3527 3920 3593 tunc

2373 3630 2633 3705 ebrius
2673 3632 3086 3728 baptizare,
3135 3644 3363 3707 utens
3398 3643 3647 3709 tamen
3696 3635 3922 3710 ratio-

2373 3773 2468 3823 ne
2503 3759 2575 3823 et
2618 3749 3039 3824 intentione
3075 3751 3330 3825 debita
3374 3762 3623 3851 potest
3661 3754 3919 3852 bapti-

2373 3889 2569 3940 zare.

2916 4123 3268 4180 SCHOLIUM
3311 4123 3380 4179 11.

2444 4275 2678 4346 Requiri
2711 4279 2767 4329 et
2797 4275 3059 4330 sustinere
3094 4275 3474 4331 intentionem
3507 4274 3807 4332 virtualem
3859 4280 3921 4332 in

2370 4362 2722 4433 baptizante,
2776 4374 2830 4417 et
2902 4363 3052 4417 hanc
3104 4364 3373 4420 sufficere
3422 4367 3491 4420 ad
3538 4365 3811 4422 meritum
3862 4372 3924 4424 et

2305 4486 2314 4493 -
2369 4454 2758 4520 Martyrium;
2808 4459 2864 4507 ct
2912 4454 3069 4521 ponit
3119 4454 3448 4525 exemplum
3500 4455 3678 4525 hujus
3735 4456 3924 4513 inten-

2373 4540 2568 4606 tionis,
2599 4547 2655 4595 et
2683 4541 2954 4609 actualiS,
2989 4549 3046 4597 et
3070 4542 3405 4613 habitualis,
3440 4544 3510 4600 de
3541 4561 3656 4618 quo
3686 4549 3741 4602 2.
3777 4548 3917 4604 dist.

2373 4630 2460 4685 41.
2498 4636 2553 4684 et
2587 4631 2634 4683 si.
2668 4630 2801 4685 dist.
2836 4631 2886 4685 4.
2922 4640 3121 4701 quaest.
3156 4633 3207 4685 4.

2472 4806 2580 4879 Ad
2651 4807 3064 4881 secundam
3139 4811 3675 4906 quaestionem,
3744 4814 3918 4890 dico
4089 4856 4150 4921 3·

2377 4924 2577 5021 quod
2614 4923 2935 4998 intentio
2974 4928 3486 5003 communiter
3550 4930 3921 5006 dividitur
3948 4972 4234 5023 Admm„

2376 5042 3042 5140 perintentionem
3114 5049 3489 5121 actualem
3561 5058 3632 5121 et
3692 5050 3918 5125 habi·
3997 5032 4230 5155 qffiffif‘*

2377 5158 2690 5250 tualeni,
2732 5168 3091 5254 tanquam
3130 5184 3265 5257 per
3305 5161 3764 5238 sufficientia
3795 5166 3920 5238 di-

2374 5276 2743 5349 videntia.
2792 5276 2978 5349 Dico
3049 5288 3301 5353 tamen
3364 5282 3567 5377 quod
3636 5295 3921 5381 praeter

2376 5394 2878 5466 intentionem
2917 5397 3293 5469 actualem
3333 5397 3588 5473 stricte
3647 5425 3925 5501 sump-

2375 5523 2557 5605 tam,
2606 5536 2756 5610 qua
2789 5512 3078 5610 aliquid
3139 5516 3539 5591 actualiter
3579 5517 3919 5595 intendi-

2377 5641 2526 5725 tur,
2591 5641 2662 5704 et
2724 5641 3003 5728 praeter
3070 5632 3540 5709 habitualem
3612 5639 3916 5735 proprie
