4295 6326
1399 453 1627 523 DIST.
1678 454 2001 525 XXVIII.
2056 455 2476 536 QUAESTIO
2526 461 2762 533 UNlC.
3128 524 3160 538 a

3547 463 3668 530 13‘1

909 999 2253 1208 DISTINCTIO
2391 1013 3223 1217 XXVIII.

860 1699 1261 1777 QUAESTIO
1321 1702 1609 1769 UNIGA.

461 1866 705 1931 Utrum
765 1864 1062 1933 liberum
1122 1867 1500 1937 arbitrium
1558 1869 1710 1938 sine
1764 1874 1998 1958 qratia

576 1974 796 2060 possit
836 1994 1074 2043 cavere
1114 1996 1155 2044 a
1194 1977 1478 2047 mortali
1507 1989 1798 2068 peccato
1828 1979 1868 2045 ?

448 2161 516 2217 D.
550 2161 761 2218 Thom.
803 2179 841 2218 1.
886 2165 939 2219 2.
968 2170 1161 2235 quaest.
1196 2167 1316 2222 109.
1352 2177 1546 2239 quoest.
1577 2169 1631 2223 3.
1668 2170 1720 2226 4.
1754 2175 1803 2226 et
1844 2171 1896 2225 8.
1942 2188 1972 2228 e

520 2232 610 2290 htc
637 2244 823 2318 quaest.
854 2235 906 2288 2.
941 2242 1048 2291 art.
1083 2252 1121 2290 1.
1154 2236 1219 2292 D.
1257 2239 1563 2295 Bonavent.
1595 2248 1703 2296 art.
1728 2258 1767 2297 ι.
1794 2253 1990 2314 quoest·

517 2306 572 2360 2.
599 2305 865 2363 Richard.
899 2313 1007 2363 art.
1035 2323 1073 2363 ι.
1107 2318 1296 2379 quaest.
1323 2328 1360 2365 1.
1409 2315 1460 2366 et
1494 2311 1547 2367 3.
1592 2311 1746 2382 Vaga
1795 2325 1970 2386 quaest

521 2378 608 2433 13.
649 2377 717 2433 de
734 2379 921 2449 justis.
955 2387 1170 2434 suarez
1197 2382 1252 2435 3.
1284 2381 1348 2437 de
1368 2382 1548 2438 auxil.
1582 2400 1703 2455 cap.
1751 2386 1802 2438 2.
1856 2397 1908 2442 et
1949 2403 1987 2442 ι.

515 2458 662 2517 part.
695 2459 851 2505 tract.
879 2451 933 2504 2.
963 2452 1064 2506 tib.
1087 2451 1140 2507 2.
1164 2469 1217 2506 a.
1241 2468 1361 2524 cap.
1399 2454 1455 2511 9.
1493 2455 1654 2526 Vasq.
1690 2472 1728 2510 1.
1760 2457 1988 2530 22disp.

519 2520 640 2574 198.
684 2526 736 2576 et
773 2522 891 2575 199.
940 2522 1178 2594 Gregor.
1229 2525 1316 2580 hic
1361 2529 1556 2597 quaest.
1589 2544 1625 2582 1.
1659 2536 1767 2581 art.
1799 2545 1837 2586 1.
1871 2529 1990 2585 Du·

520 2592 687 2647 rand.
737 2602 927 2664 quaest.
968 2594 1021 2648 3.
1076 2596 1306 2650 Heni-ic.
1357 2598 1539 2668 quodi.
1592 2599 1645 2655 9.
1679 2602 1985 2670 quaesiu-

516 2662 786 2720 Bellarm.
824 2665 919 2722 tib.
959 2667 1015 2722 5.
1050 2669 1125 2721 de
1151 2675 1297 2735 9rat.
1330 2678 1383 2724 et
1416 2669 1513 2724 lib.
1548 2670 1748 2727 arbitr.
1780 2688 1901 2744 cap.
1934 2675 1986 2728 6.

514 2744 564 2790 et
593 2736 648 2792 7.
681 2736 887 2792 Scotus
921 2739 982 2793 in
1012 2739 1191 2796 oxon.
1225 2738 1332 2794 hic.

213 2947 275 3011 1,
543 2916 762 2991 Circa
802 2919 1027 2993 istam
1079 2921 1648 2999 distinctionem
1707 2928 1989 3023 vigesi-

92 3064 288 3125 Argum
335 3063 384 3118 ι,
449 3057 648 3109 mam
691 3048 1040 3113 octavam
1085 3042 1465 3137 quaeritur
1512 3067 1526 3117 ε
1577 3044 1847 3120 Utrum
1892 3046 1992 3121 li-

448 3152 712 3229 berum
768 3154 1176 3232 arbitrium
1215 3160 1382 3235 sine
1436 3161 1689 3259 qratia
1744 3165 1994 3261 possit

448 3294 714 3345 cavere
740 3296 786 3346 a
804 3280 1118 3370 peccato
1153 3275 1539 3353 mortali?
1584 3276 1803 3366 Quod
1849 3281 1983 3371 sic,

449 3388 541 3461 ad
611 3389 832 3462 Rom.
903 3390 969 3463 1.
1029 3391 1303 3467 Gentes
1384 3395 1553 3468 sine
1614 3394 1775 3493 leqe
1844 3396 1996 3472 sibi

449 3511 668 3578 erant
700 3503 826 3579 tea:
867 3534 887 3599 3
924 3507 1158 3604 igitur
1190 3509 1355 3583 sine
1398 3511 1567 3607 lege
1614 3514 1992 3588 cavebant

448 3631 849 3717 peccatum
884 3647 1020 3720 per
1052 3625 1380 3700 liberum
1423 3628 1852 3702 arbitrium.

547 3740 730 3813 Item
766 3738 835 3813 3.
878 3741 969 3815 de
1006 3742 1245 3816 libero
1297 3744 1642 3839 arbitriO,
1696 3748 1993 3843 Augus-

452 3856 680 3950 tinus,
753 3856 1012 3932 παίζω
1068 3867 1341 3956 peccat
1404 3862 1706 3958 quando
1798 3864 1991 3960 facit

444 3971 651 4069 quod
707 3973 951 4047 vitare
1028 3997 1182 4047 non
1252 3982 1502 4072 potest
1536 4004 1562 4059 ,·
1628 3977 1861 4073 igitur
1921 3979 1982 4052 si

441 4111 595 4161 non
630 4088 870 4185 possit
901 4089 1140 4164 vitare
1186 4114 1321 4188 per
1378 4091 1703 4166 liberum
1777 4092 1985 4167 arbi-

442 4206 886 4300 trium,non
923 4218 1172 4305 potest
1211 4232 1531 4307 peccare
1592 4233 1729 4309 per
1794 4211 1984 4285 libe-

440 4345 608 4396 rum
653 4323 1080 4397 arbitrium.

536 4440 753 4534 Item,
796 4443 1208 4516 Anselmus
1240 4441 1332 4516 de
1362 4442 1600 4517 libero
1630 4444 1973 4531 arbitri0,

434 4581 498 4631 c.
537 4557 606 4631 3.
651 4558 1012 4633 Liberum
1046 4559 1452 4635 arbitrium
1495 4567 1607 4636 est
1640 4570 1978 4660 potestas

428 4676 794 4750 servandi
871 4677 1436 4768 rectitudinem,
1510 4689 1651 4753 etc.
1738 4681 1972 4777 igitur

430 4791 597 4889 ipso
626 4803 1070 4869 remanente
1104 4804 1352 4892 potest
1379 4794 1622 4871 vitare
1649 4796 1973 4895 obliqui-

152 3746 351 3795 Secun-

182 3810 330 3858 dum.

121 4464 369 4515 Tertium.

425 4916 685 4983 tatem.

522 5025 1002 5123 Oppositum,
1070 5029 1210 5103 iste
1274 5028 1414 5103 fuit
1525 5054 1738 5105 error
1820 5033 1968 5109 Pe-

419 5142 629 5237 lagii.

969 5404 1330 5463 SCHOLIUM
1374 5410 1417 5464 1.

484 5555 783 5612 Sententia
813 5554 1064 5624 Henrici,
1123 5574 1295 5630 posse
1351 5557 1597 5615 liberum
1654 5560 1958 5619 arbitrium

414 5642 543 5699 eine
572 5642 755 5714 gratia
787 5659 982 5701 cavere
1011 5645 1082 5700 ab
1116 5645 1274 5702 omni
1317 5651 1550 5719 peccato
1601 5647 1828 5704 mortali
1859 5668 1954 5708 ac-

2116 1469 2259 1525 tuali
2291 1471 2660 1544 disjunctive,
2696 1493 2810 1532 non
2845 1486 3035 1534 tamen
3067 1478 3411 1551 copulative.
3463 1486 3663 1541 Exem-

2117 1558 2278 1632 plum
2325 1562 2395 1617 de
2445 1563 2576 1619 navi
2630 1565 2937 1637 perforata,
2988 1568 3160 1639 cujus
3207 1569 3441 1641 singula
3520 1573 3668 1630 tora-

2117 1651 2279 1707 mina
2309 1653 2440 1725 quis
2472 1656 2997 1730 obturareffposset,
3032 1677 3145 1715 nou
3204 1661 3402 1717 omnia
3457 1664 3662 1739 simul,

2115 1741 2201 1797 sic
2231 1742 2301 1799 de
2334 1743 2540 1802 multis
2569 1748 3010 1807 tentationibus.
3045 1750 3493 1825 objicit-Doctor
3522 1772 3661 1813 con·

2114 1837 2200 1888 tra
2233 1832 2383 1890 hano
2415 1833 2745 1907 dupliciter.

2207 2005 2395 2081 Dico
2436 2010 2529 2082 ad
2564 2013 3069 2107 quaestionem
3121 2021 3325 2117 quod
3418 2023 3655 2101 vitare

3804 2055 3869 2119 2.

2104 2134 2503 2217 peccatum
2550 2136 2795 2224 potest
2825 2129 3148 2230 intelligi
3208 2137 3661 2236 dupliciter,
3684 2168 3977 2220 Peccatum

2105 2364 2348 2449 reatu,
2395 2358 2527 2454 qui
2590 2360 3051 2459 relinquitur
3116 2379 3289 2464 post
3354 2382 3606 2447 actum

2101 2469 2233 2566 qui
2276 2482 2387 2546 est
2421 2473 2586 2550 sine
2621 2486 2793 2550 actu
2846 2490 3056 2576 tunc,
3112 2494 3186 2557 et
3245 2498 3642 2582 peccatum

2104 2240 2224 2311 vel
2317 2242 2523 2337 quod
2594 2257 2988 2342 peccatum
3048 2253 3422 2351 accipitur
3506 2281 3644 2356 pro
3682 2231 4004 2360 ιέιῖῗξξέζὲῗι

3681 2356 3797 2408 sine
3824 2357 4000 2422 gratia

3620 2431 3640 2468 γ
3678 2419 3744 2469 de
3781 2425 3972 2484 poten-

3677 2481 3752 2532 tia
3779 2482 3998 2533 ordinu-

3676 2551 3746 2603 ια,
3776 2546 3868 2596 sed
3908 2546 3997 2596 be-

2100 2585 2477 2682 originale
2509 2590 2788 2667 dicitur
2826 2597 2975 2670 tale
3014 2623 3029 2681 ;
3082 2598 3143 2672 si
3188 2601 3390 2675 enim
3455 2628 3645 2679 con·
3699 2622 3766 2658 ¹³0
3796 2608 3861 2658 de
3889 2608 3979 2659 ¹²¹³·

2101 2703 2402 2779 sisteret
2462 2706 2539 2779 in
2619 2719 2793 2786 actu
2857 2722 3036 2788 tunc
3096 2716 3377 2814 elicitO,
3444 2734 3646 2798 esset

2101 2823 2427 2896 actuale.
2464 2824 2634 2898 Alio
2680 2828 2903 2903 modo
2944 2842 3193 2928 potest
3245 2836 3518 2935 accipi,
3567 2853 3647 2916 ut

2102 2936 2450 3012 consistit
2479 2939 2555 3013 in
2600 2952 2769 3017 actu
2809 2953 2991 3020 tunc
3025 2948 3422 3029 existente.
3476 2957 3647 3030 Pri-

2101 3075 2227 3126 mo
2261 3055 2516 3151 mod0,
2554 3056 2714 3131 sive
2777 3059 2852 3133 in
2894 3062 3143 3159 primo
3221 3077 3421 3146 statu
3489 3097 3643 3147 non

2099 3181 2350 3268 potest
2377 3172 2704 3249 liberum
2747 3179 3148 3256 arbitrium
3187 3186 3497 3265 viatoris
3531 3193 3648 3264 vi-

2100 3298 2262 3365 tare
2350 3303 2777 3390 peccatum,
2857 3295 2991 3373 sed
3078 3303 3223 3377 hoc
3319 3330 3473 3383 non
3534 3322 3649 3386 est

2100 3417 2412 3505 propter
2459 3410 3310 3510 incompossibilitatem
3378 3427 3645 3520 gratiae

2101 3527 2492 3621 etpeccati
2531 3528 2946 3605 habitualis
3012 3534 3457 3629 formaliter,
3539 3543 3644 3619 ita

2101 3638 2305 3734 quod
2339 3641 2661 3714 alterum
2699 3643 3008 3718 illorum
3051 3654 3486 3729 necessario
3521 3656 3644 3729 in-

2100 3753 2223 3847 sit,
2286 3756 2466 3851 quia
2536 3758 2731 3833 sicut
2764 3760 2836 3833 in
2910 3774 3110 3839 statu
3181 3767 3642 3849 innocentiae

2099 3869 2346 3943 caruit
2440 3873 2667 3948 homo
2771 3878 3269 3973 probabiliter
3335 3885 3411 3958 in
3501 3912 3641 3964 sua

2098 3985 2483 4062 creatione
2577 4001 2889 4086 peccato
2993 4005 3066 4070 et
3158 4000 3430 4096 gratia,
3531 4005 3638 4080 sic

2098 4110 2358 4196 posset
2437 4102 2645 4179 Deus
2705 4107 2931 4181 talem
3015 4120 3367 4187 naturam
3429 4140 3637 4194 nunc

2097 4239 2483 4315 reparare,
2534 4221 2706 4297 licet
2748 4246 2897 4297 non
2939 4225 3158 4301 saciat
3207 4231 3298 4305 de
3363 4245 3638 4331 poten-

2096 4332 2199 4407 tia
2230 4335 2604 4412 ordinata.
2678 4338 2861 4414 Haec
2913 4341 3147 4438 igitur
3231 4357 3344 4422 est
3402 4374 3635 4427 causa

2093 4468 2332 4544 quare
2367 4451 2693 4527 liberum
2731 4456 3126 4532 arbitrium
3165 4485 3317 4535 non
3353 4465 3634 4542 sufficit

2092 4565 2185 4637 ad
2221 4565 2614 4643 vitandum
2651 4582 3050 4669 peccatum
3081 4578 3328 4674 primo
3370 4584 3624 4679 modO,

2089 4683 2270 4780 quia
2314 4686 2537 4760 modo
2579 4710 2848 4764 omnes
2881 4702 3063 4765 sunt
3102 4695 3260 4767 nati
3292 4694 3428 4770 filii
3458 4699 3623 4795 irae,

2084 4800 2192 4874 act
2216 4802 2504 4899 Eplzes.
2561 4804 2630 4877 2.
2674 4804 2848 4881 ideo
2882 4831 3090 4884 nunc
3134 4812 3279 4886 nisi
3310 4816 3627 4915 recipiat

2082 4918 2404 5014 gratiam
2449 4932 2563 4995 est
2589 4921 2663 4995 in
2702 4934 3014 5020 peccato
3051 4954 3069 5020 ;
3102 4938 3176 5002 et
3214 4941 3619 5030 postquam

2080 5034 2405 5129 gratiam
2448 5048 2867 5134 receperat,
2926 5064 3079 5114 non
3141 5046 3388 5140 perdit
3454 5073 3618 5124 eam

2078 5151 2246 5225 sine
2280 5162 2592 5249 peccato
2625 5155 2953 5250 mortali,
3001 5167 3075 5232 et
3105 5166 3288 5234 tunc
3310 5186 3465 5237 nou
3494 5190 3622 5263 po-

2075 5274 2222 5340 test
2255 5266 2501 5342 redire
2533 5268 2699 5343 sine
2727 5271 2994 5366 gratia.
3053 5273 3199 5348 Sed
3257 5277 3618 5375 Pelagius

2077 5383 2386 5479 negavit
2425 5384 2800 5480 originale
2860 5400 3256 5483 peccatum
3301 5392 3378 5466 in
3437 5419 3616 5493 par-

2073 5500 2300 5574 vulis.

2169 5624 2280 5699 De
2342 5636 2651 5723 peccato
2749 5630 3088 5704 secundo
3162 5633 3417 5728 modo,
3530 5648 3609 5711 ut

3741 2671 3929 2722 soluta.

3768 5661 3831 5730 3.
