4295 6326
610 395 734 460 166

601 566 841 660 dolor,
887 591 1063 642 cum
1136 567 1440 643 tristitia
1507 566 1603 640 sit
1669 565 1747 639 in
1809 548 2152 663 appetitu

600 682 982 780 superiori
1030 683 1378 770 interius,
1421 683 1640 756 dolor
1678 682 1752 754 in
1812 680 2151 755 inferiori

602 799 962 875 exterius.
1035 801 1336 888 Quanto
1407 799 1642 895 igitur
1726 798 1969 895 major
2037 807 2154 872 est

602 915 1002 992 delectatio
1073 916 1150 989 in
1213 917 1552 1015 appetitu
1640 914 2020 1013 superiori
2070 913 2149 985 in

599 1032 1176 1108 inconvenienti
1278 1056 1513 1131 quam
1601 1032 1676 1105 in
1774 1030 2146 1124 inferiori,

598 1158 809 1224 tanto
854 1151 1102 1249 major
1141 1158 1256 1225 est
1288 1149 1596 1224 tristitia
1636 1171 1867 1246 quam
1901 1148 2143 1222 dolor.

600 1268 786 1341 Cum
857 1267 1093 1365 igitur
1158 1269 1458 1341 nullum
1556 1266 1898 1341 dolorem
1967 1289 2151 1341 sen-

598 1384 816 1478 tiant,
854 1384 1285 1460 secundum
1327 1383 1876 1481 Augustinum‚
1915 1382 2150 1480 igitur

598 1525 741 1577 nec
773 1502 1183 1579 tristitiam.

1122 1767 1486 1825 SGHOLIUM
1528 1767 1617 1825 IX.

668 1914 984 1972 Solvuntur
1016 1931 1115 1987 per
1145 1915 1421 1988 optimam
1454 1913 1779 1971 doctrinam
1837 1930 2144 1985 argumen-

589 2015 654 2071 ,ιη
694 2012 902 2080 quoest.
934 2022 973 2063 1.
1006 2008 1144 2065 dist.
1176 2008 1265 2062 30.

332 2239 418 2305 24
694 2188 806 2263 Ad
890 2190 1223 2288 primum
1355 2189 1776 2288 principale
1870 2191 2140 2288 primoe

240 2356 321 2405 Ad
369 2290 480 2421 „⁸5
517 2360 561 2406 1,
597 2308 1076 2405 quaestionis,
1112 2332 1289 2383 cum
1320 2307 1601 2381 dicitur
1644 2331 1659 2381 ε
1723 2306 2138 2382 Peccatum

139 2422 144 2439 ’
236 2431 287 2483 q·
325 2423 368 2469 ¹·
403 2419 559 2471 d·³⁰·
595 2426 705 2500 ita
737 2425 1289 2518 voluntarium,
1338 2435 1481 2499 etc.
1545 2424 1715 2499 dico
1774 2425 1981 2521 quod
2021 2449 2142 2499 vo-

590 2541 1009 2617 luntarium
1054 2549 1302 2640 potest
1353 2540 1623 2639 accipi,
1668 2563 1821 2638 qua
1878 2549 1991 2615 est
2056 2540 2135 2614 in

584 2659 1008 2747 voluntate,
1046 2667 1121 2732 et
1159 2657 1269 2731 sic
1311 2656 1703 2754 quodlibet
1733 2665 2127 2754 peccatum

585 2784 700 2850 est
731 2775 1282 2868 voluntarium,
1328 2774 1512 2871 quia
1569 2772 1966 2871 quodlibet
2022 2782 2137 2848 est

585 2894 664 2967 in
696 2895 1093 2966 voluntate
1153 2891 1579 2966 secundum
1650 2890 2127 2979 Anselmum‚

585 3034 751 3107 cap.
787 3009 857 3081 4.
896 3008 989 3083 dc
1036 3006 1396 3106 Concept.
1461 3007 1748 3104 Virqin.
1816 3006 1895 3080 Si
1929 3006 2134 3082 acci-

584 3126 1371 3226 piturvoluntarium,
1404 3124 1610 3223 quod
1677 3123 1909 3199 estin
1989 3149 2130 3224 po-

583 3251 852 3319 testate
928 3242 1373 3336 voluntatis,
1463 3264 1616 3315 non
1735 3240 2130 3338 quodlibet

583 3372 980 3461 peccatum
1112 3368 1228 3435 est
1304 3359 1854 3451 voluntarium,
1947 3369 2127 3434 ωηο

585 3479 894 3577 quando
926 3487 1040 3553 est
1070 3488 1497 3576 peccatum,
1540 3499 1685 3551 nec
1742 3477 1968 3550 etiam
2013 3486 2127 3550 est

585 3597 661 3669 in
731 3603 1102 3694 potestate
1170 3595 1403 3667 illius.
1487 3592 1635 3667 Sed
1731 3591 2128 3689 quodlibet

584 3724 981 3813 peccatum
1023 3721 1137 3787 est
1177 3711 1251 3783 in
1296 3718 1666 3809 potestate
1706 3709 2125 3783 voluntatis

583 3843 795 3925 ωηο,
839 3831 962 3904 vel
1003 3828 1243 3927 prius»,
1288 3836 1362 3903 et
1401 3829 1545 3901 hoc
1613 3826 1685 3898 in
1755 3835 2123 3923 potestate

584 3973 751 4042 sua,
787 3949 909 4022 vel
952 3945 1264 4021 alterius
1339 3942 1759 4018 voluntatis
1806 3970 1825 4037 3
1889 3952 1964 4017 et
2016 3942 2125 4018 sic

584 4070 751 4144 dico
816 4067 1020 4164 quod
1082 4072 1473 4162 peccatum
1570 4062 1942 4158 originale
2047 4062 2122 4135 in

582 4186 905 4286 parvulo
947 4192 1062 4258 est
1121 4180 1674 4273 voluntarium,
1712 4202 1864 4253 non
1944 4179 2129 4276 quia

579 4315 763 4376 ωηο
794 4299 1042 4400 potuit
1074 4297 1292 4372 vitari
1359 4297 1453 4371 ab
1511 4295 1769 4394 aliqua
1842 4297 2126 4369 volun-

579 4428 729 4494 tate
802 4425 1084 4509 creata,
1150 4437 1290 4489 nec
1358 4413 1570 4511 prius
1637 4435 1681 4486 a
1731 4414 2125 4487 voluntate

581 4562 723 4612 sua
785 4535 917 4611 sed
946 4558 991 4609 a
1020 4535 1414 4607 voluntate
1447 4531 1656 4606 Adae.

229 4678 309 4726 Aa
343 4687 527 4725 secuu-
676 4594 787 4727 A’d
821 4650 1059 4744 aliud,
1096 4674 1269 4724 cum
1305 4648 1609 4742 dicitur,
1648 4647 1908 4722 nullus
1940 4673 2127 4748 pcc-

227 4739 550 4873 Nuiigissec-
581 4777 702 4846 cat
767 4771 850 4844 in
898 4793 982 4844 co
1051 4767 1258 4866 quod
1317 4766 1560 4840 vitare
1623 4788 1779 4839 non
1848 4773 2121 4864 potest,

232 4870 551 4992 qffidmvffi.
584 4888 753 4960 dico
796 4884 999 4982 quod
1048 4883 1111 4958 si
1154 4882 1630 4979 intelligatur
1683 4881 1888 4978 quod
1954 4883 2126 4955 nul-

233 5000 546 5113 {gnn‘gssp‘ffi‘
586 5008 708 5080 lus
783 5000 1183 5077 actualiter
1249 5007 1513 5097 peccat
1585 4998 1659 5070 in
1753 5021 1843 5073 eo
1920 5000 2123 5096 quod

295 5116 458 5166 ΜΨ·
583 5135 767 5199 ωηο
843 5121 964 5193 vel
1026 5117 1239 5216 prius
1301 5117 1544 5192 vitare
1614 5141 1764 5191 non
1846 5128 2121 5216 potest,

582 5237 950 5330 concedO,
1025 5245 1279 5308 tamen
1369 5233 1872 5329 originaliter,
1943 5235 2127 5332 quia

587 5357 866 5433 dicitur
927 5351 1173 5448 magis
1243 5350 1733 5425 habitualiter
1807 5376 2124 5449 peccare

588 5498 818 5573 quam
850 5469 1275 5561 actualiter,
1320 5476 1390 5542 et
1433 5467 1493 5542 si
1528 5477 1792 5566 peccat
1841 5492 2127 5566 parvu-

592 5591 713 5663 lus
744 5587 821 5660 in
855 5609 974 5679 en,
1019 5583 1225 5681 quod
1266 5582 1430 5680 ipse
1487 5582 1727 5658 vitare
1778 5605 1933 5656 non
1990 5608 2131 5682 po-

244 3628 521 3688 Quomodo

253 3697 533 3754 peccatum

260 3753 519 3817 originale

232 3822 313 3866 est
344 3817 532 3866 volun·

291 3878 505 3929 tarium.

2007 389 2249 460 LIBRI
2294 391 2381 461 11.

2270 573 2441 658 test,
2514 575 2767 641 tamen
2829 567 2923 641 ab
2979 567 3239 665 aliquo
3305 565 3497 640 illud
3566 561 3812 663 potuit

2263 679 2514 754 vitari.
2581 681 2800 757 Unde
2868 682 3128 756 Sancti
3198 684 3623 778 loquuntur
3688 701 3809 753 ex-

2263 796 2559 870 cessive
2601 806 2867 872 contra
2929 798 3333 873 haereticos
3390 793 3805 893 aliquando

2261 912 2341 986 in
2419 912 2877 988 declinando
2939 915 3247 1013 penitus
3336 913 3427 988 ad
3515 922 3808 987 contra-

2263 1030 2491 1123 rium,
2537 1040 2612 1105 et
2641 1041 2907 1107 contra
2967 1032 3372 1107 haereticos
3423 1031 3496 1104 in
3553 1038 3806 1105 extre—

2260 1169 2383 1219 ma
2417 1146 2781 1244 opinione
2821 1148 3052 1223 nimis
3084 1148 3471 1223 excessive
3512 1147 3805 1222 vadunt

2259 1263 2351 1337 ad
2395 1263 2621 1338 aliam
2659 1274 2980 1362 partem.
3041 1265 3412 1340 Similiter
3465 1264 3804 1362 loquitur

2256 1380 2738 1475 Augustinus
2778 1393 3043 1456 contra
3072 1381 3624 1475 Manichaeum,
3668 1380 3802 1478 qui

2257 1494 2515 1592 posuit
2544 1495 2878 1571 animam
2941 1498 3217 1571 malam
3259 1520 3305 1571 a
3368 1498 3566 1570 malo
3606 1496 3797 1590 Dec,

2256 1619 2331 1685 et
2361 1612 2568 1708 quod
2609 1635 2926 1688 necesse
2993 1612 3133 1688 fuit
3189 1614 3419 1687 talem
3477 1636 3800 1711 peccare

2253 1737 2564 1825 peccato
2628 1728 2936 1804 actuali.
3001 1730 3284 1804 Contra
3371 1729 3563 1804 illud
3618 1729 3802 1804 dicit

2251 1845 2733 1939 Augustinus
2772 1847 2977 1942 quod
3055 1844 3318 1920 nullus
3375 1852 3643 1944 peccat
3714 1847 3798 1920 in

2253 1983 2338 2034 co
2371 1962 2576 2058 quod
2594 1963 2838 2037 vitare
2877 1986 3033 2037 non
3064 1954 3337 2061 potest}

2346 2078 2460 2151 Ad
2492 2080 2701 2154 aliud
2729 2103 2904 2154 cum
2966 2079 3246 2154 dicitur
3301 2104 3316 2155 ε
3374 2080 3583 2154 Deus
3634 2104 3790 2153 non
3887 2106 4102 2159 adter-

2249 2207 2539 2294 peccat,
2621 2220 2761 2272 nec
2858 2210 3243 2297 parenteS,
3321 2198 3490 2273 dico
3584 2198 3790 2295 quod
3823 2171 4125 2305 ‚oniifflcio

2250 2321 2647 2409 peccatum
2689 2312 3062 2410 originale
3120 2314 3229 2387 sic
3288 2313 3546 2406 intrat,
3583 2313 3789 2410 quod
3821 2298 4123 2423 ‚agagi-

2247 2427 2452 2503 filius
2480 2439 2597 2503 est
2626 2429 2924 2504 debitor
2981 2429 3301 2527 justitiae
3368 2429 3788 2527 originaliS,

2248 2555 2322 2619 et
2351 2570 2507 2619 non
2550 2546 2779 2621 habet
2811 2569 3007 2620 eam.
3054 2546 3410 2621 Debitum
3477 2546 3709 2621 intrat
3749 2570 3795 2620 a

2244 2659 2407 2734 Deo
2444 2660 2832 2756 obligante
2874 2685 3146 2736 omnes
3185 2660 3415 2756 filios,
3461 2661 3595 2736 sed
3661 2685 3794 2736 ca-

2246 2777 2491 2852 rentia
2529 2778 2761 2852 intrat
2801 2800 2939 2876 per
2989 2779 3259 2872 Adam,
3298 2788 3379 2852 ut
3444 2802 3583 2876 per
3620 2802 3795 2853 cau-

2242 2917 2404 2967 sam
2495 2893 3065 2969 demeritoriam
3168 2917 3308 2992 per
3391 2904 3790 2993 peccatum

2242 3035 2469 3085 suum
2516 3014 2839 3097 actuale,
2886 3022 2957 3086 et
3013 3012 3322 3109 quando
3392 3022 3562 3088 actu
3630 3037 3790 3087 non

2241 3127 2441 3203 inest
2496 3127 2796 3226 justitia
2854 3128 3254 3225 originalis
3321 3130 3439 3204 vel
3511 3128 3784 3226 gratia,

2238 3248 2382 3322 hoc
2415 3257 2554 3335 est,
2600 3247 2783 3345 quia
2852 3248 3063 3322 Deus
3134 3271 3290 3321 non
3360 3248 3489 3322 dat
3563 3271 3786 3347 prop-

2235 3370 2351 3436 ter
2380 3362 2832 3438 demeritum
2877 3363 3099 3461 primi
3135 3364 3499 3461 parentis,

2332 3480 2640 3573 Contra,
2686 3480 2996 3577 quando
3039 3478 3355 3554 effectus
3386 3489 3524 3569 est,
3562 3504 3781 3579 opor-

2234 3604 2337 3671 tet
2368 3620 2677 3672 causam
2720 3620 2917 3691 esse,
2962 3596 3278 3672 effectus
3335 3597 3542 3673 enim
3602 3623 3779 3696 par-
3837 3607 4064 3658 Causam

3925 3494 4035 3561 25.

2233 3715 2602 3802 ticularis,
2648 3724 2723 3790 et
2775 3715 2848 3787 in
2909 3725 3112 3808 actu,
3148 3715 3376 3789 simul
3446 3726 3560 3790 est
3599 3740 3770 3790 cum
3823 3676 4099 3785 τὶῗιῗίῑιῖἷι

2234 3854 2545 3924 causa3
2627 3833 2861 3929 igitur
2962 3857 3135 3907 cum
3242 3834 3383 3909 iste
3461 3833 3776 3910 effectus
3805 3800 4130 3972 :ggiitilartii'

3977 3936 4006 3971 Θ
4050 3936 4131 3974 80·

2233 3971 2441 4021 ηηηο
2480 3949 2728 4046 primo
2762 3956 2901 4042 est,
2940 3950 3084 4023 hoc
3128 3947 3287 4023 filio
3354 3960 3770 4046 generat03
3925 3986 4002 4036 ω,

2233 4064 2468 4161 igitur
2497 4074 2793 4163 oportet
2847 4089 3127 4164 ponere
3194 4090 3404 4141 nunc
3461 4091 3773 4143 causam

2233 4180 2307 4253 in
2346 4191 2546 4255 actu.

2331 4297 2517 4371 Dico
2586 4298 2789 4394 quod
2849 4322 3003 4372 non
3075 4308 3373 4397 oportet
3465 4323 3773 4376 causam

2236 4412 2700 4486 meritoriam
2769 4414 2889 4487 vel
2972 4413 3539 4489 demeritoriam
3608 4439 3775 4491 esse

2233 4540 2444 4624 tunc,
2480 4529 2791 4626 quando
2853 4529 3168 4605 effectus
3234 4541 3374 4624 est,
3430 4532 3562 4606 sed
3631 4536 3776 4608 hoc

2232 4657 2347 4721 est
2378 4646 2469 4720 de
2511 4668 2745 4720 causa
2797 4644 3223 4740 efficiente3
3260 4648 3458 4721 sicut
3515 4649 3776 4723 Chris-

2232 4772 2357 4838 tus
2423 4763 2769 4861 pendens
2835 4763 2911 4836 in
2994 4786 3222 4838 cruce
3309 4763 3450 4840 fuit
3542 4789 3777 4842 causa

2237 4877 2624 4954 meritoria
2682 4902 2889 4954 nunc
2956 4878 3444 4954 existentium
3533 4883 3779 4957 bono-

2234 5020 2399 5070 rum
2436 4993 2875 5088 effectuum,
2922 4994 3054 5091 qui
3097 5005 3280 5071 tunc
3336 5020 3493 5070 non
3526 5009 3771 5093 erant,

2232 5125 2306 5189 et
2384 5114 2460 5186 in
2521 5114 2799 5188 virtute
2868 5111 3248 5209 passionis
3323 5114 3778 5191 exhibendae

2235 5231 2620 5305 habebant
2683 5229 2895 5303 multi
2967 5229 3290 5325 gratiam
3362 5239 3771 5330 antequam

2233 5347 2581 5422 Christus
2612 5346 2981 5445 penderet
3010 5345 3088 5419 in
3124 5370 3375 5421 cruce.
3422 5348 3582 5424 Nec
3637 5373 3778 5424 va-

2235 5468 2337 5541 let
2395 5464 2676 5557 dicere,
2739 5462 2945 5561 quod
3022 5486 3180 5537 non
3271 5474 3523 5562 potest
3605 5490 3773 5542 esse

2233 5605 2468 5657 causa
2563 5578 2970 5666 meritoria,
3060 5583 3179 5655 vel
3282 5583 3773 5661 demeritoria
