4295 6326
654 399 781 467 548

1183 676 1534 734 senonum
1591 676 1661 734 11.

2074 390 2315 459 LIBRI
2354 390 2475 462 IV.

2402 564 2887 663 RespondeO,
2924 563 3087 639 sive
3129 561 3642 663 specificetur,
3689 561 3851 636 sive

2305 708 2490 774 non,
2562 684 2654 758 de
2697 706 2850 782 quo
2883 682 3073 758 alias
3102 684 3150 776 ⁶,
3186 683 3356 758 dieo
3400 682 3605 782 quod
3676 681 3852 755 licet

3881 686 3979 737 ’In
4008 688 4057 737 2.
4083 688 4135 738 d.
4160 689 4205 740 1.

3973 766 4006 814 q
4068 756 4095 801 7

721 826 983 898 Explicat
1014 826 1165 882 clare
1198 826 1485 899 quomodo
1517 827 1956 882 Sacramentum
1990 822 2070 879 sit
2100 837 2200 893 per
2306 804 2451 876 hoc
2484 826 2640 874 non
2672 800 2770 874 Sit
2808 800 3172 898 possibile
3224 801 3596 875 relatione
3631 798 3843 882 reali,
3878 790 4206 865 aalaiio'n-

3880 878 4043 926 tionis
4078 891 4188 927 una

647 934 710 973 se
744 934 923 973 unum
949 919 1005 971 in
1040 917 1261 973 ratione
1291 918 1467 989 signi,
1500 922 1557 972 et
1586 917 1635 972 si
1685 914 2004 971 materialia
2060 917 2202 969 sunt
2309 917 2601 992 scilicet
2643 916 2848 1015 quod
2904 914 3072 1015 ipsa
3103 915 3199 990 Sit
3243 939 3422 1009 una,
3460 924 3533 990 et
3574 913 3852 988 sunda..
3879 946 4061 1011 powg,
4090 955 4205 991 eeu

648 1007 892 1063 diversa.
930 1008 1092 1062 Unde
1124 1007 1381 1076 resolvit,
1430 1010 1873 1062 Sacramentum
1923 1020 2052 1061 esse
2101 1005 2198 1059 de-

651 1095 871 1151 finibile
925 1096 994 1152 ad
1058 1096 1295 1153 modum
1349 1097 1738 1153 secundarum
1780 1094 2202 1160 intentionum,

649 1187 787 1258 quia
840 1187 1010 1243 babet
1067 1202 1251 1259 genus
1309 1192 1365 1242 et
1426 1186 1782 1242 differentias
1842 1201 1945 1241 suo
2006 1184 2200 1241 modo.

647 1275 936 1347 Secundo,
965 1276 1131 1333 affert
1177 1276 1579 1333 definitionem
1628 1276 1986 1332 Sacramenti
2037 1291 2202 1330 eam·

652 1382 765 1438 que
793 1367 1047 1438 exponit.
1097 1367 1312 1437 Tertio,
1369 1367 1622 1423 ostendit
1686 1381 1851 1422 auam
1906 1364 2202 1421 definitio·

655 1472 787 1512 nem
838 1471 953 1511 non
1004 1455 1236 1513 differre
1292 1456 1354 1511 in
1404 1472 1465 1512 re
1513 1456 1584 1512 ab
1632 1454 1737 1512 illa
1787 1455 2071 1528 Magistri,
2103 1454 2204 1510 sed

659 1546 819 1603 illam
851 1544 1076 1603 clarius
1111 1561 1420 1621 exponere.

446 1756 510 1822 6,
764 1735 953 1810 Dico
995 1735 1086 1809 de
1151 1758 1231 1809 re
1299 1733 1707 1830 importata
1757 1755 1894 1831 per
1937 1731 2212 1805 Sacra-

329 1872 603 1922 Articulus
663 1858 1032 1947 mentum,
1089 1861 1321 1927 restat
1378 1851 1632 1926 videre
1675 1850 1877 1925 circa
1943 1872 2213 1924 secun-

351 1939 597 2061 nisss'umt
666 1971 877 2064 dum,
942 1994 1040 2044 an
1115 1970 1421 2045 realitas
1480 1967 1986 2061 Sacramenti,
2085 1965 2211 2039 cui

311 2062 603 2173 Ἒῗῑῗξζξζ
667 2087 1030 2184 competit
1136 2089 1302 2161 haee
1396 2086 1834 2183 descriptio,
1934 2084 2214 2158 habeat

373 2185 582 2313 ssffissiiff
672 2227 902 2277 unam
969 2202 1495 2278 definitionem
1534 2204 1575 2275 ἱ)
1613 2203 1783 2276 Non
1853 2201 2058 2276 enim
2102 2223 2213 2275 se·

665 2320 953 2416 quitur,
991 2321 1193 2419 quod
1236 2320 1299 2395 si
1346 2319 1825 2418 significetur
1878 2344 2030 2394 uno
2073 2342 2214 2391 no-

668 2437 901 2530 mine,
957 2447 1029 2512 et
1089 2437 1370 2511 habeat
1422 2435 2014 2533 descriptionem
2077 2457 2213 2509 ex-

666 2554 1127 2651 primentem
1172 2553 1356 2652 quid
1386 2553 1750 2645 nominiS,
1796 2552 2003 2648 quod
2044 2575 2211 2649 pro-

660 2679 829 2765 pter
869 2671 1014 2743 hoc
1055 2669 1154 2742 sit
1196 2692 1435 2743 unum
1481 2667 1909 2743 secundum
1944 2689 2209 2741 essen-

660 2787 870 2880 tiam,
906 2786 1029 2861 cui
1087 2786 1449 2884 competit
1480 2784 1788 2884 proprie
1830 2783 2202 2859 definitio.

656 2904 783 2978 Sic
817 2904 1023 2980 enim
1083 2904 1303 2998 Ilias,
1357 2904 1560 3000 quod
1631 2900 2016 2998 significat
2049 2924 2205 2975 uno

656 3019 973 3095 nomine
1036 3020 1324 3096 bellum
1382 3018 1824 3116 Trojanum,
1891 3016 2208 3092 haberet

655 3162 890 3214 unam
967 3136 1525 3213 definitionem.
1636 3135 1934 3211 Dicitur
2019 3158 2203 3231 ergo

658 3256 862 3354 quod
900 3280 1055 3331 non
1099 3255 1330 3330 habet
1364 3279 1594 3330 unam
1638 3251 2196 3343 definitionem,

647 3372 833 3469 quia
864 3396 1022 3446 non
1059 3370 1447 3469 significat
1489 3395 1626 3469 per
1665 3393 1746 3445 89
1790 3391 2059 3443 unum.

742 3490 1052 3582 Contra,
1097 3489 1158 3563 si
1206 3512 1451 3562 unum
1484 3486 1842 3562 accidens
1884 3493 2087 3561 esset
2117 3483 2198 3556 in

645 3605 951 3680 duobus
1011 3605 1403 3702 subjectis,
1458 3615 1536 3679 ut
1596 3627 1752 3677 una
1803 3602 2075 3677 albedo
2114 3600 2196 3673 in

644 3723 951 3798 duabus
1005 3721 1594 3820 superficiebuS,
1666 3721 1919 3796 adhue
1994 3727 2199 3794 esset

645 3865 779 3938 per
831 3865 914 3915 se
961 3863 1201 3915 unum
1264 3837 1686 3932 definibile,
1751 3837 1933 3935 quia
2000 3835 2193 3909 nihil

643 3968 849 4033 esset
911 3958 1344 4056 impediens
1416 3956 1785 4031 unitatem
1851 3955 2018 4050 ejus
2067 3977 2196 4028 98-

641 4073 1075 4167 sentialem,
1121 4073 1247 4147 cui
1281 4095 1585 4169 semper
1637 4069 1999 4169 competit
2056 4069 2195 4142 de·-

643 4190 939 4286 finiti03
985 4192 1116 4267 sed
1151 4191 1422 4266 relatio
1485 4188 1714 4287 signi,
1778 4212 2010 4286 quam
2044 4187 2195 4259 im-

638 4320 892 4409 portat
923 4309 1511 4385 Sacramentum
1553 4307 2066 4383 essentialiter
2097 4304 2190 4378 ad

638 4427 991 4524 gratiam,
1059 4438 1140 4502 ut
1187 4427 1604 4524 signatum,
1667 4436 1783 4501 est
1846 4447 2002 4498 una
2069 4446 2195 4497 98-

639 4546 1094 4640 sentialiter,
1143 4545 1320 4620 licet
1381 4545 1849 4643 quandoque
1920 4543 2193 4620 tunda-

646 4671 901 4737 menta
928 4661 1079 4736 sint
1112 4662 1333 4758 plura
1357 4659 1783 4753 sensibilia,
1829 4684 2002 4758 quae
2037 4684 2191 4735 non

643 4789 996 4855 statuunt
1027 4779 1460 4854 secundum
1516 4801 1596 4852 se
1635 4802 1877 4853 unum
1934 4779 2193 4877 aliquo

650 4896 877 4970 modo
912 4894 1471 4986 essentialiter3
1520 4918 1706 4989 ergo
1750 4894 2197 4971 Sacramen-

650 5023 811 5085 tum
883 5021 1259 5109 quantum
1328 5011 1421 5085 ad
1517 5034 1741 5084 suum
1805 5010 2192 5107 signatum

650 5129 1089 5221 essentiale,
1125 5138 1233 5201 est
1272 5150 1405 5224 per
1446 5151 1525 5200 89
1572 5125 1990 5200 definibite.

748 5246 1001 5331 DiceS,
1038 5245 1242 5342 quod
1270 5267 1424 5316 non
1467 5253 1580 5317 est
1613 5243 1976 5339 possibile
2007 5245 2198 5318 rela-

649 5365 937 5439 tionem
998 5387 1166 5438 9889
1231 5384 1491 5449 unam,
1554 5371 1627 5435 et
1695 5363 2197 5437 fundamenta

645 5505 814 5556 9889
851 5482 1102 5579 plura,
1163 5504 1337 5553 cum
1407 5478 1817 5554 relationes
1885 5477 2197 5578 specifi-

645 5610 919 5672 centur
949 5623 1041 5672 ex
1084 5595 1628 5671 fundamentis

2310 1043 2570 1109 menta
2608 1034 2857 1130 plura,
2908 1058 3059 1107 non
3101 1044 3358 1109 tamen
3401 1041 3515 1107 est
3565 1032 3852 1129 impos-

2310 1150 2529 1225 sibile
2575 1150 2667 1224 de
2718 1150 3087 1224 relatione
3137 1149 3481 1224 rationis.
3519 1148 3714 1223 Nam
3748 1146 3856 1221 si-

2313 1277 2442 1342 cut
2469 1266 2825 1341 videmus
2878 1266 2953 1340 in
3007 1267 3305 1341 actibus
3366 1264 3729 1339 humanis
3787 1273 3860 1339 et

2315 1383 2557 1482 signis
2616 1384 2710 1457 ad
2774 1383 3169 1482 placitum,
3252 1384 3455 1481 quod
3525 1381 3861 1455 circulus

2283 1509 2633 1576 ornatus
2723 1500 2924 1575 foliis
3001 1500 3377 1575 viridibus
3473 1521 3863 1597 appensus

2318 1618 2623 1712 bacu10,
2687 1626 2761 1692 et
2818 1641 2993 1692 cum
3064 1616 3328 1693 multis
3367 1616 3679 1709 talibuS,
3752 1625 3866 1690 est

2318 1734 2626 1831 signum
2709 1734 3239 1832 expressivum
3305 1733 3568 1828 musti,
3629 1743 3708 1807 ut
3765 1733 3869 1807 si-

2319 1852 2559 1947 gnati,
2596 1851 2802 1949 quod
2833 1861 3082 1926 tamen
3122 1860 3459 1926 mustum
3520 1860 3634 1924 est
3665 1850 3739 1922 in
3787 1873 3867 1924 89

2323 1996 2594 2059 unum,
2654 1972 2830 2047 licet
2889 1971 3199 2069 signum
3269 1970 3436 2068 ejus
3509 1971 3871 2044 fundetur

2321 2087 2397 2159 in
2443 2088 2747 2162 realiter
2787 2088 3139 2175 diversis,
3185 2087 3288 2162 ita
3327 2097 3573 2185 potest
3603 2088 3870 2160 volun-

2318 2216 2436 2281 tas
2470 2206 2733 2280 divina
2771 2230 2908 2305 per
2939 2216 3192 2280 actum
3254 2230 3481 2281 suum
3526 2215 3861 2280 statuere

2321 2322 2747 2398 orationem
2853 2323 3162 2419 longam
3280 2346 3447 2397 esse
3554 2323 3860 2417 signum

2324 2440 2555 2514 unius
2590 2439 2695 2514 rei
2724 2449 2797 2514 et
2820 2439 3086 2536 gratiae
3106 2439 3621 2531 conferendae,
3659 2439 3864 2535 quod

2319 2556 2756 2631 intellectus
2796 2565 3045 2654 potest
3096 2580 3251 2630 uno
3311 2564 3686 2652 conceptu
3742 2554 3867 2627 in-

2316 2671 2662 2767 telligere
2703 2695 2840 2768 per
2870 2670 3088 2753 illud,
3122 2693 3299 2768 quae
3333 2680 3584 2744 tamen
3618 2670 3862 2744 oratio

2321 2786 2559 2861 multa
2598 2787 2906 2861 realiter
2945 2784 3332 2883 significat
3384 2796 3458 2860 et
3507 2785 3856 2877 includit,

2320 2913 2402 2978 ut
2463 2905 2806 2980 diversas
2875 2904 3248 2980 dictiones
3314 2904 3436 2979 vel
3516 2903 3859 2979 diversas

2314 3022 2726 3108 orationeS,
2768 3023 3147 3098 sumendo
3194 3022 3530 3120 syllabas
3590 3022 3863 3095 dictio-

2314 3166 2528 3215 num.
2572 3139 2711 3216 Vel
2753 3150 3002 3237 potest
3047 3148 3381 3217 statuere
3422 3141 3646 3238 plura
3679 3163 3860 3214 sen-

2312 3257 2596 3351 sibilia,
2671 3267 2754 3330 ut
2840 3258 3339 3351 elementum,
3406 3267 3481 3332 et
3535 3257 3858 3331 verbum

2309 3397 2477 3450 9889
2515 3399 2754 3449 unum
2797 3374 3105 3472 signum
3148 3375 3456 3472 signati,
3508 3375 3711 3472 quod
3746 3385 3861 3449 est

2307 3489 2722 3564 invisibilis
2753 3491 3020 3587 gratia,
3082 3491 3177 3564 ad
3239 3513 3472 3588 quam
3535 3491 3860 3565 refertur

2307 3607 2676 3682 relatione
2712 3607 3032 3682 rationis
3065 3631 3245 3694 una,
3285 3607 3460 3681 licet
3492 3608 3857 3680 fundetur

2306 3725 2380 3797 in
2419 3724 2708 3819 multis,
2743 3748 2838 3799 ex
2869 3725 3154 3823 quibus
3197 3748 3351 3798 non
3405 3735 3653 3822 potest
3685 3723 3851 3799 fieri

2304 3867 2441 3940 per
2472 3867 2552 3918 se
2596 3866 2869 3917 unum.

2401 3959 2551 4034 Sed
2583 3968 2930 4058 potestne
2982 3959 3594 4053 Sacramentum,
3640 3961 3843 4057 qnod

2303 4077 2684 4174 significat
2735 4078 2955 4152 istam
3006 4079 3454 4153 relationem
3529 4079 3846 4154 rationis

2302 4195 2396 4269 ad
2439 4194 2791 4270 effectum
2840 4195 3135 4291 gratiae,
3173 4195 3472 4271 definiri
3512 4196 3552 4269 ¹?

2405 4311 2857 4408 Respondeo
2935 4312 3140 4410 quod
3210 4336 3365 4386 non
3436 4314 3686 4387 solum
3767 4337 3841 4385 ιη

2302 4427 2568 4526 primis
2610 4428 3161 4502 intentionibus
3228 4429 3847 4526 significantibus

2303 4567 2430 4619 res·
2457 4555 2692 4634 extra,
2731 4554 2844 4618 est
2886 4545 3328 4643 praedicatio
3370 4570 3507 4643 per
3565 4569 3645 4621 se
3700 4547 3851 4645 pri-

2307 4685 2428 4734 mo
2466 4661 2717 4754 mode,
2752 4661 2990 4735 sedin
3018 4663 3518 4760 conceptibus
3557 4663 3848 4760 signifi·

2304 4777 2658 4852 cantibus
2730 4801 2849 4851 res
2929 4778 3293 4853 secundae
3363 4779 3841 4855 intentionis.

2306 4895 2417 4969 Ita
2448 4894 2654 4969 enim
2691 4917 2826 4991 per
2874 4918 2954 4968 se
2987 4905 3100 4968 est
3131 4897 3298 4969 haec
3343 4919 3358 4969 ε
3394 4894 3710 4993 Species
3743 4903 3855 4971 est

2301 5035 2540 5109 qenus
2574 5011 2675 5085 ad
2703 5009 2983 5084 multas
3020 5011 3335 5107 species,
3391 5011 3590 5086 sicut
3649 5016 3845 5105 baec,

2303 5131 2526 5204 homo
2560 5135 2671 5203 est
2693 5126 3012 5222 animal,
3049 5128 3126 5201 in
3161 5154 3301 5203 suo
3335 5130 3631 5223 ordine,
3670 5132 3854 5228 quia

2309 5247 2476 5319 haec
2528 5244 2849 5319 intentio
2910 5245 3275 5339 secunda,
3320 5245 3610 5321 scilicet
3683 5271 3856 5345 spe-

2307 5361 2485 5453 cies,
2523 5360 2753 5434 hahet
2793 5359 2938 5433 sub
2979 5383 3059 5434 se
3112 5362 3395 5435 multas
3427 5362 3723 5460 species
3781 5372 3857 5437 et

2307 5477 2685 5552 secundas
2748 5476 3241 5571 intentioneS,
3290 5478 3494 5552 sicut
3565 5479 3851 5553 animal

2308 5593 2728 5686 hominem,
2765 5592 3097 5681 asinum,
3131 5603 3204 5669 et
3234 5594 3678 5691 hujusmodi
3712 5627 3728 5688 ;
3776 5603 3851 5670 et

3882 1003 4207 1115 }⁰1ffi⁰2b⁰⁸

3907 1081 3937 1115 u
4023 1081 4053 1114 a
4114 1081 4209 1116 en-

4009 1130 4097 1179 tis.

4018 3970 4089 4034 7.

3880 4085 4096 4134 Resolvi
4120 4084 4208 4133 Sa·

3920 4160 4170 4196 eramen·

3940 4215 4082 4266 tum.
4116 4214 4169 4258 et

3771 4312 3784 4326 .
3875 4273 4044 4323 etiam
4064 4273 4209 4321 entia

3933 4336 4171 4385 rationis

3907 4404 4180 4461 quantum

3895 4463 3966 4510 ad
4002 4461 4181 4510 unita·

3909 4529 4025 4573 tem
4048 4537 4177 4573 cou-

3953 4593 4146 4649 ceptus

3905 4664 4070 4711 posse
4118 4661 4211 4710 per

3879 4725 3940 4760 se
3967 4712 4204 4761 definiri.
