4295 6326
667 345 795 414 228

669 515 843 590 alia.
942 516 1160 603 Quod
1272 515 1638 614 probatur
1731 511 1978 610 primo
2073 511 2212 606 sic,

576 634 583 642 '
668 632 852 729 quia
901 656 1074 706 cum
1137 633 1291 707 sint
1361 642 1516 706 tres
1594 629 1896 706 articuli
1967 628 2215 726 respi-

667 748 954 824 cientes
986 749 1337 823 distincte
1380 758 1533 823 tres
1586 769 1984 846 personas,
2033 768 2214 843 pos-

663 865 883 942 sibile
925 876 1039 942 est
1078 866 1413 964 aliquem
1464 888 1719 940 errare
1760 865 1836 938 in
1885 887 2037 937 uno
2098 887 2214 938 ar-

664 983 926 1078 ticu10,
973 995 1047 1061 et
1102 1010 1253 1060 non
1300 986 1373 1058 in
1410 984 1586 1074 ali0,
1624 991 1700 1057 et
1758 1005 1893 1080 per
1932 1003 2212 1055 conse-

666 1124 913 1199 quens
952 1125 1270 1200 peccare
1316 1101 1394 1174 in
1453 1123 1683 1175 unam
1764 1120 2202 1198 personam,

660 1226 734 1293 et
765 1241 918 1292 non
972 1218 1050 1291 in
1085 1219 1344 1311 aliam,
1390 1217 1573 1315 quia
1624 1216 1883 1291 habita
1922 1213 2204 1289 actuali

660 1334 1276 1409 consideratione
1335 1335 1429 1408 de
1474 1358 1651 1419 uno,
1683 1356 1835 1406 non
1904 1339 2204 1430 oportet

658 1452 858 1547 quod
927 1451 1302 1526 habeatur
1342 1450 1432 1524 de
1511 1450 1685 1524 alia.
1724 1450 1807 1522 In
1860 1448 2204 1545 qualibet

657 1577 914 1642 autem
955 1591 1285 1667 persona
1338 1566 1730 1641 invenitur
1789 1565 1981 1640 ratio
2034 1564 2202 1639 ulti-

658 1683 761 1756 mi
793 1682 998 1774 finis,
1032 1683 1213 1782 quia
1245 1681 1435 1757 ratio
1461 1681 1713 1756 omnis
1740 1680 1921 1755 boni
1958 1708 1976 1773 3
2013 1703 2197 1775 ergo

653 1800 758 1874 illi
797 1811 879 1876 ut
910 1802 1046 1895 sic,
1091 1811 1340 1902 potest
1379 1801 1546 1876 fieri
1607 1799 2034 1876 reverentia
2071 1799 2194 1875 vel

651 1918 1182 2005 irreverentia,
1219 1943 1376 1992 non
1446 1918 1705 1992 habita
1767 1915 2197 1991 considera-

651 2035 858 2111 tione
891 2037 980 2111 ad
1014 2038 1242 2111 aliam
1277 2059 1711 2135 personam.
1759 2034 1923 2108 Hoc
1990 2033 2195 2108 vide-

648 2160 774 2225 tur
827 2175 1054 2249 agere
1136 2152 1473 2226 Ecclesia
1512 2151 1585 2223 in
1657 2148 2040 2242 Collectis,
2110 2148 2188 2222 in

298 2275 621 2404 diffiffiegig·
652 2269 935 2368 quibus
975 2270 1054 2343 in
1107 2268 1261 2345 fine
1317 2268 1594 2343 dicitur
1630 2292 1644 2342 t
1680 2268 1841 2341 Per
1911 2268 2192 2341 Domi-

297 2403 595 2529 iigssssmpss‘ss
646 2410 831 2475 num
867 2394 1207 2463 nostrum
1262 2388 1529 2462 ,lesum
1577 2385 1992 2479 Christum,
2038 2394 2181 2458 etc.

649 2503 906 2578 Primo
966 2505 1172 2580 enim
1237 2504 1726 2603 praemittitur
1793 2505 2042 2589 Pater,
2090 2503 2184 2577 ad

644 2643 872 2717 quem
917 2622 1158 2696 oratio
1193 2620 1702 2695 communiter
1733 2619 2178 2717 porrigitur,

636 2746 711 2811 et
795 2737 868 2809 in
948 2737 1098 2812 fine
1184 2736 1662 2812 subnectitur
1729 2736 2173 2828 mediator-3

633 2878 816 2951 ergo
881 2856 1183 2930 videtur
1250 2855 1326 2927 in
1380 2855 1670 2929 orando
1738 2878 1956 2929 orare
2037 2855 2177 2929 dis-

633 2973 865 3048 tincte
898 2995 1130 3047 unam
1165 2995 1605 3070 personam,
1643 2982 1717 3046 et
1759 2995 1910 3046 non
1943 2972 2174 3046 aliam

630 3091 1053 3166 actualiter.
1091 3091 1255 3166 Hoc
1322 3089 1547 3165 etiam
1616 3099 1817 3189 patet
1893 3089 1972 3163 in
2044 3091 2175 3163 illo

630 3207 936 3307 Hymno
1010 3235 1025 3284 :
1111 3210 1301 3284 Veni
1407 3215 1704 3283 crealor
1798 3207 2168 3306 SpirilaS,

628 3334 770 3398 etc.
812 3324 943 3398 ubi
1006 3326 1245 3399 multa
1301 3335 1724 3421 ponuntur,
1784 3348 1959 3422 quae
2014 3350 2169 3399 non

627 3442 1131 3536 conveniunt,
1174 3442 1315 3516 nisi
1377 3443 1694 3541 Spiritui
1762 3452 2052 3537 sancto,
2090 3453 2173 3515 ut

623 3569 834 3656 puta,
871 3559 1077 3656 quod
1119 3559 1216 3633 sit
1264 3560 1578 3653 donum,
1615 3570 1688 3634 et
1719 3560 1892 3634 alia.

390 3713 453 3779 3·
721 3678 1221 3774 Item‚<magis
1288 3678 1713 3775 distinguiti
1751 3702 1784 3750 r
1838 3702 2169 3777 persona

270 3829 344 3879 1)e
374 3829 475 3879 120„-
510 3830 564 3880 ῃ,
623 3818 1019 3892 apersona
1060 3819 1290 3893 quam
1335 3795 1745 3870 essentiaa
1804 3820 2161 3894 persona,

269 3892 587 4019 ⁰{‘{⁰q·‚¹2·‚‘¹·
622 3914 805 4010 quia
873 3914 1069 3989 inter
1122 3937 1487 4011 personas
1577 3923 1689 3988 est
1785 3913 2163 4011 oppositio

269 4017 586 4067 Potes‘ffie
621 4028 965 4121 relativa,
1005 4052 1154 4101 non
1191 4040 1443 4101 aulem
1489 4027 1596 4102 sic
1656 4028 1855 4101 inter
1895 4051 2164 4100 essen—

270 4082 571 4131 considera·

270 4145 560 4256 “egrgfflgj
620 4145 801 4218 tiam
844 4156 916 4218 et
961 4168 1415 4242 personam3
1459 4144 1591 4218 sed
1643 4143 2005 4241 possibile
2048 4154 2162 4217 est

302 4268 555 4381 Pifssffssss·
617 4263 953 4359 aliquem
996 4270 1194 4335 stare
1257 4261 1331 4332 in
1392 4260 1670 4333 actuali
1714 4260 2160 4333 considera—

325 4344 552 4445 ffia'ffl
616 4378 823 4452 tione
866 4377 1149 4451 divinae
1183 4376 1566 4469 essentiae,
1603 4377 1790 4449 nihil
1825 4377 2158 4471 cogitan-

613 4494 708 4566 do
744 4494 834 4568 de
868 4519 1196 4591 persona
1228 4497 1341 4591 (ut
1390 4504 1593 4591 patet
1659 4495 1751 4568 de
1798 4494 2156 4567 Philoso-

611 4610 846 4707 phis),
877 4623 950 4685 et
981 4611 1088 4685 sic
1122 4611 1680 4685 considerando
1705 4611 2147 4704 essentiam,

608 4751 762 4799 non
819 4728 1377 4802 considerando
1446 4752 1883 4825 personam,
1929 4728 2152 4802 inve-

605 4844 900 4919 niretur
965 4845 1043 4918 in
1112 4868 1203 4920 ea
1260 4845 1450 4919 ratio
1508 4845 1710 4933 finis,
1765 4855 1839 4920 et
1894 4845 2149 4919 omnis

601 4963 812 5056 boni,
859 4972 932 5037 et
999 4987 1135 5062 per
1201 4987 1687 5061 consequens
1763 4963 2142 5048 essentiae,

600 5064 1048 5155 utessentia
1130 5090 1270 5173 est,
1308 5092 1556 5179 potest
1625 5083 1867 5156 facere
1939 5103 2140 5154 reve·

594 5198 949 5291 rentiam,
989 5222 1138 5270 non
1196 5198 1541 5272 faciendo
1610 5222 1959 5296 personae
2013 5220 2145 5271 ac-

595 5315 902 5389 tualiter
937 5343 955 5408 ;
1001 5339 1183 5411 ergo
1216 5316 1483 5390 eodem
1534 5317 1755 5390 modo
1798 5316 2141 5391 conside-

592 5431 833 5505 rando
858 5455 1266 5529 personam
1308 5455 1562 5517 unam,
1599 5456 1750 5505 non
1785 5432 2139 5506 conside·-

594 5546 833 5621 rando
867 5547 1118 5634 aliam,
1152 5558 1400 5646 potest
1461 5550 1703 5623 lacere
1774 5572 2137 5623 reveren-

296 2542 506 2587 somm,
538 2533 591 2580 et

358 2605 466 2642 non
499 2592 567 2642 ad

352 2668 557 2706 omnes.

2090 339 2330 414 LIBRI
2381 338 2464 409 ΙΙ.

2322 511 2503 586 tiam
2578 513 2707 588 uni
2809 538 3190 612 personae,
3278 540 3429 591 non
3521 512 3867 591 faciendo

2320 629 2538 703 alteri
2602 653 3007 728 personae3
3055 642 3129 707 et
3177 633 3286 707 sic
3363 658 3456 709 ex
3513 631 3863 730 opposito

2318 745 2565 822 facere
2609 748 3191 825 irreverentiam
3238 751 3369 825 uni
3430 749 3858 843 actualiter,

2318 873 2391 937 et
2423 887 2576 938 non
2620 867 2865 940 alteri.

2413 981 2560 1055 Sed
2622 982 2829 1057 dices
2887 984 3092 1081 quod
3155 1009 3305 1058 non
3373 995 3488 1060 est
3588 985 3696 1060 sic
3765 985 3857 1060 de

2313 1099 2691 1192 personis,
2737 1100 2935 1174 sicut
2966 1101 3057 1176 de
3093 1126 3423 1199 persona
3474 1112 3550 1177 et
3589 1115 3880 1176 essen-'

2313 1213 2441 1306 tia,
2487 1216 2669 1312 quia
2713 1241 3061 1314 personae
3124 1231 3306 1294 sunt
3370 1219 3850 1306 correlativa,

2310 1340 2384 1404 et
2422 1331 2856 1409 intellectus
2900 1361 3049 1411 non
3095 1347 3343 1434 potest
3399 1339 3683 1442 habere
3725 1359 3857 1411 ac-

2308 1454 2469 1521 tum
2539 1451 2742 1526 circ-a
2852 1475 3092 1526 unum
3187 1453 3849 1546 correlativorum‚

2309 1567 2452 1641 nisi
2500 1570 2776 1644 habeat
2844 1569 3047 1644 circa
3107 1570 3344 1664 aliud,
3378 1579 3449 1645 et
3516 1570 3626 1644 sic
3694 1594 3850 1643 non

2305 1694 2554 1783 potest
2595 1683 2757 1760 fieri
2803 1686 3234 1761 reverentia
3298 1688 3429 1760 uni
3472 1710 3849 1785 personae,

2305 1801 2451 1876 nisi
2486 1800 2616 1877 fiat
2651 1801 3036 1876 omnibus.

2401 1918 2548 1992 Sed
2609 1918 2754 1992 hoc
2855 1942 3003 1992 non
3059 1919 3288 2012 valet,
3347 1917 3530 2017 quia
3596 1942 3848 2017 quan-

2300 2044 2800 2132 tumcumque
2845 2034 2998 2110 sint
3036 2037 3517 2129 correlativa,
3585 2046 3842 2112 tamen

2298 2152 2500 2227 circa
2541 2162 2880 2227 extrema
2911 2164 3090 2227 sunt
3152 2152 3304 2228 duo
3372 2164 3586 2228 actus
3619 2154 3844 2228 intel-

2295 2268 2566 2359 lectus,
2612 2269 2810 2343 sicut
2867 2279 3072 2368 patet
3146 2271 3239 2346 de
3298 2271 3690 2346 accidente
3767 2278 3842 2345 et

2294 2383 2687 2481 subject03
2756 2385 2884 2483 qui
2946 2386 3151 2460 enim
3220 2387 3576 2482 intelligit
3652 2388 3843 2462 acci·
3901 2399 3908 2402 “

2294 2501 2512 2596 denS,
2550 2527 2700 2576 non
2738 2513 3048 2601 propter
3081 2507 3224 2578 hoc
3257 2505 3616 2601 intelligit
3647 2507 3838 2580 sub-

2280 2618 2571 2714 jectum
2676 2620 2941 2694 eadem
3048 2620 3593 2715 intellectione,
3658 2623 3836 2696 licet

2290 2745 2506 2810 actus
2537 2736 2905 2833 operandi
2947 2736 3043 2810 sit
3084 2761 3314 2811 unus.

2391 2855 2603 2948 ltem,
2667 2855 2893 2930 Pater
2957 2856 3101 2931 sub
3186 2856 3498 2931 nomine
3565 2857 3833 2932 Patri-s·
3996 2885 4066 2949 4,

2286 2993 2438 3043 non
2502 2970 2781 3044 dicitur
2819 2972 3269 3047 correlative
3323 2972 3417 3046 ad
3459 2972 3824 3070 Spiritum
3859 2997 4172 3075 Aetnamqu-

2283 3095 2632 3161 sanctum
2672 3112 2688 3173 ;
2731 3109 2913 3184 ergo
2947 3086 3152 3161 Patri
3221 3096 3468 3186 potest
3499 3087 3665 3165 fieri
3708 3112 3826 3163 re·
3857 3074 4199 3189 Βῖἶῖιῗῃῗυέῗ-

2281 3205 2628 3279 verentia
2694 3205 3121 3295 actualiter,
3196 3206 3370 3281 licet
3436 3230 3588 3281 non
3696 3205 3827 3280 fiat
3855 3190 4171 3301 322321'21

2281 3323 2680 3397 actualiter
2730 3324 3048 3421 Spiritui
3110 3334 3373 3398 sancto
3455 3353 3474 3417 ;
3545 3335 3617 3399 et
3714 3325 3822 3400 sic
3900 3313 4137 3437 ζζζιζζῇζ

2279 3439 2642 3537 possibile
2710 3449 2825 3515 est
2890 3442 3094 3537 quod
3186 3442 3585 3517 actualiter
3649 3442 3823 3539 quis
3855 3435 4163 3564 01‘3‘33'5·

2277 3567 2541 3653 peccet
2608 3556 2681 3629 in
2801 3581 3032 3631 unam
3127 3582 3565 3656 personam,
3664 3583 3818 3633 non
4082 3538 4095 3550 ⁵

2277 3674 2665 3769 peccando
2726 3675 3126 3750 actualiter
3204 3675 3280 3748 in
3352 3676 3607 3750 aliam.
3673 3677 3815 3751 Sed

2279 3789 2993 3865 tamenvirtualiter
3025 3814 3339 3866 necesse
3400 3802 3514 3866 est
3564 3793 3815 3890 ipsum

2273 3906 2636 4001 cogitare,
2684 3931 2854 3980 cum
2895 3907 3067 3981 facit
3107 3909 3613 3983 reverentiam
3654 3910 3813 4005 uni,

2271 4032 2456 4096 tunc
2488 4022 2693 4096 enim
2728 4023 3155 4098 virtualiter
3214 4024 3385 4098 lacit
3451 4049 3818 4101 reveren-

2270 4139 2452 4212 tiam
2517 4140 2755 4212 omni.
2809 4143 2899 4215 Et
2992 4141 3053 4215 si
3142 4140 3395 4215 eliciat
3476 4144 3812 4241 aliquam

2269 4256 2709 4353 opinionem
2791 4280 3190 4332 erroneam
3275 4259 3475 4335 circa
3582 4288 3811 4338 unam

2268 4397 2705 4471 personam,
2778 4374 3206 4448 virtualiter
3302 4376 3508 4450 elicit
3610 4381 3812 4456 circa

2266 4492 2773 4589 omnOS,quia
2812 4515 3074 4567 earum
3115 4501 3230 4566 est
3288 4518 3443 4568 una
3509 4495 3810 4573 bonitas

2263 4619 2336 4682 et
2412 4632 2562 4683 una
2654 4608 3056 4705 sapientia.
3120 4609 3292 4683 Non
3374 4621 3628 4687 tamen
3698 4624 3810 4689 est

2263 4748 2604 4816 necesse,
2705 4725 2766 4797 si
2862 4725 3259 4800 actualiter
3378 4739 3642 4826 peccat
3726 4733 3805 4806 in

2263 4865 2526 4934 unam,
2590 4841 2795 4938 quod
2882 4851 3143 4938 peccet
3223 4846 3624 4921 actualiter
3725 4849 3803 4923 in

2259 4960 2516 5035 aliam.

2354 5085 2494 5160 Sed
2529 5084 2671 5158 isto
2709 5084 2930 5159 modo
2973 5108 3123 5158 non
3195 5087 3567 5186 accipitur
3624 5115 3802 5188 pec-
3845 5083 4155 5208 3233&

2255 5190 2506 5276 catum
2554 5202 2628 5274 in
2701 5202 3067 5300 Spiritum
3110 5215 3490 5301 sanctum,
3533 5218 3613 5282 ut
3666 5212 3804 5284 sci·
3833 5209 4173 5322 ”garg-‘³‘

2254 5319 2733 5417 licetaliquis
2791 5330 3054 5418 peccet
3096 5321 3171 5394 in
3244 5322 3493 5422 ipsum
3537 5337 3611 5401 et
3644 5351 3793 5402 non
3827 5335 4170 5460 pgffiutgr}

2253 5435 2330 5508 in
2427 5436 2652 5509 aliam
2752 5460 3187 5533 personam.
3280 5438 3428 5514 Sed
3521 5442 3798 5520 dicitur

2251 5574 2568 5650 peccare
2636 5550 2712 5623 in
2776 5551 3144 5650 Spiritum
3224 5565 3574 5631 sanctum
3633 5584 3788 5635 non
