4295 6326
1452 398 1677 518 msr.
1730 452 1885 521 xx,
1940 452 2359 531 QUAEsTlo
2407 454 2495 522 11.

382 623 613 717 cisset,
715 646 965 721 neque
1061 622 1388 699 fuissent
1472 635 1656 700 tunc
1742 626 1901 702 nati

380 740 806 834 damnandi,
907 739 1082 816 licet
1155 740 1593 840 potuissent
1678 745 1903 821 dam-

379 859 554 932 nari.
1837 922 1840 927 .

197 976 242 1039 5·
453 977 564 1050 Ad
597 976 832 1064 aliud,
880 978 1215 1053 concedo
1244 978 1449 1077 quod
1494 979 1569 1052 in
1606 979 1899 1055 ratione

150 1088 301 1199 Ᾱῗωξῖ·
374 1116 642 1188 causae,
712 1095 1100 1190 potentius
1162 1101 1272 1169 est
1320 1093 1600 1169 bonum
1669 1121 1898 1194 quam

123 1213 341 1324 §ffbffffi
371 1209 704 1304 malum3
750 1221 1008 1286 tamen
1068 1212 1486 1309 aliquando
1542 1212 1897 1311 pluribus

136 1311 328 1449 affigat
367 1335 603 1423 potest
673 1352 910 1401 uuum
969 1328 1255 1401 malum
1324 1351 1602 1403 nocere
1662 1352 1894 1426 quam

277 1435 287 1447 ’
370 1467 596 1517 unum
678 1444 967 1518 bonum
1034 1444 1422 1542 prodesse.
1485 1445 1709 1519 Nunc
1769 1469 1897 1520 au-

361 1568 493 1633 tem
530 1570 697 1633 esto
758 1561 966 1659 quod
1019 1561 1257 1634 Adam
1320 1561 1679 1649 stetisset,
1753 1562 1895 1636 bo-

361 1698 528 1748 num
570 1700 797 1750 suum
848 1699 1001 1750 non
1047 1677 1312 1751 fuisset
1371 1699 1604 1751 causa
1666 1678 1894 1751 meri-

355 1792 535 1867 toria
581 1792 760 1867 boni
809 1791 972 1866 filii.
1027 1793 1164 1868 Vel
1207 1803 1452 1891 potest
1492 1793 1640 1868 dici
1684 1794 1890 1893 quod

352 1909 538 1983 sicut
585 1912 873 1985 malum
929 1911 1118 1986 Adae
1160 1911 1300 1985 fuit
1351 1912 1888 2010 dispositivum

351 2027 434 2101 ad
464 2027 1070 2123 damnationem,
1108 2040 1181 2103 et
1208 2053 1362 2103 non
1385 2029 1886 2125 necessitauS,

348 2145 517 2240 quia
561 2154 749 2220 tunc
790 2169 927 2245 per
967 2146 1153 2220 illud
1211 2148 1497 2221 malum
1564 2147 1889 2233 fuissent

348 2284 612 2337 omnes
644 2263 1106 2360 posteriores
1145 2263 1550 2357 obstinati3
1598 2264 1706 2338 sic
1748 2264 1889 2339 bo-

349 2388 555 2472 num,
625 2377 688 2452 si
744 2377 1104 2471 stetisset,
1178 2377 1444 2453 fuisset
1512 2377 1889 2477 dispositi-

348 2518 516 2567 vum
588 2494 684 2567 ad
751 2494 1076 2569 salutem
1120 2493 1486 2588 filiorum,
1545 2519 1698 2570 non
1766 2506 1886 2570 ta-

351 2632 507 2683 men
557 2633 799 2685 causa
839 2611 1340 2685 necessitans.

113 2744 291 2807 uqua-
428 2727 536 2800 Ad
606 2727 843 2821 aliud,
888 2727 1057 2801 dico
1143 2729 1347 2827 quod
1417 2729 1548 2802 illa
1616 2731 1885 2825 regula

108 2812 294 2941 §ciffi-0-
341 2844 796 2944 Philosophi
839 2847 1073 2920 habet
1106 2846 1549 2920 instantiam
1585 2846 1883 2923 univer-

108 2937 287 3046 3ξῖῗὲζῖ
334 2962 595 3036 saliter
635 2962 768 3035 :Si
795 2964 1272 3060 propositum
1314 2970 1423 3036 esi
1450 2987 1884 3061 causapro-

108 3060 289 3182 ἷζῗζζῗξξ
321 3079 585 3173 positi,
630 3085 708 3153 et
739 3080 1174 3177 oppositam
1234 3104 1464 3153 causa
1522 3080 1874 3177 oppositi,

143 3181 255 3233 Μ’·
334 3197 639 3290 quando
718 3223 954 3271 unum
1018 3199 1544 3297 oppositorum
1629 3208 1881 3297 polest

335 3317 651 3410 produci
730 3318 1085 3412 univoce,
1168 3327 1241 3392 et
1316 3318 1524 3392 aliud
1580 3327 1876 3392 tantum

330 3433 760 3529 aequiv‘oce,
815 3433 1014 3508 sicut
1082 3443 1286 3531 patet
1345 3433 1435 3506 de
1506 3434 1875 3531 qualitate

332 3549 814 3649 corruptibili
883 3560 956 3625 et
1020 3550 1608 3648 incorruptibili,
1692 3551 1876 3649 quia

327 3669 663 3762 qualitas
743 3667 1347 3765 incorruptibilis
1425 3667 1873 3766 producitur

325 3782 755 3878 aequivoce,
812 3783 1140 3882 qualitas
1181 3807 1362 3857 vero
1413 3783 1873 3880 corruptibi-

320 3899 405 3972 lis
458 3903 554 3976 ab
620 3910 901 3999 agente
964 3901 1353 3995 univoce3
1437 3926 1644 3976 nunc
1713 3926 1866 3977 non

317 4017 542 4110 valet,
594 4018 664 4093 si
754 4018 1083 4116 qualitas
1150 4019 1669 4116 corruptibilis
1728 4043 1868 4116 po-

318 4138 447 4205 test
502 4157 836 4208 causare
897 4134 1342 4231 qualitatem
1417 4135 1868 4233 corruptibi-

311 4248 480 4342 lem,
597 4250 842 4347 igitur
916 4250 1525 4349 incorruptibilis
1609 4251 1867 4326 incor-

311 4365 790 4461 ruptibilem,
867 4375 946 4440 ut
991 4368 1199 4441 calor
1240 4377 1486 4465 potest
1544 4391 1860 4442 causare

307 4483 698 4576 calorem3
745 4482 1070 4579 qualitas
1112 4494 1363 4559 autem
1412 4484 1865 4581 incorrupti-

309 4595 474 4671 bilis
518 4623 686 4672 non
732 4608 981 4696 potest
1019 4599 1368 4696 generari
1406 4601 1499 4674 ab
1541 4601 1692 4675 alia
1738 4601 1861 4674 in-

306 4717 825 4815 corruptibili,
861 4718 991 4792 sed
1033 4740 1077 4791 a
1118 4721 1280 4792 solo
1309 4718 1494 4793 Deo,

821 4960 1219 5038 QUAESTIO
1271 4963 1351 5028 11.

300 5143 551 5214 Utrum
605 5148 681 5213 in
709 5153 904 5215 statu
942 5146 1353 5215 innocentiae
1396 5145 1702 5234 fuissent
1739 5167 1856 5216 so-

376 5253 527 5319 lum
603 5253 733 5320 ille·
812 5255 1139 5337 generati
1214 5255 1343 5341 qui
1403 5255 1602 5322 modo
1685 5265 1854 5324 sunt

374 5359 622 5429 electi.

289 5593 350 5647 D.
381 5596 603 5652 Thom.
635 5613 675 5651 1.
707 5611 758 5666 p.
794 5614 846 5668 q.
872 5597 961 5650 62.
986 5613 1038 5651 a.
1072 5600 1125 5652 2.
1159 5596 1321 5670 Capr.
1356 5600 1406 5652 3.
1438 5598 1489 5652 d.
1523 5616 1556 5652 ι.
1603 5615 1653 5670 q.
1707 5615 1744 5653 ι.
1789 5616 1839 5654 α.

352 5667 406 5720 3.
441 5668 681 5723 Bassol.
715 5668 800 5722 hic
831 5683 885 5739 q.
917 5670 1067 5723 unic.
1100 5685 1152 5722 a.
1181 5669 1234 5723 3.
1287 5670 1501 5725 Arctin.
1565 5675 1621 5724 in
1654 5670 1838 5725 Genes.

430 5785 556 5839 Tou
617 5783 813 5838 xxm.

1995 631 2008 644 ⁶
2079 627 2180 696 fol.
2232 627 2354 683 454.
2400 630 2501 701 qui
2552 646 2686 685 cuin
2729 631 2999 686 omnibus
3050 632 3317 688 Scotietis
3363 640 3561 692 tenent

2083 699 2244 770 prius
2301 718 2334 755 a
2386 700 2500 758 Deo
2556 701 2801 757 volitum
2846 704 3108 760 ordinem
3147 705 3340 773 gratiae
3382 722 3557 776 quam

2081 775 2323 829 naturae.
2353 772 2508 828 Scot.
2544 773 2633 828 hic
2663 776 2722 828 in
2754 774 2990 831 Oxon.et
3018 776 3078 831 in
3109 777 3244 833 dist.
3276 776 3365 832 39.
3400 779 3555 835 e241.

2079 846 2129 896 et
2159 842 2212 898 3.
2237 842 2363 898 dise.
2395 845 2449 898 7.
2485 848 2677 917 quaest.
2710 846 2929 902 ultima.

2105 1089 2324 1176 Quod
2366 1115 2550 1166 non.
2610 1094 2886 1185 Prob0‚
2921 1098 3103 1194 quia
3130 1099 3346 1174 multi
3408 1099 3544 1175 filii

3477 465 3560 531 97

3707 1101 3772 1167 1.

2007 1205 2509 1303 reproborum
2546 1220 2725 1283 sunt
2764 1213 3034 1302 sancti,
3101 1224 3179 1288 ut
3220 1213 3353 1289 filii
3398 1218 3545 1291 Pa·
3573 1214 3893 1290 Adprgum.

2004 1346 2381 1419 ganorum
2418 1336 2539 1419 3et
2583 1327 2675 1402 de
2731 1340 2995 1404 sancto
3062 1331 3395 1408 Martino
3432 1337 3544 1411 le-

2003 1436 2209 1533 gitur
2239 1440 2443 1536 quod
2478 1452 2799 1516 matrem
2841 1447 3243 1541 convertit,
3301 1460 3374 1524 et
3404 1475 3544 1549 pa-

2006 1564 2191 1629 trem
2293 1557 2581 1632 dimisit
2663 1559 2740 1633 in
2832 1561 3309 1640 infidelitate.
3394 1568 3544 1643 Sed

2003 1669 2232 1745 iidem
2276 1671 2411 1745 filii
2454 1675 2889 1751 fuissentex
2932 1664 3219 1754 eisdem
3262 1706 3547 1781 paren-

1999 1786 2233 1881 tibus,
2261 1799 2335 1864 et
2365 1790 2474 1864 illi
2507 1804 2893 1889 parentes,
2942 1797 3072 1892 qui
3103 1799 3329 1873 modo
3364 1811 3545 1875 sunt

1999 1902 2369 2001 damnati,
2421 1932 2572 1982 non
2655 1910 2978 1986 fuissent
3043 1916 3342 2010 salvati,
3403 1919 3545 1992 etsi

1997 2020 2239 2094 Adam
2321 2048 2474 2097 non
2554 2040 3008 2124 peccasset3
3091 2031 3327 2128 igitur
3389 2057 3541 2108 non

1997 2138 2247 2211 solum
2310 2140 2447 2234 illi,
2521 2143 2651 2240 qui
2738 2145 2960 2219 modo
3030 2158 3210 2221 sunt
3288 2151 3536 2245 electi,

1999 2252 2323 2329 fuissent
2394 2257 2633 2354 geniti
2703 2260 2778 2333 in
2863 2272 3061 2337 statu
3164 2264 3541 2342 innocen-

1995 2368 2149 2443 tiae.

2092 2486 2308 2581 Item,
2346 2499 2526 2563 tunc
2568 2491 2889 2567 fuissent
2944 2518 3191 2572 mares
3256 2509 3328 2574 et
3391 2502 3533 2577 foe-

1994 2602 2226 2677 minae
2277 2603 2353 2676 in
2418 2630 2740 2681 numero
2804 2612 3115 2708 aequali,
3175 2615 3306 2691 sed
3372 2642 3525 2693 non

1991 2728 2104 2793 est
2172 2744 2486 2797 necesse
2557 2726 2763 2823 quod
2820 2751 3028 2803 nunc
3078 2731 3157 2803 in
3203 2755 3527 2810 numero

1990 2841 2268 2938 aequali
2305 2841 2456 2915 sint
2496 2866 2750 2918 mares
2790 2846 3011 2920 electi
3044 2857 3116 2921 et
3142 2848 3477 2927 soeminae
3511 2877 3526 2941 ;

1991 2957 2225 3053 igitur
2252 2982 2403 3032 non
2451 2959 2789 3059 soli,‡qui
2826 2986 3032 3038 nunc
3065 2975 3245 3039 sunt
3280 2969 3528 3064 electi,

1990 3074 2312 3150 fuissent
2390 3086 2598 3151 tunc.
2688 3079 2935 3178 Major
3002 3094 3234 3181 patet,
3351 3088 3536 3185 quia

1991 3201 2170 3266 tunc
2207 3193 2527 3268 fuissent
2560 3196 2778 3269 electi
2814 3200 3162 3295 producti
3196 3226 3336 3299 per
3365 3228 3532 3300 pro-

1988 3308 2500 3404 pagationem,
2576 3320 2649 3384 et
2730 3312 3052 3410 quilibet
3139 3316 3532 3416 implesset

1985 3421 2130 3494 hoc
2166 3432 2665 3520 praeceptum,
2711 3426 2988 3503 Genes.
3055 3429 3391 3507 Crescite
3461 3445 3533 3509 ec

1982 3536 2643 3635 multiplicamini,
2751 3550 2824 3615 et
2919 3547 3182 3622 nullus
3259 3549 3526 3625 fuisset

1983 3655 2442 3751 conjunctus
2485 3681 2659 3732 cum
2694 3660 2980 3757 aliqua,
3021 3664 3165 3738 nisi
3203 3665 3278 3739 in
3324 3668 3526 3744 linea

1982 3772 2304 3866 laterali,
2351 3773 2534 3871 quia
2591 3784 2856 3851 cont-ra
2918 3780 3163 3877 legem
3226 3795 3523 3861 naturae

1981 3888 2494 3988 fuitcopulari
2538 3893 2631 3966 ad
2685 3891 3013 3969 invicem
3076 3898 3377 3997 aliquos
3432 3903 3523 3977 de

1979 4006 2184 4081 linea
2215 4009 2674 4084 ascendente
2712 4039 2729 4104 ;
2761 4012 2959 4086 ideo‘
2991 4015 3230 4090 Adam
3298 4018 3360 4093 si
3398 4043 3524 4094 es-

1977 4131 2089 4195 set
2132 4144 2362 4215 nunc,
2424 4146 2573 4197 non
2657 4124 3039 4202 inveniret
3082 4132 3515 4225 mulierem,

1976 4263 2149 4315 cum
2239 4264 2391 4338 qua
2460 4253 2717 4340 posset
2776 4249 3257 4324 contrahere.
3360 4251 3518 4352 Nec

1974 4359 2242 4433 suisset
2272 4369 2455 4434 tuuc
2497 4360 2857 4457 bigamia,
2901 4365 3084 4461 quia
3119 4391 3257 4441 nec
3309 4393 3517 4443 nunc

1972 4484 2086 4548 est
2116 4476 2528 4569 laudabile,
2568 4500 2708 4551 nec
2750 4489 3059 4577 propter
3092 4484 3262 4576 hoc,
3309 4486 3513 4582 quod

1975 4616 2135 4666 mas
2194 4593 2488 4668 viveret
2546 4597 2747 4668 ultra
2811 4598 3230 4694 femellam,
3314 4613 3515 4678 esset

1969 4730 2283 4783 necesse
2358 4709 2562 4806 quod
2638 4723 2945 4810 caperet
3005 4715 3264 4812 aliam,
3330 4720 3514 4816 quia

1966 4824 2133 4922 ipsa
2202 4836 2460 4923 posset
2530 4826 2814 4902 vixisse
2875 4852 3283 4930 quousque
3348 4860 3511 4912 mas

1965 4942 2346 5039 explesset
2376 4952 2627 5017 actum
2660 4946 3209 5041 generationis.
3256 4949 3514 5026 Minor

1965 5067 2196 5155 patet,
2244 5058 2426 5156 quia
2469 5083 2604 5157 per
2636 5061 3005 5136 rationem
3048 5088 3203 5138 non
3259 5078 3508 5165 potest

1961 5175 2269 5271 probari
2332 5175 2537 5272 quod
2592 5200 2801 5251 nunc
2854 5182 3196 5276 aequales
3258 5207 3504 5260 mares

1958 5294 2385 5387 salvantur,
2415 5302 2489 5367 et
2513 5293 2871 5389 femellae,
2900 5297 3032 5370 sed
3054 5300 3271 5372 solus
3291 5300 3501 5376 Deus

1958 5407 2198 5482 novit.

2054 5526 2538 5624 Oppositum,
2575 5528 2800 5624 Greg.
2854 5529 2921 5601 4.
2979 5529 3248 5605 Moral.
3323 5557 3487 5632 cap.

1953 5643 2072 5716 36.
2117 5641 2216 5716 Si
2241 5645 2591 5740 primum
2622 5651 3033 5740 parentum
3091 5658 3491 5743 peccatum

3209 5796 3239 5846 7

3611 1292 3862 1342 primum.

3621 2520 3819 2573 Secun-

3649 2587 3798 2642 dum.

3584 5540 3795 5594 Contra.
