4295 6326
101 1579 183 1631 Au
225 1595 389 1645 qnar-

203 1649 334 1696 tum.

213 2303 324 2371 20.

120 2419 202 2471 Ad
234 2418 392 2484 quin-

191 2488 322 2534 tum.

145 3711 238 3762 Ad
269 3726 386 3763 sex-

193 3782 332 3827 tum.

1316 473 1543 542 DIST.
1593 471 1849 541 XXIV.
1901 467 2321 549 QUAESTlo
2365 468 2664 539 UNICA.

150 670 412 783 &uzac-
457 655 770 721 causata
819 656 999 721 sunt
1039 646 1729 746 incompossibilia,
1783 667 2002 742 opor-

103 799 233 867 ,ωε
269 795 394 845 sunt
455 770 560 837 tet
601 765 806 860 quod
834 767 954 840 vel
995 790 1251 841 causae
1295 766 1449 840 sint
1494 762 2006 862 incompossi-
2118 764 2321 860 quod
2394 764 2832 837 habuerunt
2907 755 3327 831 firmiorem
3389 769 3653 822 assen-

100 868 413 993 ἑῗῶῗέἓῗῗὲῗ

130 997 307 1034 681188
335 998 391 1034 ln

103 1047 404 1098 causando.

454 879 675 977 biles,
710 881 814 957 ita
880 885 1086 981 quod
1158 908 1312 958 una
1370 881 1692 959 destruit
1737 880 1995 972 aliam,

454 996 574 1070 vel
607 1020 759 1071 una
788 997 965 1073 facit
1023 1000 1228 1097 quod
1288 1000 1438 1074 alia
1494 1021 1649 1072 non
1705 1003 1991 1085 causet,

453 1112 518 1187 si
573 1114 670 1188 sit
725 1114 1018 1208 fortior,
1089 1118 1195 1192 ita
1253 1116 1457 1216 quod
1524 1113 1995 1213 impossibile

452 1228 550 1303 sit
589 1231 796 1326 quod
829 1233 1075 1307 ambae
1109 1242 1428 1308 causent
1472 1261 1490 1327 3
1529 1240 1603 1307 et
1633 1230 1741 1305 sic
1769 1237 1884 1305 est
1915 1227 1992 1300 in

450 1347 843 1443 proposito
877 1348 969 1423 de
1007 1348 1656 1424 demonstratione
1706 1355 1778 1421 et
1835 1345 1993 1443 syl-

451 1462 773 1559 logismo
815 1465 1244 1541 dialectico,

544 1581 657 1654 Ad
717 1581 927 1656 aliud
1029 1585 1238 1682 quod
1323 1584 1697 1681 arguitur,
1786 1581 1990 1679 quod

452 1697 745 1773 habens
847 1700 1340 1798 Theologiam
1458 1724 1613 1775 non
1719 1698 1993 1775 amittit

449 1811 707 1908 fidem,
790 1816 1206 1893 dicendum
1276 1818 1703 1894 secundum
1788 1838 1993 1914 prae-

449 1930 673 2022 dicta,
742 1936 945 2032 quod
1019 1936 1196 2011 licet
1281 1937 1558 2012 habeat
1645 1935 1987 2010 habitum

451 2048 895 2126 distinctum
940 2078 984 2128 a
1026 2052 1174 2129 fide
1211 2054 1491 2148 infusa,
1530 2078 1684 2129 non
1737 2062 1990 2128 tamen

451 2169 755 2266 proprie
786 2170 1215 2266 scientiam,
1252 2181 1336 2247 ut
1366 2171 1582 2270 prius
1631 2179 1862 2269 patet.

545 2286 659 2360 Ad
730 2288 965 2382 aliud,
1028 2290 1338 2387 quando
1426 2288 1706 2363 dicitur
1787 2286 1992 2385 quod

451 2401 649 2476 sicut
706 2402 783 2475 in
841 2405 1132 2480 lumine
1201 2405 1532 2481 naturali
1589 2413 1836 2502 potest
1867 2405 1994 2478 ha-

450 2516 611 2593 beri
646 2520 968 2596 scientia
1002 2550 1020 2616 3
1059 2546 1240 2620 ergo
1275 2523 1351 2596 in
1398 2522 1688 2598 lumine
1732 2546 1996 2620 super-

452 2637 779 2711 naturali
860 2639 1182 2715 scientia
1248 2650 1497 2739 potest
1566 2639 1832 2715 haberi
1901 2641 1992 2716 de

452 2752 749 2850 obJecto
853 2757 1449 2855 supernaturali.
1562 2756 1992 2832 Dicendum

449 2872 654 2968 quod
686 2873 884 2949 sicut
926 2877 1273 2951 naturale
1338 2878 1600 2950 lumen
1662 2877 1992 2974 perfecte

451 2995 697 3082 potest
757 2990 1002 3067 facere
1070 2992 1472 3067 scientiam
1541 2992 1633 3067 de
1693 2992 1991 3089 objecto

452 3105 1052 3208 sibipropositO,
1088 3110 1196 3187 sic
1250 3112 1512 3188 lumen
1573 3112 1993 3209 perfectum

452 3233 1038 3325 supernaturale
1083 3231 1173 3306 de
1207 3230 1504 3327 objecto
1547 3229 1692 3304 sibi
1726 3254 1997 3327 propo-

453 3343 625 3439 sito,
716 3357 964 3445 potest
1040 3348 1184 3423 sibi
1264 3348 1510 3423 facere
1592 3348 1993 3422 scientiam

451 3462 1008 3559 perfectiorem,
1056 3475 1130 3540 et
1193 3464 1636 3562 hujusmodi
1707 3475 1822 3539 est
1871 3466 1993 3539 lu-

458 3601 628 3653 men
665 3581 934 3678 gloriae
980 3605 1243 3679 3erg0,
1289 3593 1432 3658 etc.

545 3698 655 3771 Ad
701 3700 938 3795 aliud,
986 3701 1398 3776 dicendum
1445 3700 1650 3799 quod
1692 3701 1995 3776 conclu-

449 3810 558 3887 dit
644 3816 737 3891 de
832 3819 1248 3918 Apostolis‚
1340 3819 1523 3917 quia
1573 3828 1994 3918 potuerunt

447 3930 733 4009 habere
802 3937 1174 4034 majorem
1232 3936 1769 4012 certitudinem
1829 3935 1989 4011 Deo

445 4048 809 4149 loquente
906 4055 1016 4131 eis
1103 4055 1727 4132 intellectualiter
1809 4067 1992 4128 cum'

2101 1584 2565 1681 Theologiae,
2675 1604 2852 1679 quae
2942 1601 3116 1652 cum

3526 453 3655 523 459

2115 645 2727 742 impossibilitate
2779 641 2871 717 ad
2921 634 3501 714 dubitationem,
3552 629 3658 700 ita

2112 905 2284 955 sum
2354 879 2885 955 excludentem
2957 869 3515 947 dubitationem
3581 871 3652 936 et

2111 998 2692 1098 possibilitatem
2729 990 3158 1084 dubitandi,
3195 1010 3351 1061 non
3394 982 3653 1080 aliqua

2109 1140 2200 1191 ex
2260 1112 2640 1188 industria
2691 1108 3064 1187 naturalis
3119 1101 3434 1201 ingenii,
3486 1097 3647 1173 sive

2107 1233 2494 1310 evidentia
2520 1230 2821 1328 objecti.

2200 1353 2314 1427 Ad
2409 1349 2794 1436 ultimum,
2899 1342 3207 1443 quando
3295 1335 3645 1433 arguitur
3715 1334 3755 1386 Α

2105 1470 2310 1567 quod
2416 1465 2724 1565 propria
2818 1460 3197 1561 principia
3298 1453 3476 1529 fidei
3571 1462 3645 1527 et

3214 1573 3366 1648 sint
3450 1592 3645 1669 pura

2104 1701 2565 1793 necessaria,
2612 1706 2792 1773 sunt
2822 1693 3212 1771 evidentia
3250 1714 3343 1766 ex
3379 1687 3645 1763 termi-

2104 1821 2250 1908 nis,
2325 1818 2492 1893 dico
2563 1815 2767 1915 quod
2841 1836 3111 1888 verum
3171 1818 3285 1884 est
3352 1804 3641 1904 potenti

2104 1959 2569 2034 cognoscere
2629 1931 3025 2020 terminos,
3114 1949 3268 2000 non
3385 1931 3642 1998 autem

2105 2080 2259 2131 non
2293 2050 2754 2152 concipienti
2818 2050 2989 2122 illos
3043 2044 3422 2119 distincte.
3487 2040 3645 2114 Nos

2104 2186 2360 2251 autem
2442 2196 2598 2247 non
2685 2167 3163 2265 concipimus
3257 2163 3429 2236 illos
3498 2157 3645 2233 nisi

2105 2302 2403 2367 tantum
2482 2290 2561 2363 in
2640 2283 3088 2376 universali,
3163 2303 3317 2354 non
3389 2285 3645 2351 autem

2106 2408 2533 2485 secundum
2569 2404 2905 2480 rationes
2944 2421 3212 2475 eorum
3262 2391 3643 2494 propriam,

2107 2537 2189 2602 ut
2251 2534 2431 2601 sunt
2496 2520 2807 2598 termini
2875 2517 3376 2594 articulorum
3437 2505 3642 2583 fidei.

2108 2641 2327 2717 Unde
2363 2642 2595 2716 istum
2665 2637 3081 2713 terminum
3138 2632 3413 2722 trinuS,
3473 2649 3648 2701 con-

2107 2759 2464 2859 cipimus,
2503 2767 2586 2832 ut
2616 2765 2729 2832 est
2771 2752 3236 2829 abstractum
3292 2747 3366 2819 in
3438 2742 3648 2817 trini-

2104 2887 2257 2953 tate
2348 2897 2851 2951 numerorum
2929 2870 3050 2944 vel
3120 2858 3645 2948 aliorum3sic

2107 3004 2365 3070 autem
2410 3000 2701 3067 nonest
2734 2985 3111 3064 terminus
3184 2984 3417 3078 huJus
3485 2999 3652 3076 pro-

2106 3109 2513 3213 positionis
2545 3107 3011 3200 immediate,
3070 3103 3283 3177 Deus
3338 3104 3449 3174 esc
3506 3094 3649 3170 tri-

2106 3256 2252 3305 nus
2284 3238 2355 3305 et
2383 3253 2623 3323 unu33
2666 3226 2938 3302 etideo
2972 3246 3123 3296 non
3170 3214 3648 3313 concipimus

2106 3346 2478 3423 terminos
2518 3346 2840 3419 istorum
2883 3335 3468 3439 principiorum,
3515 3328 3647 3404 sed

2105 3466 2306 3542 inter
2336 3464 2529 3539 alios
2574 3460 2940 3538 terminos
2970 3456 3313 3529 inclusos
3341 3450 3417 3524 in
3452 3446 3644 3522 istis.

2107 3583 2328 3658 Unde
2372 3582 2559 3657 istos
2600 3576 2972 3655 terminos
3015 3596 3156 3648 nec
3211 3570 3443 3661 clare,
3508 3587 3650 3638 nec

2105 3701 2366 3797 aliquo
2411 3698 2636 3772 modo
2690 3690 3231 3790 cognoscimus
3281 3685 3357 3758 in
3424 3679 3652 3781 partie

2104 3816 2376 3910 culari‚
2454 3813 2587 3889 sed
2668 3820 2967 3885 tantum
3053 3806 3132 3879 in
3194 3792 3644 3890 universali,

2103 3943 2566 4032 inquantum
2601 3929 2794 4005 alios
2840 3922 3205 4001 terminos
3246 3912 3652 4014 cognosci-

2103 4075 2303 4127 mUS.

3761 1334 3795 1384 d
3831 1332 3956 1384 ulti-

3762 1412 3928 1449 mum.
