4295 6326
1592 445 1819 516 DIST.
1867 446 1924 514 1.
1978 445 2397 526 QUAESTIO
2444 450 2501 519 l.

446 612 729 700 anima,
764 626 1090 711 possunt
1115 617 1189 690 in
1228 641 1307 692 se
1338 619 1656 713 gratiam
1696 643 1981 694 creare.

546 732 761 820 Item,
806 735 1093 806 Auctor
1151 735 1243 807 de
1312 736 1582 809 Causis
1637 738 1990 834 proposi—

446 847 651 920 tione
723 857 1044 944 quarta:
1107 851 1385 925 Prima
1457 876 1715 925 rerum
1788 877 1989 927 crea-

444 969 694 1037 tarum
729 972 840 1039 63ί
871 990 1055 1057 6336,
1095 973 1168 1042 et
1196 992 1349 1043 non
1384 976 1495 1043 est
1523 977 1697 1043 anle
1736 971 1987 1068 ipsum

446 1087 782 1155 creatum
829 1081 1070 1156 aliud.
1143 1083 1290 1158 Sed
1352 1108 1592 1182 agens
1644 1097 1984 1160 creatum

445 1208 694 1295 potest
793 1223 1120 1298 coagere
1224 1203 1386 1277 Deo
1491 1204 1986 1302 producendo

447 1314 652 1388 aliud
679 1317 1105 1391 secundum
1135 1342 1333 1414 6336;
1371 1343 1553 1417 ergo
1586 1331 1660 1395 et
1694 1345 1981 1397 creare.

234 1431 297 1498 4.
546 1432 854 1527 Contra,
898 1436 1379 1532 Augustinus
1431 1462 1665 1536 super
1705 1439 1980 1514 Genes.

136 1546 380 1672 {3333}
446 1550 514 1621 7.
563 1574 729 1648 cap.
802 1552 921 1625 21.
967 1553 1256 1651 Anqelc‘
1328 1554 1625 1630 nullam
1672 1559 1983 1632 omnino

190 1677 322 1724 tum.
434 1676 759 1763 possunt
796 1693 1056 1773 creare
1097 1680 1502 1767 natm·am;
1536 1673 1744 1749 solas
1779 1677 1985 1751 enim

442 1785 657 1858 Dens
707 1786 1116 1885 cnjuslz'bet
1155 1797 1454 1865 naturae
1494 1799 1649 1866 lam
1683 1816 1985 1890 mayn-ze

441 1926 668 1997 qnam
705 1926 976 1999 parvae
1009 1912 1309 1980 creator
1338 1916 1472 1999 est,
1518 1919 1592 1982 et
1622 1910 1684 1983 si
1714 1911 1985 2006 Angeli

442 2040 593 2089 non
645 2030 972 2114 possunt
1047 2045 1337 2116 creare,
1420 2027 1660 2098 multo
1743 2026 1985 2121 magis

443 2157 584 2208 nec
646 2136 906 2233 aliqua
955 2138 1107 2212 alia
1165 2151 1542 2214 creatura.
1607 2143 1791 2216 Item
1843 2144 1985 2218 Da-

443 2272 850 2325 mascenus
875 2253 1004 2327 lib.
1041 2254 1106 2326 1.
1140 2256 1454 2329 Orthod.
1485 2281 1649 2355 cap.
1683 2258 1797 2331 18.
1837 2257 1990 2348 Qui

440 2366 706 2442 dicunt
780 2370 1117 2467 Anqelos
1178 2378 1402 2469 posse
1459 2397 1747 2469 creare,
1807 2384 1987 2450 sunt

440 2507 702 2558 omnes
750 2483 910 2581 ficia·
972 2487 1225 2583 patris
1268 2488 1396 2562 sui
1457 2488 1773 2585 diaboli,
1835 2501 1977 2565 etc.

440 2600 624 2674 Item
669 2602 1080 2677 Anselmus
1109 2603 1402 2679 Monol.
1454 2629 1620 2704 cap.
1655 2606 1773 2679 37.
1818 2606 1985 2682 sola

439 2718 732 2812 divina,
761 2729 902 2793 etc.
952 2720 1136 2794 Item
1179 2722 1662 2819 Augustinus
1694 2724 1785 2799 de
1829 2725 1974 2799 civ.

442 2836 555 2908 12.
605 2860 668 2910 6.
729 2837 847 2909 24.

135 747 376 804 Sextum.

973 3077 1341 3135 SCHOLIUM
1396 3079 1441 3134 1.

507 3231 760 3285 Adducit
803 3235 1010 3286 Doctor
1060 3232 1250 3304 primo
1302 3233 1556 3288 rationes
1615 3234 1680 3292 D.
1722 3235 1976 3305 Thomae,

435 3318 653 3387 quibus
686 3318 925 3372 intendit
964 3320 1203 3389 probare
1253 3325 1581 3376 creaturam
1646 3338 1759 3377 non
1812 3339 1981 3395 posse

430 3422 647 3473 creare,
684 3423 786 3461 nec
821 3406 1236 3479 principaliter,
1291 3426 1393 3465 nec
1442 3409 1978 3481 instrumentaliter,

441 3494 573 3564 quia
617 3494 903 3550 terminus
934 3494 1243 3551 creationis
1274 3503 1361 3551 est
1393 3497 1582 3568 ipsum
1616 3514 1733 3555 esse
1778 3504 1842 3555 ut
1873 3499 1978 3557 sic.

433 3586 583 3656 quod
640 3584 746 3639 soli
799 3590 909 3641 Deo
963 3589 1246 3657 tanquam
1298 3604 1490 3643 causoe
1537 3589 1847 3645 universali
1880 3606 1977 3650 su.

427 3675 573 3731 best.
609 3676 903 3744 Secundo,
945 3677 1103 3748 ponit
1156 3677 1434 3732 rationem
1501 3679 1726 3733 ilenrici
1785 3684 1840 3734 et
1886 3679 1978 3734 Ri-

431 3766 632 3822 chardi
683 3766 749 3820 ad
804 3766 983 3837 idem,
1031 3766 1170 3838 quia
1219 3768 1371 3822 inter
1433 3768 1749 3823 terminum
1803 3787 1839 3824 α
1879 3785 1982 3841 quo

428 3857 743 3912 creationis
775 3857 869 3926 qui
904 3863 992 3912 est
1018 3857 1187 3918 nihil.
1219 3870 1275 3913 at
1305 3858 1375 3912 ad
1403 3876 1564 3930 quem
1596 3859 1694 3930 qui
1742 3867 1826 3915 cst
1867 3860 1980 3915 ati-

428 3949 580 4020 quid,
611 3953 699 4002 est
729 3948 1014 4002 distantia
1062 3949 1311 4005 infinita.
1374 3950 1570 4014 Tertio,
1628 3950 1789 4019 ponit
1836 3950 1981 4005 alias

431 4038 577 4093 duas
610 4038 866 4091 rationes
915 4037 1186 4110 AEgidii;
1240 4038 1510 4109 primam,
1562 4055 1743 4110 agens
1792 4044 1979 4110 poste·

434 4127 557 4184 rius
616 4144 719 4182 seu
787 4128 1028 4182 inferius
1087 4127 1366 4199 supponit
1424 4128 1691 4183 effectum
1751 4128 1978 4191 agentis

436 4216 642 4288 prioris
675 4232 772 4270 seu
801 4217 1155 4286 superioris;
1188 4217 1529 4283 secundam,
1572 4219 1795 4272 nntium
1820 4234 1977 4273 crea·

435 4314 556 4361 tum
592 4322 770 4376 agens
817 4311 907 4360 est
947 4322 1128 4377 purus
1178 4312 1367 4376 actus,
1415 4308 1594 4377 quod,
1636 4306 1852 4377 inquit,
1901 4323 1982 4362 re·

437 4396 685 4468 quiritur
716 4394 790 4451 ad
820 4397 1154 4452 creandum.

213 4612 279 4678 5,
539 4582 994 4680 Respondeo
1054 4581 1147 4656 ad
1207 4581 1744 4678 quaestionem,
1808 4580 1982 4657 licet

101 4724 385 4776 conclusio
440 4723 710 4773 omnes
752 4700 1121 4773 Doctores
1167 4699 1240 4771 in
1283 4699 1779 4773 conclusione
1808 4701 2015 4773 con?

83 4801 405 4901 fiffissffiff.
438 4816 782 4907 veniant,
820 4815 1024 4912 quod
1069 4816 1359 4889 scilicet
1386 4816 1599 4888 nulla
1631 4826 1979 4890 creatura

81 4914 406 5038 ffiffifffiigj
444 4932 716 5005 habeat
764 4931 1102 5027 aliquam
1152 4929 1566 5004 efficaciam
1629 4940 1973 5027 respectu

80 5039 375 5151 Prffiffg,
438 5046 853 5121 creationis
886 5047 1152 5142 gratiae
1185 5046 1259 5119 in
1306 5047 1590 5139 anima,
1630 5069 1769 5120 nec
1810 5047 1981 5120 Ma-

83 5166 158 5216 250
189 5165 403 5278 ἔξω·
438 5166 676 5260 gister
751 5164 970 5238 aliter
1046 5163 1397 5257 senserit,
1474 5172 1699 5261 prout
1776 5172 1981 5261 patet

437 5283 688 5380 ipsum
735 5281 1236 5379 expendendo
1286 5279 1365 5354 in
1413 5280 1687 5374 littera,
1738 5281 1981 5356 diver-

438 5399 500 5472 si
536 5407 785 5472 tamen
823 5399 1165 5473 diversas
1189 5398 1523 5473 rationes
1555 5398 1971 5472 adducunt.

439 5515 764 5602 Quidam
828 5516 1034 5589 enim
1104 5517 1249 5590 hoc
1317 5526 1664 5590 tenentes
1732 5526 1977 5589 osten-

440 5633 631 5706 dunt
663 5634 869 5731 quod
911 5642 1262 5709 creatura
1302 5657 1452 5706 non
1489 5643 1737 5732 potest
1767 5635 1973 5709 aliud

3520 448 3647 545 533

2101 623 2524 719 producere
2594 622 2673 697 in
2743 647 2903 697 6336
2962 647 3100 720 per
3139 622 3639 713 creationem,

2100 762 2241 812 nec
2321 746 2401 813 ut
2484 762 2724 836 agens
2791 740 3245 838 principale,
3335 760 3474 813 nec
3563 745 3646 810 ut

2099 876 2340 949 agens
2422 854 3007 930 instrumentale
3100 866 3170 929 et
3263 853 3647 928 secunda-

2099 970 2329 1064 rium,
2366 983 2439 1045 et
2479 972 2581 1046 ita
2639 974 2851 1047 nullo
2908 973 3157 1046 modo.
3224 971 3441 1058 Quod
3487 995 3640 1044 non

2097 1089 2652 1187 principaliter,
2726 1089 2884 1165 sive
2933 1098 3013 1163 ut
3056 1112 3295 1185 agens
3354 1087 3640 1186 princi-

2096 1207 2298 1303 pale,
2361 1207 2778 1280 ostendunt
2822 1207 2976 1281 sic:
3025 1207 3218 1279 Esse
3277 1214 3390 1280 est
3458 1228 3636 1302 pro-

2095 1322 2311 1420 prius
2366 1320 2680 1397 effectus
2754 1322 2922 1412 Dei,
2997 1323 3200 1419 quod
3271 1322 3636 1419 probatur

2095 1439 2392 1514 ratione
2433 1450 2507 1513 et
2546 1439 3022 1513 auctoritate.
3070 1438 3418 1526 Ratione,
3456 1437 3637 1535 quia
3665 1446 3822 1498 Nulla
3859 1464 3968 1501 ere·

2097 1554 2414 1631 efl'ectus
2475 1554 3181 1630 universalissimus
3250 1554 3637 1629 reducitur
3665 1516 3982 1639 0333&ss-

2093 1672 2176 1746 in
2253 1695 2566 1746 causam
2633 1673 3375 1746 universalissimam
3412 1699 3430 1763 ;
3478 1694 3635 1745 6336
3665 1637 3983 1751 ῗζῖἷῗὲῖἷαῗὲἶ

2094 1800 2210 1863 est
2273 1787 2587 1863 effectus
2657 1787 3637 1885 unive1·salissimus,‘quia

2095 1928 2254 1978 esse
2286 1918 2358 1978 et
2398 1929 2530 1978 ens
2575 1916 2757 1979 sunt
2788 1905 2942 1997 illa,
2994 1928 3170 2002 quae
3222 1904 3469 2002 primo
3511 1926 3640 1977 oc-

2094 2030 2417 2095 currunt
2474 2021 2926 2115 intellectui,
2983 2022 3182 2095 sicut
3251 2021 3643 2094 universa-

2095 2136 2388 2211 lissima
2449 2146 2520 2211 et
2590 2137 2864 2235 prima,
2951 2138 3322 2236 proposit.
3409 2137 3475 2208 4.
3544 2137 3638 2209 de

2092 2252 2364 2327 Causis
2397 2278 2411 2328 :
2448 2253 2729 2329 Prima
2768 2278 3030 2327 rerum.
3065 2259 3492 2328 creatarum
3530 2259 3640 2327 est

2091 2393 2250 2443 esse
2269 2397 2288 2464 3
2319 2393 2501 2467 ergo
2531 2371 2778 2445 -habet
2820 2370 3081 2444 reduci
3134 2370 3208 2442 in
3263 2371 3510 2444 Deum
3556 2378 3639 2444 ut

2092 2485 2164 2558 in
2212 2509 2520 2561 causam
2578 2487 3315 2562 universalissimasn
3356 2515 3373 2580 ;
3420 2496 3494 2562 et
3533 2486 3639 2561 ita

2091 2602 2405 2696 creati0,
2464 2626 2640 2701 quae
2708 2604 3168 2678 terminatur
3244 2603 3493 2701 primo
3537 2604 3631 2677 ad

2092 2746 2277 2808 6336,
2325 2731 2435 2797 est
2474 2730 2763 2796 tantum
2798 2721 3043 2819 ipsius
3070 2718 3237 2796 Dei.

2186 2839 2656 2941 Auctoritate
2725 2840 3155 2915 ostenditur
3211 2839 3350 2932 sic,
3425 2840 3632 2936 quod

2090 2956 2519 3030 secundum
2564 2965 2950 3031 auctorem
2997 2956 3089 3031 de
3140 2954 3411 3030 Causis
3453 2980 3635 3053 pro-

2090 3095 2256 3170 pos.
2301 3070 2420 3143 23.
2456 3069 2704 3147 Nulla
2759 3056 3287 3169 Intelliqenlz'a
3315 3070 3442 3144 vel
3464 3073 3635 3145 ani-

2088 3211 2218 3261 ma
2254 3187 2385 3263 dal
2426 3210 2622 3281 esse,
2658 3190 2816 3262 nz'sz’
2864 3190 3320 3287 inquantum
3376 3210 3635 3285 opera-

2088 3311 2214 3379 tur
2253 3304 2696 3401 operatione
2749 3303 3059 3396 divina3
3097 3327 3280 3401 ergo
3321 3327 3479 3379 6336
3519 3314 3633 3378 est

2088 3419 2450 3519 proprius
2491 3418 2807 3494 effectus
2865 3419 3034 3493 Dei.

2187 3534 2406 3621 Quod
2438 3558 2620 3608 vero
2656 3535 2869 3607 nulla
2914 3544 3214 3623 natura,
3254 3558 3395 3608 nec
3427 3558 3630 3610 crea·
3658 3542 3982 3654 iffssffssssffi

2087 3659 2262 3723 tura
2294 3649 2535 3747 possit
2566 3674 2733 3724 esse
2773 3674 3009 3747 agens
3042 3649 3626 3726 instrumentale
3754 3666 3894 3719 taus.

2088 3765 2406 3841 effectus
2493 3766 2821 3860 alicujus
2933 3767 3405 3864 producendi
3495 3792 3630 3865 per

2091 3882 2587 3975 creationem,
2660 3882 3054 3979 probatur,
3142 3883 3324 3979 quia
3399 3906 3625 3957 omne

2088 3987 2332 4095 agens
2374 3998 2615 4072 instru
2632 4001 2960 4073 mentale
2993 3999 3440 4095 dispositive
3474 4000 3630 4096 agit

2088 4116 2182 4188 ad
2226 4115 2636 4188 terminum
2675 4114 2973 4211 agentis
3007 4114 3454 4211 principalis
3495 4139 3630 4213 per

2088 4231 2425 4328 aliquam
2463 4231 2842 4305 actionem
2877 4231 3020 4304 sibi
3056 4230 3474 4328 propriam,
3511 4232 3630 4306 vel

2088 4375 2226 4448 per
2318 4351 2527 4425 aliud
2640 4350 2785 4425 sibi
2865 4350 3261 4448 proprium
3309 4381 3325 4440 ;
3413 4351 3634 4425 aliter

2088 4468 2374 4542 frustra
2392 4467 2887 4542 adhiberetur
2912 4467 3425 4541 instrumentu
3443 4492 3507 4540 m
3537 4469 3628 4543 ad

2089 4585 2276 4658 illud
2315 4585 2925 4682 producendum,
2961 4596 3206 4658 etnon
3246 4596 3632 4681 oporteret

2087 4724 2256 4776 esse
2299 4701 2804 4780 determinata
2848 4701 3360 4775 instrumenta
3393 4702 3636 4775 deter-

2091 4817 2553 4890 minatarum
2605 4817 3022 4902 actionum,
3074 4816 3133 4890 si
3186 4818 3636 4892 naturaliter

2088 4933 2534 5029 dispositive
2633 4942 2950 5028 agerent
3027 4932 3117 5004 ad
3215 4933 3631 5006 terminum

2087 5049 2411 5124 actionis
2489 5048 2788 5144 agentis
2876 5047 3351 5145 principalis,
3452 5039 3634 5147 quia

2086 5188 2308 5262 aeque
2342 5174 2600 5263 posset
2626 5166 2698 5237 in
2728 5168 3104 5239 actionem
3141 5189 3355 5239 suam
3394 5189 3632 5262 agens

2086 5281 2509 5380 principale
2572 5306 2707 5380 per
2748 5282 3288 5379 quodcumque
3340 5281 3628 5355 instru-

2085 5410 2430 5475 mentum
2470 5399 3019 5475 indifferenter.
3656 5471 3740 5521 An
3773 5469 3975 5521 securis

2187 5518 2346 5590 Hoc
2418 5516 2616 5589 idem
2680 5516 3116 5590 declaratur
3173 5540 3309 5613 per
3375 5539 3623 5590 exem·
3684 5534 3910 5585 formam

2084 5634 2299 5732 plum
2367 5633 2457 5709 de
2526 5632 2806 5727 securi,
2853 5656 3027 5731 quae
3093 5655 3230 5731 per
3295 5632 3614 5708 formam
3669 5610 3937 5713 ῗῖῗιῗιῖᾎῗῃ
