4295 6326
690 366 821 434 590

689 537 818 612 bet
865 559 1032 611 esse
1070 537 1262 610 lacta
1313 558 1449 632 per
1487 558 1795 610 servum
1840 538 2235 613 authenti-

691 678 891 738 cum,
924 655 1017 729 de
1050 677 1203 750 quo
1238 665 1527 728 certum
1562 664 1702 746 est,
1741 665 1814 728 et
1845 679 1983 752 per
2012 655 2235 752 signa

691 770 1078 844 evidentia
1141 780 1440 844 constat
1507 771 1711 867 quod
1783 781 1898 847 est
1960 796 2235 847 servus

690 886 998 977 Christi,
1063 909 1334 960 omnes
1396 886 1553 978 alii,
1617 886 1901 983 quibus
1970 887 2239 963 fitilla

688 1001 1234 1098 promulgatio,
1307 1001 1752 1097 obligantur
1845 1004 1938 1077 ad
2007 1004 2225 1094 illud,

688 1115 841 1191 Sed
876 1127 1045 1214 post
1113 1118 1649 1192 Pentecosten]
1695 1120 2235 1220 promulgaba-

686 1240 812 1305 tur
842 1231 937 1305 ab
969 1232 1355 1328 Apostolis
1398 1219 1869 1332 praecept'um
1906 1235 1998 1308 de
2041 1237 2235 1332 Bap-

686 1349 943 1443 tismO,
998 1350 1502 1447 sequentibus
1557 1351 1800 1446 signis
1857 1351 2234 1426 evidenti-

685 1464 832 1539 bus
910 1465 1003 1539 ad
1083 1464 1551 1539 credendum
1638 1468 1843 1563 quod
1923 1468 2234 1542 fuerunt

688 1580 892 1655 servi
945 1579 1228 1653 Christi
1285 1580 1735 1671 authentici,
1784 1581 1966 1678 quia
2033 1582 2232 1656 fece-

690 1707 871 1771 runt
910 1696 1308 1785 miracula,
1347 1719 1523 1792 quae
1566 1707 1747 1770 sunt
1791 1698 2013 1795 signa
2053 1697 2230 1772 fidei

330 1819 656 1948 ..ffliffi'gga
688 1813 1314 1907 evidentissima,
1360 1813 1607 1911 primo
1650 1814 1848 1888 inter
1885 1815 2227 1909 JudaeOS,

355 1947 623 1998 nostraefl-
688 1931 817 2029 qui
864 1931 1173 2006 fuerunt
1231 1931 1308 2004 in
1376 1931 1836 2025 Jerusalem,
1882 1932 2012 2030 qui
2072 1933 2231 2006 dis-

439 2009 547 2061 dei.

296 4057 467 4108 Etiam
507 4064 628 4122 post

297 4120 444 4185 bapt.
497 4137 623 4185 pos-

296 4189 423 4233 sunt
456 4186 620 4248 aliqui

322 4248 517 4297 salvari
550 4251 602 4298 in

293 4309 411 4373 lege
446 4316 597 4361 natu-

352 4386 443 4434 roe,
469 4374 551 4424 vel

346 4437 559 4500 scripta.

683 2057 1095 2145 perserunt
1176 2057 1250 2120 et
1336 2048 2001 2145 persequebantur
2066 2073 2227 2142 eOS,

680 2165 1155 2261 expellentes
1183 2166 1278 2239 ab
1315 2189 1467 2239 una
1489 2165 1792 2240 civitate
1834 2166 1911 2238 in
1946 2166 2173 2240 aliam
2204 2195 2222 2259 ;

697 2282 973 2357 deinde
1024 2282 1551 2380 praedicabant
1597 2283 1920 2359 verbum
1992 2294 2065 2359 et
2122 2284 2234 2357 in-

678 2398 1151 2473 stitutionem
1219 2401 1586 2497 Baptismi
1667 2424 1833 2476 esse
1884 2424 2230 2476 necessa-

677 2512 869 2587 riam
944 2515 1035 2589 ad
1115 2517 1443 2590 salutem
1522 2516 1694 2590 aliis
1788 2516 2227 2591 civitatibus

676 2631 925 2726 magis
959 2630 1274 2706 remotis
1306 2659 1325 2725 3
1362 2632 1639 2707 deinde
1671 2633 2036 2708 omnibus
2067 2645 2217 2709 tam

674 2746 1054 2821 Gentibus
1112 2770 1342 2844 quam
1410 2748 1724 2832 Judaeis,
1786 2758 1858 2822 et
1899 2749 2218 2846 longum

672 2870 979 2959 tempus
1010 2864 1316 2938 transiit
1358 2873 1771 2962 antequam
1817 2865 1985 2962 ejus
2051 2891 2221 2964 pro-

670 2979 1042 3074 mulgatio
1085 2979 1176 3054 ad
1208 2979 1611 3055 universas
1655 2982 1915 3056 mundi
1960 2993 2217 3080 partes

667 3093 912 3189 magis
973 3093 1345 3168 distantes
1395 3095 1860 3192 perveniret,
1915 3106 1989 3172 et
2043 3098 2213 3175 ideo

666 3209 728 3284 si
796 3210 889 3284 ad
950 3210 1285 3308 aliquem
1357 3212 1702 3286 nondum
1742 3217 2207 3311 pervenerit,

663 3325 871 3421 quod
930 3350 1083 3400 non
1147 3328 1376 3401 credo
1445 3351 1612 3404 esse
1655 3353 1956 3424 verum,
2029 3334 2212 3429 quia

660 3466 820 3515 non
899 3453 1014 3517 est
1082 3467 1261 3541 pars
1323 3446 1619 3539 mundi,
1674 3446 1748 3519 in
1822 3470 1976 3543 qua
2051 3473 2205 3523 non

661 3561 1234 3657 promulgatum
1270 3561 1366 3635 sit
1399 3575 1867 3661 praeceptum
1903 3565 1994 3639 de
2019 3568 2211 3665 Bap-

656 3673 916 3767 tismO,
955 3674 1138 3771 quia
1169 3676 1390 3750 aliter
1423 3701 1575 3751 non
1611 3681 2208 3776 complevissent

657 3791 1000 3887 Apostoli
1106 3782 1616 3891 praeceptum,
1710 3795 1976 3870 Marci.
2080 3799 2197 3872 16.

2075 365 2319 434 LIBRI
2368 368 2488 437 IV.

2347 542 2440 615 ad
2474 541 2643 639 ejus
2675 551 3277 650 susceptionem,
3314 568 3387 633 et
3426 565 3735 658 quando
3768 565 3895 639 in-

2344 658 2545 755 cepit
2584 662 2951 760 obligare.

2440 774 2590 850 Sed
2623 779 2715 852 ad
2749 782 2933 878 quid
2968 787 3338 885 obligavit
3370 799 3887 893 promulgatio

2342 891 2712 990 Baptismi
2755 921 2892 996 per
2933 905 3245 979 modum
3290 912 3655 986 consilii?
3694 916 3884 991 Dico

2333 1355 2463 1451 jus
2489 1359 2900 1458 dupliciter
2927 1378 3177 1464 potest
3216 1378 3603 1452 contemni
3642 1405 3658 1456 ε
3707 1381 3880 1457 Uno

2340 1476 2568 1549 modo
2629 1481 3011 1579 negative,
3063 1488 3245 1587 quia
3303 1516 3454 1567 non
3513 1497 3885 1574 observa-

2337 1598 2506 1679 tur;
2555 1593 2704 1668 alio
2765 1600 2991 1675 modo
3042 1606 3453 1703 contrarie,
3516 1614 3701 1710 quia
3750 1616 3889 1690 im-

2340 1708 2645 1803 peditur
2684 1722 2757 1787 et
2799 1721 3255 1813 reprobatur
3303 1735 3670 1826 tanquam
3705 1736 3890 1808 stul-

2339 1831 2531 1918 tum,
2595 1830 2883 1903 malum
2970 1844 3044 1909 et
3123 1838 3380 1918 inane.
3454 1846 3883 1924 Consilium

2340 1939 2586 2034 primo
2632 1945 2855 2020 modo
2909 1974 3061 2024 non
3115 1960 3664 2055 contemnitur,
3700 1966 3887 2064 quia

2338 2077 2492 2128 non
2524 2058 3005 2159 observatur,
3041 2072 3224 2165 quia
3271 2077 3535 2150 nullus
3575 2089 3888 2157 tenetur

2337 2170 2429 2244 de
2490 2178 2942 2255 necessitate
3012 2185 3105 2257 ad
3166 2187 3332 2283 ejus
3400 2192 3884 2274 observatio-

2340 2309 2515 2362 nem
2545 2291 3006 2389 inquantum
3040 2304 3495 2401 consilium.;
3536 2312 3668 2385 sed
3703 2337 3883 2389 con-

2321 2406 2594 2481 silium
2664 2418 3182 2492 contemnitur
3238 2428 3580 2503 secundo
3615 2434 3872 2528 mod0,

2334 2520 2793 2620 inquantum
2854 2539 3216 2631 tanquam
3278 2540 3746 2636 irrationale,
3802 2562 3883 2626 et

2335 2638 2623 2712 malum
2713 2645 3167 2740 reprobatur
3259 2663 3333 2728 et
3430 2657 3869 2737 deridetur.

2331 2750 2574 2838 Quem
2629 2767 3154 2859 contemptum
3207 2770 3434 2845 credo
3477 2796 3646 2851 esse
3704 2801 3877 2874 pec·

2328 2879 2583 2944 catum
2692 2881 3038 2971 mortale,
3111 2885 3296 2981 quia
3388 2914 3545 2965 non
3642 2896 3871 2972 video

2326 2988 2531 3082 quod
2555 3013 2870 3086 possum
2902 3008 3425 3099 contemnere,
3453 3019 3526 3082 et
3545 3034 3864 3110 ponere,

2323 3111 2398 3175 et
2486 3107 2896 3202 reprobare
2983 3116 3423 3215 consilium,
3497 3133 3864 3224 tanquam

2323 3222 2611 3295 malum
2681 3234 2755 3299 et
2795 3226 3112 3318 fatuum,
3155 3235 3306 3310 nisi
3374 3252 3862 3321 contemnam

2318 3343 2392 3409 et
2433 3339 2835 3435 reprobem
2882 3349 3444 3448 consulentem,
3480 3368 3560 3431 ut
3589 3360 3865 3458 hujus-

2320 3454 2552 3548 modi,
2589 3466 2662 3530 et
2683 3457 2854 3534 ideo
2887 3466 3318 3542 consultius
3346 3466 3546 3548 esset
3586 3479 3865 3554 nolen-

2315 3578 2429 3645 tes
2535 3575 2794 3651 vivere
2915 3585 3344 3660 secundum
3445 3596 3857 3673 consilium

2313 3686 2617 3775 Christi,
2661 3695 3100 3788 permittere
3134 3701 3246 3775 eis
3300 3714 3742 3785 conservari
3775 3714 3853 3790 in

2312 3827 2527 3899 pace,
2565 3819 2638 3881 et
2687 3810 3100 3909 implorare
3133 3819 3245 3893 eis
3296 3822 3418 3919 pie
3477 3830 3848 3906 auxilium

656 3907 956 3980 Eantes
1059 3932 1141 3981 m
1243 3909 1616 3983 mnndum
1720 3913 2196 4008 universum,
2309 3922 2508 4018 apud
2546 3924 2822 4020 Deum,
2860 3951 3090 4026 quam
3134 3958 3265 4010 eos
3315 3945 3748 4037 opprobriis
3775 3960 3850 4023 et

646 4021 1074 4118 praedicate
1132 4024 1650 4121 Evanqelium
1701 4029 1917 4101 omni
1979 4052 2198 4104 crea·
2307 4037 2516 4114 falsis
2587 4043 3087 4140 opinionibus
3153 4052 3539 4134 infestare.
3624 4066 3844 4151 Quod

654 4142 876 4228 turae,
950 4137 1424 4235 baptizantes
1487 4165 1636 4235 eoa,
1683 4153 1824 4217 etc.
1872 4144 1950 4217 Si
1985 4146 2189 4219 enim
2301 4156 2506 4230 enim
2538 4157 2681 4256 ipsi
2724 4176 3027 4259 portare
3061 4171 3361 4267 nolunt,
3398 4181 3845 4274 permittant

650 4263 1117 4351 praeceptum
1167 4255 1259 4329 de
1293 4246 1683 4354 Baptismo
1718 4282 1869 4331 non
1915 4261 2011 4333 sit
2050 4263 2190 4334 ali·
2298 4269 2518 4365 alios,
2555 4274 2685 4370 qui
2721 4280 3152 4378 promptius
3180 4285 3463 4365 divinis
3492 4296 3839 4372 consiliis

646 4371 768 4444 cui
830 4371 1121 4468 patriae,
1200 4374 1320 4445 vel
1393 4373 1706 4468 civitati,
1790 4378 1981 4470 loco,
2061 4380 2183 4453 vel
2295 4388 2826 4485 acquiescunt.

640 4491 998 4586 pe'rsonae
1075 4488 1584 4585 divulgatum,
1675 4491 1813 4586 illi,
1899 4494 2183 4590 quibus

638 4629 1039 4702 nunquam
1069 4607 1256 4680 facta
1283 4607 1419 4680 l'uit
1444 4608 1612 4682 talis
1636 4612 2174 4708 promulgatiO,

636 4726 730 4799 ad
766 4725 934 4820 ejus
969 4726 1536 4823 susceptionem
1597 4752 1750 4801 non
1791 4740 2172 4827 tenentur,

632 4842 765 4916 sed
805 4842 1316 4916 salvabuntur
1361 4842 1441 4916 in
1483 4845 1650 4939 lege
1685 4855 2008 4941 naturae,
2052 4853 2174 4924 vel

630 4959 799 5051 lego
836 4955 1146 5052 scripta,
1187 4955 1620 5052 cujusmodi
1651 4970 1832 5033 sunt
1866 4963 2001 5051 illi,
2039 4965 2169 5060 qui

626 5070 1098 5145 clauduntur
1159 5071 1360 5145 inter
1423 5086 1746 5168 monteS,
1811 5077 1902 5150 ad
1976 5102 2171 5175 quos

627 5209 782 5259 non
809 5197 1135 5283 possunt
1174 5189 1791 5283 evangelizantes
1822 5194 1959 5268 Dei
1994 5219 2170 5269 ver-

626 5301 809 5375 bum
846 5302 1279 5398 pervenire,
1322 5304 1386 5377 si
1428 5306 1559 5401 qui
1603 5308 1792 5382 tales
1823 5310 1999 5383 sint.

726 5418 850 5492 Sic
894 5442 1076 5514 crgo
1132 5428 1337 5516 patet
1395 5423 1779 5516 quomodo
1823 5428 2166 5522 promul-

626 5535 831 5630 gatio
876 5536 966 5609 de
1024 5546 1415 5633 praecepto
1444 5539 1811 5636 Baptismi
1877 5543 2167 5640 obligat

2391 4503 2878 4606 Proeceptum
2921 4525 3177 4591 autem
3225 4530 3552 4620 utroque
3607 4534 3830 4607 modo

2289 4622 2835 4716 contemnitur,
2874 4636 2947 4701 et
2999 4633 3308 4726 quando
3358 4660 3510 4711 non
3563 4666 3830 4721 serva-

2286 4741 2434 4821 tur,
2464 4746 2538 4809 et
2569 4741 2877 4835 quando
2914 4749 3392 4848 reprobatur,
3431 4760 3631 4853 quod
3670 4788 3822 4840 non

2285 4849 2661 4948 contingit
2711 4854 2906 4952 fieri,
2979 4885 3121 4937 nec
3222 4873 3632 4968 servandO,
3699 4884 3820 4956 vel

2283 4969 2766 5063 reprobando
2853 4974 3018 5052 sine
3096 4994 3408 5077 peccato
3492 4998 3818 5084 mortali,

2282 5086 2470 5180 quia
2523 5090 2655 5185 qui
2719 5101 3140 5171 contemnit
3191 5105 3667 5206 mandatum,
3727 5118 3822 5188 si-

2280 5200 2567 5277 militer
2611 5216 2686 5280 et
2722 5211 3240 5289 mandantem.
3266 5217 3820 5306 Verumtamen

2280 5333 2751 5420 praeceptum
2786 5329 3210 5406 humanum
3249 5349 3494 5433 potest
3527 5343 3599 5417 in
3637 5370 3822 5425 casu

2281 5439 2620 5513 secundo
2693 5444 2917 5517 modo
2961 5454 3349 5526 contemni
3387 5467 3459 5532 et
3491 5460 3820 5539 derideri

2277 5548 2373 5622 ab
2416 5576 2506 5625 eo
2540 5556 2663 5628 cui
2713 5557 3154 5656 imponitur.
3216 5567 3586 5651 Subditus
3613 5581 3819 5656 enim

3923 798 4193 854 Consilium

3923 862 4019 912 Dei
4050 866 4205 930 obligat
4251 923 4252 926 ,

3980 932 4046 974 ad
4076 942 4164 978 non

3930 1306 4091 1366 cepti,
4123 1309 4185 1356 vel

3977 1369 4182 1418 consilii.

3911 4544 4161 4611 Praecep-

3889 4610 4006 4658 tum
4041 4612 4166 4662 obli-

3903 4678 4062 4733 garet
4097 4678 4157 4725 ad

3900 4734 4186 4788 observan-
