4295 6326
146 5266 151 5286 ,
434 5268 515 5279 ἡ,

626 420 752 488 224

628 593 837 667 tione
885 591 1159 689 objecti
1212 594 1703 685 considerati,
1749 617 1892 668 nec
1938 604 2170 688 recte,

629 736 770 786 nec
834 710 1115 787 ressexe
1176 713 1271 786 ad
1332 713 1478 786 hoc
1543 713 1750 810 quod
1818 715 2176 787 voluntas

629 829 813 903 velit
882 829 1120 915 illam,
1194 838 1267 904 et
1334 832 1808 927 complaceat
1874 829 2019 903 sibi
2096 830 2173 902 in

632 945 792 1018 illa.
848 943 1067 1018 Unde
1129 946 1223 1020 ad
1287 947 1429 1019 hoc
1490 945 1694 1043 quod
1748 946 2038 1044 aliquid
2080 947 2179 1021 sit

634 1060 992 1154 volitum,
1034 1071 1339 1158 oportet
1388 1062 1773 1158 obJectum
1834 1085 2000 1138 esse
2061 1087 2180 1137 co-

638 1177 969 1273 gnitum,
1046 1179 1168 1253 vel
1273 1179 1793 1275 cognitionem
1894 1179 2177 1256 habere

639 1295 1040 1370 actualiter
1081 1295 1616 1372 inhaerentem.

737 1412 847 1485 Ad
912 1413 1293 1507 ultimum,
1366 1424 1571 1513 patet
1639 1413 2036 1511 responsio
2087 1436 2182 1488 ex

641 1530 981 1604 secundo
1059 1531 1381 1606 articulo
1446 1531 1926 1629 quaestionis,
2000 1552 2183 1627 quo-

644 1644 867 1717 modo
911 1644 988 1718 in
1024 1645 1486 1743 cogitatione
1522 1646 1762 1743 possit
1791 1669 1959 1722 esse
2015 1669 2187 1744 pec-

640 1769 923 1835 catum.

308 1396 386 1445 Ad
418 1406 581 1457 quar-

383 1462 513 1507 tum.

1170 2022 1524 2078 SCHOLIUM
1568 2025 1634 2076 V.

709 2175 791 2229 Ad
825 2172 1145 2231 secundam
1179 2172 1560 2244 quaestionem
1590 2171 1997 2244 respondetur,
2028 2170 2184 2242 quod

639 2278 828 2319 sermo
885 2267 976 2317 est
1029 2267 1324 2333 peccatum
1384 2262 1561 2332 (idem
1622 2261 1693 2317 de
1747 2260 1879 2316 aliis
1953 2262 2184 2315 actibus

642 2351 887 2408 aliarum
934 2352 1348 2422 potentiarum)
1392 2356 1682 2423 quatenus
1733 2350 1937 2405 subest
1981 2349 2188 2404 volun-

642 2443 769 2510 tati,
818 2448 875 2498 et
926 2442 1215 2510 profertur
1261 2441 1385 2497 sine
1446 2439 1902 2496 circumstantiis
1949 2438 2184 2495 debitis,

642 2533 805 2599 Quod
851 2534 930 2588 ait
971 2536 1278 2600 potentiam
1319 2534 1577 2588 motivam
1631 2531 1928 2600 despotice
1975 2529 2187 2601 subjici

642 2621 952 2691 voluntati,
982 2621 1127 2676 fallit
1161 2622 1217 2676 in
1249 2621 1601 2693 quibusdam
1640 2621 1924 2691 partibuS.
1957 2636 2082 2690 quae
2114 2619 2187 2673 ob

645 2711 1033 2784 sympathiam
1093 2728 1227 2766 cum
1290 2711 1699 2782 imaginatione
1771 2714 1829 2765 et
1902 2712 2186 2781 appetitu,

643 2807 847 2857 contra
887 2816 1013 2856 eam
1066 2800 1409 2871 quandoque
1451 2804 1777 2865 moventur,
1838 2799 1908 2853 de
1957 2814 2073 2870 quo
2123 2802 2186 2854 D.

643 2889 850 2946 Thom.
886 2906 921 2942 1.
956 2891 1007 2942 2.
1050 2905 1107 2960 q.
1144 2889 1228 2944 17.
1262 2906 1315 2943 a.
1348 2888 1403 2943 9.
1432 2888 1502 2943 ad
1535 2888 1586 2942 3.
1624 2894 1867 2960 August.
1903 2887 1987 2943 14.
2020 2885 2186 2942 Civit.

648 2981 735 3036 16.

396 3180 503 3246 19.
751 3157 861 3232 Ad
940 3157 1446 3255 quaestionem
1534 3158 1950 3233 secundam
2050 3161 2195 3235 sol-

304 3293 506 3345 Sotutio
542 3305 622 3340 so·
654 3275 1014 3363 vendam,
1063 3274 1311 3372 primo
1355 3274 1771 3349 videndum
1842 3285 1955 3351 est
2012 3300 2197 3373 quo-

335 3356 593 3492 q‘issons‘iffi-
658 3392 884 3465 modo
914 3415 1166 3466 sermo
1227 3391 1322 3465 sit
1381 3390 1453 3463 in
1532 3400 1897 3488 potestate
1931 3395 2199 3467 volun-

398 3496 499 3531 Μ·
658 3508 877 3600 tatis3
941 3516 1016 3582 et
1090 3507 1459 3600 secundO,
1515 3510 1900 3605 quomodo
1959 3510 2034 3583 in
2106 3533 2197 3585 eo

657 3633 773 3700 est
809 3624 1119 3698 malitia.

332 3759 608 3821 Quomodo
758 3738 1146 3826 Quantum
1204 3739 1297 3812 ad
1332 3739 1722 3836 primum,
1781 3740 1949 3814 dico
1993 3742 2198 3838 quod

332 3826 608 3950 33‘53‘233}
661 3857 1001 3953 potentia
1067 3856 1351 3929 motiva
1418 3854 1495 3929 in
1569 3856 1879 3931 homine
1938 3857 2196 3932 obedit

353 3954 594 4062 {32²2ssssss
658 3973 1033 4048 voluntati
1124 3972 1561 4048 obedientia
1649 3974 1937 4066 servili,
2024 3997 2201 4072 quae

646 4092 907 4188 primo
950 4089 1187 4163 Polie.
1246 4114 1411 4186 cap.
1451 4090 1521 4162 9.
1566 4100 1890 4165 vocatur
1937 4091 2199 4189 despo-

658 4208 854 4291 tica,·
914 4206 1114 4282 unde
1193 4206 1273 4280 in
1341 4215 1637 4280 tantum
1707 4206 1850 4281 sibi
1914 4207 2197 4301 obedit,

660 4324 865 4420 quod
939 4324 1237 4397 nullum
1303 4323 1731 4397 membrum
1811 4324 2063 4400 habile
2105 4326 2200 4400 ad

661 4451 983 4534 motum,
1057 4440 1205 4515 nisi
1299 4441 1396 4515 sit
1484 4440 1813 4537 aridum,
1922 4445 2205 4518 resistit

659 4557 983 4654 imperio
1079 4558 1538 4644 voluntatis;
1638 4559 1768 4634 sed
1876 4560 2202 4635 formare

662 4697 891 4748 voces
933 4673 1375 4748 articulatas
1414 4683 1528 4748 est
1585 4684 1801 4749 actus
1842 4676 2205 4774 potentiae

665 4790 1002 4883 motivae,
1050 4789 1224 4864 licet
1282 4814 1435 4864 non
1479 4792 1773 4887 possint
1830 4792 1999 4867 elici
2055 4793 2204 4883 nisi

664 4906 1149 5003 praecedente
1236 4915 1406 4978 actu
1505 4905 2075 5001 imaginationis
2135 4917 2210 4983 et

667 5022 1150 5107 intellectus3
1189 5043 1372 5116 ergo
1414 5044 1665 5095 sermo
1700 5032 1810 5096 est
1843 5022 1918 5096 in
1953 5035 2211 5120 potes-

667 5148 818 5213 tate
851 5135 1298 5230 volnntatiS,
1331 5136 1392 5210 si
1425 5137 1689 5232 lingua
1720 5139 1817 5212 sit
1842 5138 2211 5237 disposita

670 5256 759 5331 ad
797 5263 1116 5347 motum,
1164 5262 1237 5327 ot
1276 5278 1428 5327 non
1466 5254 1561 5329 sit
1593 5255 1981 5354 impedita.

315 5364 466 5417 Unde
498 5359 626 5410 ‘¹⁵0³’
770 5371 1156 5457 Quantum
1187 5371 1277 5444 ad
1313 5371 1767 5466 secundum,
1805 5372 1973 5447 dico
2006 5375 2213 5470 quod

316 5435 405 5478 tur
437 5437 612 5474 sermo

2038 415 2282 490 LIBRI
2325 418 2413 489 11.

2285 596 2362 668 in
2405 598 2826 671 voluntate.
2862 593 3058 669 Nam
3125 600 3330 666 recta
3380 587 3570 663 ratio
3626 583 3826 683 judi-

2286 726 2404 789 cat
2482 716 2572 790 de
2650 715 3012 790 omnibus
3088 711 3385 787 actibus
3462 704 3825 783 humanis

2286 830 2735 905 interiorum
2772 827 3314 928 potentiarum,
3345 824 3516 897 illos
3548 822 3826 896 debere

2287 970 2455 1021 esse
2498 943 3303 1021 circumstantionatos
3346 949 3546 1014 recte
3601 935 3831 1040 rect}

2286 1064 2552 1140 tudine
2611 1064 2756 1138 sibi
2817 1062 3100 1155 debita,
3161 1058 3451 1135 scilicet
3517 1053 3830 1153 partici-

2287 1191 2490 1280 pata,
2535 1181 2922 1278 loquendo
2969 1180 3061 1255 de
3113 1176 3411 1252 actibus
3451 1171 3826 1272 potentia·

2290 1321 2458 1371 rum
2504 1296 2999 1387 interiorum3
3045 1292 3177 1368 sed
3210 1303 3427 1366 actus
3467 1287 3830 1388 potentiae

2290 1413 2600 1488 motivae
2632 1412 2897 1487 subest
2933 1408 3352 1500 voluntati3
3389 1429 3572 1502 ergo
3605 1403 3834 1479 dehet

2290 1554 2458 1606 esse
2529 1527 3367 1618 circumstantionatns,
3427 1532 3500 1598 et
3580 1531 3834 1597 rectus

2292 1647 2746 1723 rectitudine
2780 1644 2926 1720 sibi
2958 1643 3242 1735 debita,
3278 1650 3354 1718 et
3383 1638 3590 1738 quod
3626 1647 3834 1711 tran-

2292 1775 2452 1841 seat
2510 1750 2745 1862 snper
2786 1760 3211 1852 materiam,
3256 1767 3332 1832 et
3371 1755 3576 1855 quod
3624 1752 3836 1829 ordi-

2292 1890 2519 1956 netur
2556 1880 2649 1954 ad
2701 1878 3039 1954 debitum
3085 1875 3317 1950 finem
3375 1884 3447 1948 et
3510 1881 3831 1963 rectum,

2296 2009 2378 2096 ut
2468 1998 2759 2073 scilicet
2820 1994 3149 2070 aedificet
3229 1988 3691 2090 proximum,
3764 1993 3838 2060 et

2294 2113 2498 2211 quod
2570 2111 2913 2187 notificet
2993 2107 3182 2183 illud
3269 2105 3476 2203 quod
3565 2112 3681 2179 est
3756 2100 3835 2174 in

2295 2239 2667 2326 conceptu
2734 2227 3040 2319 mentiS‚
3084 2224 3307 2298 aliter
3346 2230 3549 2298 esset
3616 2242 3838 2293 men-

2296 2346 2650 2440 dacium;
2718 2369 2810 2420 ex
2877 2344 3169 2419 defectu
3245 2364 3427 2437 ergo
3505 2338 3840 2414 circum-

2297 2462 2596 2538 stantiae
2629 2461 2934 2554 debitoe,
2964 2482 3189 2558 quam
3216 2458 3573 2541 voluntas
3617 2454 3841 2528 debet

2298 2581 2704 2677 imperare,
2761 2587 2875 2653 est
2945 2575 3233 2651 malitia
3298 2574 3377 2647 in
3444 2573 3839 2646 voluntate

2295 2695 2739 2783 formaliter,
2795 2704 2870 2769 et
2936 2693 3012 2766 in
3076 2713 3432 2768 sermone
3497 2686 3844 2763 materia-

2296 2813 2491 2889 liter.

2394 2931 2506 3005 Ad
2584 2929 2915 3027 primum
3013 2932 3585 3023 argumentum,
3667 2920 3836 2994 dico
3986 2935 4098 3001 20,

2299 3047 2505 3146 quod
2601 3069 2789 3119 usus
2856 3039 3347 3117 instrumenti
3418 3038 3512 3113 ad
3602 3036 3833 3110 finem
3874 3049 4089 3163 Adarq.
4119 3051 4185 3161 {⁶

2301 3187 2558 3255 suum,
2605 3160 2781 3237 licet
2811 3159 2888 3233 in
2933 3183 3014 3234 se
3070 3180 3224 3232 non
3266 3155 3364 3230 sit
3408 3155 3653 3229 malus
3684 3153 3840 3226 for·
3894 3126 4087 3178 qum‘
4158 3150 4173 3162 “

2305 3280 2628 3373 maliter‚
2661 3285 2908 3376 potest
2939 3286 3193 3350 tamen
3238 3273 3313 3346 in
3341 3297 3431 3348 eo
3472 3294 3641 3347 esse
3676 3293 3844 3343 ma-

2304 3379 2465 3472 litia
2519 3393 3035 3486 materialiter,
3072 3392 3533 3487 inquantum
3604 3387 3848 3484 impe·

2306 3522 2517 3588 ratur
2573 3534 2619 3585 a
2677 3512 3097 3601 voluntate,
3156 3506 3235 3579 in
3278 3529 3432 3603 qua
3481 3513 3596 3578 est
3642 3501 3852 3575 mali-

2307 3631 2413 3705 tia
2453 3627 2897 3720 formaliter,
2934 3649 3106 3700 cum
3177 3621 3505 3698 intendit
3557 3622 3848 3695 malum

2307 3746 2569 3820 finem.
2634 3744 2852 3819 Unde
2914 3750 3138 3817 utens
3202 3741 3715 3814 instrumento
3756 3736 3851 3811 ad

2308 3862 2572 3955 finem,
2614 3871 2695 3936 ut
2735 3860 2828 3935 ad
2888 3858 3120 3933 finem
3164 3881 3423 3950 suum,
3461 3880 3614 3930 non
3677 3877 3854 3952 pec-

2308 3989 2428 4055 cat
2499 3977 2780 4053 utendo
2842 3999 2961 4069 eo,
3025 3974 3090 4049 si
3173 3973 3409 4047 utitur
3466 3996 3555 4047 eo
3598 3970 3854 4045 debito

2311 4095 2564 4183 modo,
2665 4090 3093 4167 secundum
3164 4088 3542 4163 dictamen
3625 4095 3854 4160 recta}

2310 4212 2655 4287 rationis.
3766 4209 3778 4216 ’

2407 4330 2517 4404 Ad
2553 4327 3007 4417 secundum,
3055 4326 3224 4401 dico
3257 4326 3462 4423 quod
3497 4325 3625 4399 illa
3687 4346 3853 4397 ma-
3885 4324 4191 4435 *dsssgssn'

2311 4446 2472 4520 litia
2524 4454 2640 4520 est
2677 4444 2756 4516 in
2798 4467 2985 4518 voce
3064 4442 3581 4535 materialiter,
3626 4449 3850 4539 prout
3881 4447 4197 4561 ‘'ffiffiggi·

2312 4573 2428 4638 est
2506 4558 3046 4657 significativa.
3123 4561 3216 4633 Et
3307 4581 3481 4633 cum
3574 4557 3855 4631 dicitur
3935 4574 4146 4623 aunum

2314 4678 2518 4777 quod
2586 4675 2972 4774 impositio
3039 4677 3330 4749 nullam
3408 4673 3850 4772 qualitatem
3928 4637 4175 4762 33ῗέξῖ

2312 4794 2484 4869 voci
2546 4792 2838 4885 tribuit,
2884 4792 3053 4866 dico
3118 4792 3324 4888 qnod
3384 4813 3650 4864 verum
3712 4799 3853 4883 est,
3972 4767 4110 4812 ‘⁰¹¹¹'

2319 4935 2458 4985 nec
2492 4910 2830 5007 aliquam
2870 4907 3496 5000 intellectionem,
3544 4929 3684 4980 nec
3734 4906 3863 4980 ali-

2318 5050 2544 5125 quem
2602 5036 3084 5123 conceptum.
3147 5024 3366 5098 Unde
3409 5022 3599 5096 nihil
3660 5024 3863 5096 valet

2320 5143 2526 5241 quod
2568 5142 2803 5238 aliqui
2839 5142 3131 5235 dicunt,
3187 5140 3392 5237 quod
3434 5164 3581 5213 vox
3623 5139 3865 5235 signi-

2320 5258 2627 5333 ficativa
2685 5252 3033 5333 'continet
3085 5258 3163 5330 in
3241 5280 3322 5331 se
3378 5266 3859 5353 conceptum,

2325 5400 2552 5474 quem
2591 5386 2857 5451 causat
2889 5376 2966 5448 in
3002 5376 3284 5450 anima.
3335 5374 3412 5448 Si
3457 5374 3662 5448 enim
3719 5374 3863 5445 hoc

344 5487 607 5601 pffgfflf·
675 5487 989 5574 malitia,
1036 5487 1196 5562 sive
1264 5499 1691 5585 peccatum,
1738 5499 1850 5565 est
1931 5491 2008 5564 in
2049 5516 2216 5566 ser-
2326 5502 2528 5569 esset
2557 5518 2856 5585 verum,
2894 5502 3076 5567 tunc
3128 5500 3386 5589 posset
3415 5514 3564 5563 vox
3627 5488 3867 5584 signi-

678 5628 902 5678 mone
984 5603 1504 5699 materialiter,
1549 5606 1965 5682 formaliter
2034 5631 2214 5682 vero

2326 5609 2632 5686 ficativa
2693 5608 2954 5684 audita
3009 5630 3318 5683 movere
3395 5606 3867 5680 intellectum
