4295 6326
701 481 830 550 40ss

809 655 1197 742 Quantum
1243 673 1424 725 vero
1471 648 1562 721 ad
1614 643 1932 742 gratiam
1996 641 2252 740 poeni-

710 771 1138 862 tentialem,
1180 764 1455 840 meruit
1487 772 1567 837 ut
1597 784 1830 836 causa
1875 758 2255 857 principa-

715 891 834 982 lis,
875 911 1024 961 non
1068 895 1147 960 ut
1184 883 1429 958 totalis
1471 903 1730 971 causa,
1769 877 1952 976 quia
1983 876 2073 950 ad
2108 878 2253 948 hoc

713 1007 1137 1107 requiritur
1172 1015 1249 1078 ut
1274 1003 1634 1075 voluntas
1672 1006 1933 1071 nostra
1974 1018 2257 1093 coope-

717 1136 929 1201 retur
965 1121 1234 1196 merito
1268 1116 1653 1217 passionis
1679 1114 1986 1205 Christi,
2018 1109 2099 1185 u't
2147 1111 2258 1185 sic

716 1250 1102 1316 mereatur
1174 1239 1382 1311 illam
1455 1232 1774 1331 gratiam
1835 1232 2105 1306 saltem
2167 1229 2259 1302 de

721 1382 1065 1457 congruo
1111 1378 1248 1455 per
1296 1353 1632 1451 aliquam
1690 1347 2257 1440 contritionem,

721 1501 953 1577 quam
989 1485 1243 1549 tamen
1285 1470 1559 1545 meruit
1587 1466 1808 1542 nobis
1860 1463 2114 1563 passio
2171 1464 2262 1537 de

724 1594 1133 1689 condigno,

437 1727 633 1800 Metuit
825 1713 1215 1800 Quantum
1279 1729 1461 1779 vero
1511 1703 1604 1778 ad
1672 1700 2023 1799 gloriam,
2095 1699 2265 1773 dico

422 1804 651 1917 ³¹33}ss
728 1830 932 1930 quod
990 1826 1268 1902 meruit
1302 1822 1605 1921 januae]
1627 1820 2129 1918 apertionem,
2185 1824 2268 1891 ut

376 1931 686 2041 ρῖξζῗοιῗὲὧ
732 1970 966 2023 causa
1005 1943 1286 2035 totalis,
1332 1939 1622 2015 scilicet
1653 1948 1737 2012 ut
1793 1935 2044 2011 statim
2099 1942 2270 2032 post

385 2042 668 2162 “gfffflss‘g‘r’
728 2062 1164 2162 passionem
1203 2058 1369 2155 ejus
1401 2056 1566 2130 sine
1587 2054 1844 2152 aliquo
1870 2052 2266 2126 obstaculo

406 2168 677 2232 praeviam.
727 2187 1021 2278 pateret
1050 2177 1475 2273 ingressuS,
1543 2169 1748 2268 quod
1804 2177 2058 2242 tamen
2109 2190 2263 2239 non

728 2294 1007 2370 meruit
1064 2315 1201 2389 per
1280 2288 1712 2386 passionem
1821 2282 2261 2381 praevisam,

725 2435 865 2510 per
922 2431 1147 2506 quam
1230 2415 1483 2479 tamen
1586 2401 1862 2475 meruit
1938 2398 2264 2495 gratiam

722 2523 1328 2627 poenitentialem
1434 2518 1773 2614 antiquis
1874 2515 2256 2605 PatribuS,

719 2647 851 2720 sed
886 2652 1179 2719 tantum
1217 2663 1351 2739 per
1401 2636 1834 2735 passionem
1902 2644 2069 2708 actu
2134 2658 2264 2707 ex-

720 2762 1039 2837 bibitam
1086 2757 1368 2833 meruit
1435 2753 1906 2853 apertionem
1963 2752 2256 2848 januae.

719 2884 812 2955 Et
868 2879 1039 2954 ideo
1109 2873 1393 2951 sanctis
1473 2871 1832 2945 Patribus
1909 2894 2061 2944 non
2126 2869 2261 2942 fuit

708 2996 954 3092 janua
1047 3000 1335 3090 aperta,
1431 2988 1605 3061 licet
1720 2986 1946 3060 suerit
2036 2987 2263 3083 culpa

719 3111 1061 3206 dimissa,
1126 3108 1324 3185 sicut
1388 3105 1449 3181 si
1518 3105 1681 3179 Rex
1748 3102 2027 3201 aliquis
2102 3102 2262 3202 pri-

716 3238 974 3306 vasset
1043 3226 1344 3324 aliquos
1435 3222 1879 3297 haereditate
1951 3230 2262 3319 propter

717 3346 1085 3421 offensam
1168 3351 1602 3439 parentum,
1690 3338 1866 3411 licet
1932 3336 2262 3434 praevisa

724 3467 800 3534 et
863 3464 1257 3553 acceptata
1303 3452 1729 3550 placatione
1780 3448 2106 3545 alicujus
2141 3449 2261 3523 fu-

718 3574 869 3649 turi
896 3574 988 3646 de
1022 3570 1417 3669 progenie,
1455 3593 1590 3666 pro
1638 3591 1790 3665 quo
1843 3565 2259 3640 remitteret

717 3689 1117 3781 offensam,
1158 3710 1313 3760 non
1355 3696 1610 3758 tamen
1663 3673 1775 3756 e'is
1826 3680 2260 3755 restitueret

718 3805 1271 3889 haereditatem,
1319 3801 1465 3874 nisi
1536 3799 1963 3898 placatione
2024 3797 2256 3872 futuri

716 3932 885 3997 actu
967 3919 1329 3994 exhibita.
1396 3916 1520 3990 Sic
1606 3915 1791 3988 illud
1901 3913 2254 3987 meritum

717 4035 1100 4136 passionis
1154 4032 1432 4107 Christi
1510 4030 1922 4129 praevisum
1994 4053 2034 4103 a
2094 4030 2255 4102 Deo

717 4162 1159 4252 acceptante
1228 4159 1636 4247 antequam
1691 4148 2261 4247 praeexhibere-

721 4282 870 4356 tur,
924 4268 1489 4365 acceptabatur,
1554 4275 1631 4339 ut
1682 4289 1817 4363 pro
1860 4289 1949 4338 eo
2013 4264 2263 4338 dimit-

718 4398 1009 4463 teretur
1074 4383 1391 4478 offensa,
1464 4391 1537 4456 et
1634 4383 1857 4456 etiam
1949 4382 2261 4456 daretur

720 4498 1007 4580 donum
1053 4501 1320 4598 gratiae
1375 4499 1761 4591 omnibus,
1832 4497 1961 4594 qui
2011 4498 2260 4572 credi-

719 4624 998 4696 derunt
1030 4618 1217 4691 illud
1262 4638 1426 4690 esse
1456 4614 2055 4713 impendendum
2121 4640 2256 4711 pro

718 4736 1170 4814 remissione
1212 4735 1459 4831 culpae
1508 4734 1625 4807 vel
1678 4729 2019 4825 offensae,
2084 4732 2259 4805 licet

718 4882 867 4932 non
941 4853 1508 4952 acceptabatur,
1585 4859 1663 4925 ut
1757 4874 1893 4947 pro
1982 4873 2074 4923 ea
2138 4849 2258 4945 ja-

717 4995 872 5044 nua
926 4971 1353 5068 aperiretur
1393 4978 1801 5064 autequam
1857 4967 2257 5040 exhibere-

722 5098 863 5161 tur.

472 5220 576 5283 1¹.
814 5205 1094 5277 Contra
1127 5203 1309 5275 illud
1356 5202 1705 5296 arguitur
1735 5201 1842 5274 sic
1888 5224 1902 5274 :
1960 5198 2039 5272 Si
2095 5223 2258 5272 me-

395 5309 656 5435 ”iffiffissffl
715 5322 976 5413 ritum,
1018 5331 1097 5393 ut
1140 5317 1581 5416 praevisum,
1628 5317 1722 5390 sit
1774 5339 2005 5389 causa
2069 5340 2257 5413 prae-

719 5437 876 5524 mii,
925 5459 1105 5531 ergo
1167 5433 1470 5505 videtur
1528 5431 1729 5528 quod
1794 5430 2062 5526 Angeli
2117 5454 2257 5527 po·-

707 5555 1040 5630 tuissent
1101 5552 1472 5625 meruisse
1524 5549 2071 5624 beatitudinem
2125 5572 2256 5622 an·-

710 5685 1018 5771 tequam
1052 5672 1260 5745 illam
1296 5669 1776 5761 habuissent,
1841 5667 2022 5766 quia
2088 5692 2255 5766 pos-

2168 466 2402 534 LlBRl
2455 465 2573 537 111.

2360 649 2470 715 set
2522 639 2684 714 dari
2762 638 2875 714 eis
2938 650 3247 739 propter
3324 644 3580 720 sutura
3640 647 3913 722 merita

2359 756 2715 855 praevisa,
2805 755 3003 830 sicut
3102 758 3380 833 dicitur
3481 761 3556 835 in
3642 787 3911 861 propo-

2361 873 2530 947 sito.

2466 994 2873 1085 Praeterea,
2964 994 3022 1065 si
3111 994 3399 1092 aliquid
3486 998 3904 1094 praevisum

2365 1110 2644 1184 meruit
2710 1111 3029 1205 gratiam
3093 1110 3450 1185 Patribus
3536 1113 3907 1212 antiquis»,

2368 1234 2777 1321 antequam
2817 1225 3005 1299 illud
3039 1227 3394 1301 meritum
3432 1239 3633 1303 esset
3692 1231 3914 1304 exhi-

2370 1341 2640 1427 bitum,
2721 1342 2968 1439 potuit
3042 1342 3277 1439 igitur
3331 1346 3479 1420 tale
3551 1346 3911 1421 meritum

2369 1460 2787 1558 proevisum
2834 1461 3111 1535 mereri
3154 1463 3913 1560 praedestinationem

2373 1577 2787 1674 aliquibus.
2854 1577 2934 1652 Si
2992 1577 3194 1652 enim
3252 1581 3467 1671 illud,
3528 1592 3608 1656 ut
3647 1582 3919 1681 praevi-

2374 1720 2575 1790 sum,
2676 1696 3020 1770 nondum
3108 1708 3364 1773 tamen
3451 1701 3911 1794 exhibitum,

2375 1812 2621 1910 potuit
2705 1836 2871 1888 esse
2955 1815 3148 1888 ratio
3228 1818 3572 1891 merendi
3652 1818 3917 1916 praeci-

2375 1953 2612 2027 puum
2649 1930 2940 2004 bonum
2992 1928 3322 2027 finitum,
3386 1941 3465 2007 ut
3531 1934 3909 2030 gratiam,

2374 2070 2556 2141 ergo
2590 2047 3374 2144 praedestinationem,
3412 2074 3588 2124 cum
3639 2052 3917 2126 simili-

2370 2173 2487 2237 ter
2543 2163 2640 2237 sit
2696 2164 2985 2237 bonum
3054 2163 3357 2240 finitum
3428 2178 3501 2242 et
3559 2191 3919 2245 necessa-

2372 2280 2570 2354 rium
2603 2279 2690 2354 ad
2722 2282 3076 2355 salutem.

2470 2397 2927 2494 Respondeo
2982 2397 3178 2471 sicut
3212 2398 3452 2495 prius,
3510 2401 3713 2498 quod
3767 2426 3919 2477 me-

2372 2512 2599 2587 ritum
2666 2513 3050 2611 passionis
3105 2515 3385 2589 Christi
3432 2517 3919 2614 praevideba-

2369 2641 2519 2723 tur,
2602 2642 2684 2704 ut
2737 2631 3087 2704 meritum
3151 2633 3533 2729 passionis
3600 2635 3909 2723 Christi,

2372 2770 2522 2819 non
2568 2746 3217 2845 quibuscumque,
3274 2749 3408 2822 sed
3472 2749 3698 2824 certis
3748 2774 3918 2848 per-

2369 2860 2581 2935 sonis
2613 2861 2895 2947 electis.
2930 2873 3005 2936 et
3042 2862 3152 2936 sic
3186 2871 3500 2961 accepta
3527 2890 3571 2938 a
3601 2865 3793 2959 Deo,
3836 2876 3917 2941 ut

2369 2989 2679 3078 propter
2706 3003 2870 3055 eam
2907 2981 3216 3079 aliquod
3251 2982 3542 3056 bonum
3599 2983 3914 3059 daretur

2369 3096 2753 3192 PatribuS,
2862 3109 2945 3174 ut
3060 3098 3309 3196 gratia
3397 3110 3471 3174 et
3555 3101 3907 3177 remissio

2369 3213 2712 3309 offensae,
2776 3214 2953 3289 licet
3032 3240 3180 3290 non
3253 3226 3549 3291 tantum
3615 3218 3905 3293 bonum

2368 3331 2677 3406 daretur
2753 3342 3061 3429 propter
3135 3356 3332 3427 eam,
3418 3343 3498 3408 ut
3576 3334 3909 3433 praevisa

2370 3448 2620 3542 fuerit,
2666 3447 2864 3522 sicut
2894 3459 3299 3546 postquam
3342 3451 3682 3527 exhibita
3710 3464 3901 3549 erat,

2366 3574 2439 3639 et
2474 3567 2615 3639 hoc
2656 3577 2966 3664 propter
3008 3569 3512 3645 reverentiam
3548 3595 3902 3668 persona}

2366 3683 2755 3756 merentis.

2460 3798 2571 3871 Ad
2606 3798 2936 3895 primum
2981 3824 3161 3898 ergo
3202 3801 3642 3898 dicendum,
3695 3807 3899 3901 quod
4052 3825 4158 3891 12,

2364 3937 2511 3986 non
2583 3915 2932 4011 sequitur
3013 3919 3348 4013 Angelos
3442 3943 3666 4017 posse
3748 3946 3904 3995 me-
3934 3913 4268 4039 Agriffiffif'

2365 4028 2612 4104 ruisse
2704 4054 2969 4104 eorum
3067 4032 3647 4128 beatitudinem,
3719 4036 3903 4134 quia

2371 4147 2908 4222 universaliter
2955 4173 3343 4223 summum
3398 4151 3681 4227 bonum
3753 4177 3903 4227 res-

2366 4272 2586 4361 pectu
2662 4265 2883 4360 cujus
2959 4277 3073 4340 est
3132 4252 3898 4368 meritum'aliquod,

2366 4403 2519 4453 non
2564 4381 2953 4456 confertur
2983 4381 3125 4456 nisi
3162 4383 3412 4481 ipsum
3458 4393 3627 4458 actu
3686 4385 3906 4460 exhi-

2364 4496 2672 4590 beatur3
2710 4499 2914 4584 undo
2949 4509 3123 4572 ante
3152 4500 3587 4596 passionem
3622 4501 3902 4575 Christi

2369 4613 2895 4689 remittebatur
2935 4613 3252 4703 offensa,
3318 4617 3449 4691 sed
3512 4642 3663 4692 non
3733 4643 3905 4717 ape·

2365 4731 2992 4828 riebaturjanua.
3031 4732 3155 4807 Sic
3189 4733 3392 4808 enim
3430 4735 3602 4808 fecit
3633 4735 3899 4822 David,
3931 4793 3978 4841 2·
4008 4791 4132 4854 neg·
4180 4795 4261 4842 μ·

2364 4872 2540 4922 cum
2612 4850 3025 4924 remitteret
3109 4854 3414 4949 culpam
3506 4852 3894 4927 Absalom.

2366 4967 2623 5040 Potuit
2689 4990 2870 5060 ergo
2928 4967 3181 5064 passio
3234 4967 3512 5042 Christi
3577 4969 3904 5065 praevisa

2368 5085 2620 5156 valere
2664 5083 3051 5158 meritorie
3103 5084 3197 5157 ad
3249 5084 3559 5182 aliquod
3610 5085 3899 5159 bonum

2365 5198 2919 5292 inchoativum,
2952 5207 3037 5272 ut
3067 5198 3157 5272 ad
3192 5199 3543 5294 gratiam,
3578 5201 3714 5275 sed
3746 5225 3896 5273 non

2366 5317 2455 5390 ad
2504 5317 2810 5413 aliquod
2844 5317 3129 5390 bonum
3180 5317 3562 5411 ultimum,
3601 5317 3748 5391 nisi
3808 5319 3905 5392 sit

2368 5443 2537 5507 actu
2600 5432 2963 5507 exhibita.
3035 5432 3401 5506 Ultimum
3460 5442 3712 5508 autem
3762 5434 3904 5508 bo-

2362 5574 2544 5624 num
2618 5550 2690 5622 in
2757 5550 3069 5645 Angelis
3140 5559 3253 5624 est
3338 5551 3756 5644 beatitudo,
3826 5560 3900 5624 et

2359 5668 2529 5743 ideo
2607 5692 2759 5742 non
2852 5668 3168 5743 decebat
3265 5680 3346 5743 ut
3426 5669 3902 5743 conferretur

3971 1017 4239 1068 Secunda.
