4295 6326
657 439 787 507 552
2036 429 2278 498 LIBRI
2323 428 2444 495 IV.

2426 603 2574 677 Sed
2617 612 2700 677 ut
2739 602 3093 678 videatur
3141 608 3526 704 quomodo
3589 608 3868 686 Sacra·
3897 635 4068 684 causa
4104 634 4206 685 eea-

665 611 1185 709 generationis
1225 611 1493 708 gratiae
1550 611 1626 684 in
1700 610 1983 702 anima,
2030 608 2211 705 quia
3933 699 3943 709 .

2327 730 2670 795 mentum
2727 722 2823 795 sit
2880 745 3114 797 causa
3158 724 3501 800 efficiens
3565 728 3861 823 gratiae,
3900 711 4048 747 ‘³¹³⁰‘
4082 697 4181 747 ‘¹¹¹'

667 753 820 802 non
864 730 1109 805 abluit
1167 729 1535 821 animam,
1583 727 1728 800 nisi
1774 724 2210 800 inducendo
3998 762 4131 825 plex.

666 846 1020 943 gratiam.

766 964 983 1055 Item,
1039 961 1623 1036 Sacramentum
1667 969 1781 1034 est
1831 957 2213 1032 medicina

666 1078 1091 1178 spiritualis
1124 1078 1370 1176 ipsius
1402 1078 1681 1151 animae
1719 1104 1737 1169 3
1784 1076 1912 1150 sed
1966 1073 2212 1148 medi-

665 1195 840 1270 cina
880 1196 1112 1271 habet
1151 1196 1490 1292 aliquam
1528 1195 1884 1267 virtutem
1938 1192 2030 1265 ad
2082 1213 2210 1265 sa-

664 1313 1040 1407 nandum,
1087 1313 1493 1411 aliterbnon
1539 1319 1741 1386 esset
1782 1308 2204 1401 medicina3

664 1452 877 1528 ergo,
924 1440 1067 1505 etc.

761 1548 982 1641 Item,
1020 1572 1223 1622 nova
1260 1547 1527 1621 relatio
1572 1569 1721 1620 non
1759 1553 2006 1643 potest
2063 1543 2211 1617 ali-

662 1665 788 1739 cui
855 1666 1222 1740 advenire
1277 1665 1368 1739 de
1439 1688 1640 1738 novo
1701 1663 1866 1737 sine
1944 1660 2204 1757 aliquo

656 1782 1012 1856 absoluto
1043 1806 1273 1869 novo,
1307 1792 1392 1855 ut
1423 1781 1752 1855 habetur
1780 1779 1850 1851 5.
1882 1777 2198 1877 Plzysz'c.

652 1903 837 1971 teoet.
921 1898 1036 1970 10.
1085 1898 1232 1973 Sed
1304 1921 1506 1995 aqua
1570 1906 1643 1971 et
1696 1895 2049 1987 verbum,
2125 1903 2205 1967 ut

652 2023 1137 2088 concernunt
1232 2014 1603 2087 rationem
1694 2010 2199 2102 Sacramenti,

651 2129 940 2204 habent
1019 2129 1471 2204 relationem
1540 2128 1740 2225 signi
1814 2126 2202 2202 sensibilis

652 2254 1010 2343 respectu
1045 2246 1313 2341 gratiae
1367 2244 1778 2318 invisibilis
1808 2252 1882 2318 et
1935 2244 2202 2316 insen-

649 2360 946 2456 sibilis;
984 2385 1168 2458 ergo
1215 2361 1636 2458 requiritur
1666 2360 1743 2433 in
1791 2359 1901 2434 eis
1941 2358 2201 2456 aliqua

648 2477 900 2554 virtus
943 2479 1297 2553 absoluta
1321 2500 1526 2552 nova
1548 2486 1895 2575 respectu
1930 2475 2197 2571 gratiae

647 2599 1038 2673 creandae.

337 980 598 1035 Secunda.

379 1565 569 1615 Tertia.

1195 2911 1562 2969 SCHOLIUM
1604 2915 1649 2968 1.

713 3065 962 3126 adducit
991 3064 1167 3137 primo
1208 3065 1557 3122 sententiam
1594 3064 1661 3120 D.
1702 3064 1908 3121 Thom.
1942 3082 2044 3137 pro
2076 3065 2193 3138 pri·

643 3176 742 3217 ma
774 3159 1121 3233 quaestione,
1156 3158 1377 3217 scilicet
1418 3163 1793 3217 Sacramenta
1841 3176 1999 3216 novae
2050 3158 2193 3231 legis

641 3267 771 3308 esse
819 3268 1027 3308 causas
1076 3251 1293 3324 gratias,
1350 3251 1487 3323 quia
1554 3250 2079 3307 instrumentaliter
2134 3257 2193 3308 et

639 3341 881 3414 physice
913 3345 1160 3398 causant
1191 3357 1305 3396 non
1348 3343 1537 3411 ipsam
1586 3343 1861 3413 gratiam,
1915 3341 2014 3397 sed
2070 3341 2189 3398 dis·

639 3432 989 3502 positionem
1020 3432 1148 3503 ejus
1196 3430 1488 3504 praeviam,
1535 3448 1659 3503 quae
1718 3430 1776 3486 in
1836 3431 2189 3503 quibusdam

638 3526 727 3578 est
759 3521 1085 3588 character,
1116 3521 1175 3575 in
1208 3520 1340 3576 aliis
1387 3530 1647 3587 ornatus,
1716 3531 1771 3577 et
1817 3522 1901 3577 sic
1948 3528 2192 3579 causant

634 3611 876 3684 physice
906 3611 1248 3683 dispositive
1306 3612 1576 3683 gratiam.
1630 3610 1829 3675 Quoad
1864 3613 2184 3668 secundam

636 3700 1018 3773 quaestionem
1052 3699 1117 3755 D.
1153 3697 1404 3754 Thomas
1434 3699 1595 3772 ponit
1625 3698 1877 3770 aliquam
1910 3700 2183 3756 virtutem

633 3788 1136 3861 supernaturalem
1191 3787 1519 3845 absolutam
1581 3806 1682 3860 per
1741 3790 1978 3846 modum
2031 3793 2183 3847 entis

635 3878 994 3950 incompleti,
1027 3884 1085 3935 et
1114 3878 1172 3934 in
1200 3880 1329 3949 fieri
1357 3878 1417 3933 in
1452 3879 1835 3935 sacramentis
1892 3896 2047 3935 novae
2104 3880 2183 3936 le-

634 3969 745 4040 gis,
782 3985 881 4040 per
913 3984 1085 4040 quam
1116 3976 1366 4024 causant
1398 3968 1926 4025 instrumentaliter
1956 3974 2014 4024 et
2040 3969 2183 4043 phy·

633 4059 748 4114 sice
778 4058 1049 4131 gratiam,
1085 4058 1256 4115 modo
1281 4060 1405 4129 jam
1437 4059 1743 4131 explicate,
1786 4061 1942 4132 quod
1978 4059 2182 4132 aliqui-

635 4149 745 4204 bus
775 4147 1056 4219 exemplis
1087 4148 1362 4206 declarat.

407 4370 470 4436 4,
731 4346 843 4420 Ad
912 4345 1239 4444 primam
1315 4345 1823 4442 quaestionem
1901 4346 2180 4421 dicitur

288 4485 487 4545 omnio
540 4488 593 4539 o.
633 4464 840 4561 quod
910 4465 1410 4539 Sacramenta
1476 4487 1699 4538 novae
1780 4465 1970 4561 legis
2033 4464 2177 4538 ali-

344 4549 531 4600 T¹¹⁰¹¹¹'
630 4605 863 4680 quam
906 4605 1043 4678 per
1093 4605 1172 4655 se
1206 4581 1623 4656 efficaciam
1684 4582 1969 4655 habent
2014 4606 2177 4655 res-

630 4708 853 4798 pectu
896 4699 1191 4795 gratiae,
1238 4700 1420 4798 quia
1459 4698 1679 4773 aliter
1718 4724 1871 4773 non
1915 4715 2174 4777 esseut

627 4840 885 4891 causae
940 4815 1234 4912 gratiae,
1274 4815 1414 4889 nisi
1457 4839 1712 4890 causae
1753 4817 1919 4891 sine
1996 4820 2173 4916 qui-

628 4933 774 5008 bus
807 4955 992 5027 non,
1038 4935 1184 5007 hoc
1232 4942 1346 5008 est
1385 4932 1970 5008 inconveniens.
2018 4936 2169 5011 De-

626 5049 874 5124 finitio
916 5051 1143 5125 etiam
1202 5051 1690 5144 sacramenti,
1724 5075 1952 5148 quam
1999 5054 2170 5128 Ma-

624 5167 861 5262 gister
893 5167 1109 5263 ponit
1165 5166 1240 5239 in
1318 5167 1593 5260 littera,
1630 5167 1920 5243 scilicet
1961 5172 2166 5267 quod

621 5291 732 5359 est
768 5284 1183 5358 invisibilis
1210 5286 1486 5383 qratia?
1516 5286 1845 5360 visibilis
1874 5287 2160 5385 forma,

618 5409 703 5476 ut
745 5401 1019 5498 qratia?
1093 5400 1686 5475 similitudinem
1752 5412 1997 5500 yerat,
2094 5411 2170 5479 et

617 5543 848 5595 causa
879 5521 1181 5608 emistat,
1222 5522 1363 5593 hoc
1396 5520 1674 5614 innuit,
1712 5522 1931 5595 aliter
1962 5533 2166 5597 esset

618 5637 833 5711 falsa.

2323 838 2809 934 distinguunt
2831 863 3142 914 causam
3165 839 3656 937 efficientem,
3685 845 3867 941 quia

2325 956 2707 1052 quoddam
2791 968 2908 1030 est
2989 957 3331 1032 efficiens
3425 961 3850 1058 disponens

2322 1073 2707 1170 quoddam
2799 1083 2912 1147 est
2988 1073 3331 1150 efficiens
3429 1078 3859 1174 perficiens.

2320 1192 2577 1285 Agens
2619 1202 2874 1265 autem
2931 1191 3341 1288 perficiens
3393 1205 3507 1268 est
3540 1196 3846 1294 duplex,

2320 1308 2439 1380 vel
2475 1306 2824 1409 efficiens,
2849 1309 3300 1408 principale,
3338 1313 3541 1410 quod
3576 1301 3866 1389 scilicet

2320 1424 2597 1499 virtute
2640 1425 2948 1523 propria
2991 1426 3282 1501 inducit
3324 1429 3680 1504 ultimum
3724 1440 3865 1505 ter-

2320 1540 2667 1635 minum3
2729 1544 2853 1616 vel
2910 1543 3526 1640 instrumentale,
3590 1548 3861 1645 quoin

2317 1657 2597 1733 virtute
2659 1659 3005 1752 alteriuS,
3043 1669 3128 1735 ut
3184 1661 3499 1737 dolabra
3540 1664 3859 1738 sormam

2317 1773 2394 1846 in
2458 1775 2803 1850 materia.
2864 1776 3157 1851 Neutro
3203 1777 3525 1853 istorum
3595 1782 3865 1856 modo-

2313 1915 2400 1966 ru
2418 1917 2485 1964 m
2508 1902 2621 1968 est
2646 1893 3230 1969 Sacramentum
3262 1920 3499 1972 causa
3521 1900 3863 1975 efficiens

2313 2010 2636 2105 gratiam
2685 2010 2761 2084 in
2815 2011 3100 2106 anima,
3149 2013 3332 2110 quia
3388 2038 3530 2089 nec
3571 2016 3862 2113 princi-

2313 2127 2612 2224 paliter,
2650 2151 2793 2201 nec
2834 2127 3527 2206 instrumentaliter
3558 2132 3861 2229 attingit

2311 2243 2634 2340 gratiam
2678 2244 2979 2319 actione
3039 2268 3208 2335 sua,
3270 2248 3405 2322 sed
3456 2256 3571 2322 est
3618 2272 3856 2345 agens

2310 2360 2731 2457 disponens
2772 2362 2865 2434 ad
2925 2363 3277 2458 gratiam,
3340 2373 3415 2438 et
3481 2366 3626 2439 hoc
3696 2389 3845 2440 non

2308 2474 2385 2549 in
2463 2475 2745 2551 virtute
2819 2478 3150 2575 propria,
3213 2480 3348 2554 sed
3427 2480 3502 2554 in
3572 2481 3850 2557 virtute

2309 2594 2756 2692 principalis
2809 2596 3109 2692 agentis
3176 2598 3566 2697 attingens
3617 2610 3692 2675 et
3733 2601 3852 2675 in-

2306 2710 2598 2785 ducens
2647 2712 3057 2807 quamdam
3138 2713 3714 2811 dispositionem
3769 2717 3844 2791 in

2306 2826 2564 2900 anima
2631 2827 2724 2900 ad
2767 2827 3035 2925 gratiae
3103 2831 3703 2929 susceptionem,
3773 2844 3850 2907 ut

2304 2941 2642 3039 aliquem
2677 2945 3231 3040 characterem,
3269 2948 3395 3022 vel
3430 2949 3842 3044 quemdam

2302 3069 2656 3133 ornatum
2690 3060 3001 3149 animae,
3041 3063 3175 3159 qui
3204 3073 3320 3138 est
3350 3066 3848 3163 quodammo-

2303 3176 2398 3250 do
2440 3177 2922 3254 necessitans
2963 3180 3055 3254 ad
3097 3181 3366 3276 gratiae
3415 3185 3848 3282 susceptio-

2300 3317 2477 3368 nem
2508 3306 2581 3369 et
2613 3294 3110 3371 infusionem.

2398 3409 2529 3484 Isti
2598 3422 3167 3511 consequenter
3223 3417 3651 3491 secundum
3698 3419 3840 3492 hoc

2298 3528 2766 3624 respondent
2825 3531 2920 3604 ad
2971 3533 3394 3607 secundam
3471 3536 3843 3631 quaestio-

2296 3667 2503 3738 nem,
2548 3646 2753 3742 quod
2814 3646 2892 3719 in
2937 3647 3455 3727 Sacramentis
3525 3664 3640 3728 est
3697 3656 3841 3730 ali-

2295 3783 2450 3857 qua
2478 3761 2724 3835 virtus
2765 3762 3161 3840 inhaerens
3188 3778 3537 3865 respectu
3570 3773 3836 3867 gratiae

2292 3880 2677 3974 creandae,
2741 3890 2815 3954 et
2869 3881 3016 3957 ista
3058 3883 3302 3959 virtus
3369 3897 3484 3961 est
3541 3888 3834 3986 aliquid

2291 3997 2759 4091 absolutum,
2805 4024 2958 4073 non
2992 4013 3414 4099 respectuS,
3452 4029 3627 4080 nam
3657 4030 3829 4080 cum

2290 4113 2792 4190 Sacramenta
2835 4119 3170 4193 habeant
3202 4121 3540 4218 aliquam
3585 4122 3834 4199 effica-

2289 4232 2485 4305 ciam
2518 4243 2865 4331 respectu
2898 4236 3166 4331 gratiae
3199 4261 3291 4311 ex
3326 4241 3828 4337 responsione

2287 4349 2377 4421 ad
2443 4349 2763 4446 primam
2816 4353 3352 4448 quaestionem,
3401 4359 3829 4432 ostenditur

2286 4467 2489 4565 quod
2571 4469 2903 4543 habeant
2956 4471 3341 4566 virtutem,
3389 4498 3526 4571 per
3592 4498 3821 4572 quam

2284 4594 2605 4658 causent
2694 4585 3275 4683 dispositionem
3375 4590 3468 4663 ad
3555 4593 3822 4688 gratiae

2283 4701 2882 4799 susceptionem.
2969 4703 3152 4778 Iiaec
3245 4716 3499 4780 autem
3583 4710 3824 4785 virtus

2280 4841 2435 4891 non
2480 4828 2727 4917 potest
2756 4842 2924 4894 esse
2983 4821 3281 4917 relatio,
3328 4824 3510 4921 quia
3540 4850 3682 4902 nec
3710 4838 3825 4902 est

2280 4934 2745 5032 principium
2788 4937 3139 5031 actionis,
3213 4963 3354 5015 nec
3403 4943 3827 5030 terminus,-

2279 5074 2462 5147 ergo
2504 5061 2617 5126 est
2647 5051 2833 5150 quid
2866 5053 3333 5129 absolutum.

2375 5169 2523 5244 Sed
2599 5170 2662 5244 si
2732 5193 3070 5268 quaeraS,
3145 5175 3397 5270 qualis
3483 5177 3582 5251 sit
3677 5179 3821 5254 ista

2276 5287 2580 5361 virtus?
2628 5289 2912 5364 Dicunt
2952 5291 3156 5389 quod
3208 5316 3362 5366 non
3417 5305 3530 5368 est
3571 5296 3817 5371 virtus

2275 5405 2426 5479 fixa
2457 5416 2530 5479 et
2570 5406 2857 5503 quieta,
2902 5407 3098 5482 sicut
3153 5421 3268 5484 est
3315 5410 3559 5486 virtus
3600 5415 3817 5511 prin-

2274 5522 2542 5620 cipalis
2644 5524 2970 5618 agentis,
3053 5526 3183 5599 sed
3276 5551 3413 5625 per
3497 5531 3811 5606 modum

2274 5637 2571 5733 agentis
2622 5636 3232 5715 instrumentalis
3286 5651 3400 5716 est
3440 5643 3518 5717 in
3561 5645 3812 5719 conti-
