4295 6326
398 2885 665 2936 Secundo.

421 4046 615 4098 Tertio.

350 4969 649 5033 Gratiagra-

350 5032 419 5084 tis
448 5034 571 5084 data
589 5038 643 5082 et

347 5095 669 5169 gratum-sa·

391 5171 540 5208 ciens
571 5172 625 5206 m

365 5234 474 5285 quo
499 5220 645 5271 diffe-

435 5289 580 5335 runt.

728 340 856 408 640

733 515 891 590 riis.
974 515 1142 590 Non
1209 525 1464 591 tamen
1531 527 1900 614 *causatur
1986 515 2281 613 aliquid

732 634 1152 723 formaliter
1184 635 1260 708 in
1294 635 1402 709 sic
1439 634 1815 732 susceptis
1857 633 1949 707 ad
1980 656 2273 731 pacem,

734 751 881 825 nisi
955 751 1309 849 quaedam
1390 751 1655 826 relatio
1733 749 2077 835 rationis,
2142 772 2280 847 per

734 890 963 965 quam
1027 879 1326 943 tenetur
1382 869 1541 943 Rex
1610 851 2075 964 cognoscere
2147 890 2278 940 eos

735 1008 902 1060 esse
944 986 1036 1060 de
1070 985 1356 1059 familia
1387 1009 1552 1060 sua.
1592 985 1877 1059 Eodem
1913 984 2139 1057 modo
2199 982 2273 1055 in

733 1103 1152 1202 proposito,
1216 1102 1292 1176 in
1368 1103 1747 1200 baptizato
1829 1113 1902 1176 et
1987 1101 2276 1175 sancti-

733 1219 957 1294 ficato
990 1242 1127 1316 per
1176 1218 1683 1316 Baptismum,
1748 1226 1863 1291 est
1915 1217 2273 1314 quaedam

736 1336 1002 1411 relatio
1090 1334 1408 1411 rationis
1479 1330 1605 1408 ‘ad
1709 1333 2093 1408 Christum
2203 1343 2276 1408 et

732 1453 1008 1537 Deum,
1054 1451 1369 1526 fundata
1414 1435 1647 1547 super
1695 1460 1945 1524 actum
2007 1472 2276 1546 recep-

729 1580 920 1664 tum,
966 1570 1281 1669 quiJ‘am
1322 1567 1623 1642 transiit
1655 1568 1732 1640 in
1768 1568 2266 1665 praeteritum,

728 1688 1291 1778 adscribentem
1372 1709 1546 1759 eum
1601 1684 1910 1758 familiae
1958 1684 2266 1776 Christi,

726 1812 864 1902 per
916 1827 1145 1901 quem
1202 1812 1484 1895 actum,
1551 1812 1630 1874 ut
1697 1824 1833 1898 per
1881 1800 2267 1896 quoddam

725 1923 1034 2020 signum
1093 1921 1388 2015 efficaX,
1440 1919 1791 1994 Christus
1824 1919 2269 2016 recognovit

724 2040 979 2138 ipsum
1013 2063 1182 2115 esse
1215 2039 1308 2113 de
1350 2037 1640 2113 familia
1671 2061 1837 2112 sua.
1881 2038 1968 2110 Et
1999 2059 2088 2110 ex
2124 2039 2267 2112 hoc

723 2158 1073 2257 sequitur
1147 2155 1414 2231 relatio
1503 2141 1821 2229 rationis
1917 2178 2009 2228 ex
2071 2164 2261 2266 ‘actu

722 2276 1158 2351 intellectus
1245 2271 1763 2370 comparantis
1838 2271 2088 2369 ipsum
2172 2270 2263 2345 ad

720 2392 1136 2484 Christum,
1178 2399 1257 2464 ut
1287 2390 1379 2463 ad
1423 2387 1867 2481 Dominum,
1901 2387 1992 2462 de
2044 2388 2266 2484 cujus

724 2507 1010 2582 familia
1040 2507 1284 2581 factus
1339 2515 1453 2579 est
1504 2528 1638 2602 per
1693 2502 2261 2600 susceptionem

725 2625 943 2698 istius
974 2632 1215 2697 actus.

772 2828 775 2831 ,
822 2744 1037 2831 Item,
1084 2739 1423 2817 secundo
1485 2736 1833 2834 arguitur
1881 2737 1988 2812 sic
2026 2761 2041 2811 :
2087 2737 2261 2810 Non

723 2858 1027 2933 videtur
1066 2855 1486 2950 verisimile
1519 2855 1725 2952 quod
1775 2854 1851 2926 in
1904 2853 2031 2927 illo
2086 2864 2254 2927 actu

723 2975 796 3047 in
844 2997 997 3072 quo
1025 2973 1199 3072 quis
1241 2980 1529 3071 peccat,
1582 2970 2066 3068 imprimatur
2114 2970 2258 3044 sibi

718 3091 1028 3190 aliquod
1096 3091 1381 3165 donum
1432 3087 1570 3162 Dei
1617 3086 1804 3182 3sed
1830 3085 2055 3160 fictus
2093 3110 2263 3185 pec-

714 3216 835 3281 cat
867 3207 940 3281 in
1003 3207 1169 3305 ipso
1208 3209 1413 3297 {actu
1470 3203 1891 3301 recipiendi
1952 3202 2260 3300 Baptis-

716 3347 957 3416 mum,
1025 3330 1099 3396 et
1180 3344 1337 3394 non
1426 3320 1678 3393 solum
1761 3317 1942 3415 quia
2033 3316 2259 3392 fictus

714 3440 1049 3515 existens
1106 3438 1186 3510 in
1278 3445 1590 3536 peccato
1690 3434 2015 3529 mortali,
2123 3434 2257 3508 sed

644 3569 649 3575 '
712 3556 939 3630 etiam
1012 3554 1089 3627 in
1174 3552 1346 3628 ficte
1438 3550 2001 3648 suscipiendo;
2075 3574 2256 3646 ergo

710 3673 1000 3746 donum
1059 3670 1197 3745 Dei
1281 3694 1434 3744 non
1517 3668 1661 3743 sibi
1732 3666 2249 3764 imprimitur3

710 3791 973 3888 nullus
1004 3811 1185 3884 ergo
1231 3788 1653 3883 character„
1677 3783 2142 3881 imprimitur
2176 3784 2252 3856 in

709 3905 1131 4005 Baptismo.

811 4024 1024 4123 Item,
1107 4020 1329 4095 tertio
1384 4020 1492 4094 sic
1557 4046 1571 4092 :
1645 4019 1865 4094 Dona
1930 4020 2069 4095 Dei
2129 4022 2249 4095 vel

710 4149 893 4215 sunt
921 4138 1159 4235 gratis
1200 4139 1399 4227 data,
1445 4138 1566 4211 vel
1619 4146 1921 4234 gratum
1979 4137 2253 4211 facien-

711 4258 809 4332 tia
852 4286 870 4351 3
917 4257 981 4332 si
1022 4281 1204 4354 ergo
1246 4257 1640 4330 character
1680 4254 1901 4329 detur
1930 4255 2007 4328 in
2059 4255 2252 4352 Bap-

703 4374 958 4477 tismO,
1032 4385 1163 4448 aut
1228 4396 1411 4469 ergo
1495 4381 1575 4446 ut
1646 4372 1934 4446 donum
2010 4372 2248 4469 gratis

702 4493 994 4582 datum,
1039 4491 1161 4564 vel
1213 4498 1292 4562 ut
1336 4476 1636 4585 gratum
1697 4488 2005 4563 faciens.
2071 4488 2244 4563 Non

704 4608 981 4708 primO,
1018 4606 1201 4704 quia
1230 4605 1433 4679 dona
1471 4603 1707 4700 gratis
1738 4604 1911 4679 data
1968 4604 2247 4679 dantur

705 4735 1016 4826 propter
1064 4725 1353 4798 bonum
1415 4732 1489 4797 et
1557 4721 1958 4797 utilitatem
1993 4724 2247 4797 Eccle-

705 4844 870 4938 siae,
918 4851 1000 4918 ut
1032 4839 1457 4940 prophetia}
1491 4847 1564 4913 et
1602 4862 1888 4936 genera
1952 4839 2245 4934 lingua-

706 4985 908 5055 rum,
954 4983 1129 5058 quae
1171 4956 1522 5033 enuntiat
1564 4958 1973 5054 Apostolus
2024 4956 2094 5028 2.
2145 4956 2250 5030 ad

709 5077 1056 5155 Corinth.
1140 5078 1209 5148 9.
1273 5073 1716 5171 hujusmodi
1785 5083 2040 5148 autem
2113 5073 2245 5146 do-

703 5221 891 5272 num
963 5219 1118 5268 non
1197 5201 1310 5267 est
1367 5192 1786 5279 character,
1851 5189 2034 5289 quia
2085 5213 2240 5263 non

701 5316 906 5389 valet
944 5309 1173 5387 alicui
1209 5308 1303 5403 (si
1345 5309 1577 5400 valet)
1622 5306 1771 5381 nisi
1812 5306 1934 5381 cui
1985 5308 2235 5381 datur.

696 5433 855 5507 Nec
888 5439 1001 5505 est
1034 5429 1321 5503 donum
1355 5425 1642 5500 faciens
1681 5437 2013 5521 gratum,
2060 5424 2244 5523 quia

698 5543 1142 5646 hujusmodi
1203 5544 1404 5617 dona
1471 5565 1624 5615 non
1691 5551 2149 5640 separantur
2196 5565 2240 5616 a

2109 340 2347 408 LIBRI
2396 341 2516 409 lv.

2384 515 2628 611 gratia
2687 516 2766 590 iu
2843 515 3122 605 danda,
3207 517 3390 613 quia
3439 540 3593 591 non
3652 516 3937 589 dantur

2383 632 2550 706 sine
2591 633 2858 729 gratia,
2904 633 3084 731 quia
3125 633 3333 708 Deus
3394 657 3544 708 non
3597 631 3936 707 infundit

2382 747 2610 823 sidem
2646 758 2718 823 et
2748 773 2961 847 spem
2998 749 3393 824 formatam
3438 749 3605 824 sine
3645 749 3922 845 gratia,

2382 866 2557 940 licet
2621 876 2882 964 postea
2953 875 3405 941 remaneant
3462 866 3708 962 gratia
3775 889 3936 939 cor-

2381 993 2606 1080 rupta
2648 1010 2666 1075 3
2705 1005 2844 1057 nec
2893 983 3288 1058 invenitur
3346 982 3496 1059 alia
3562 982 3931 1056 instantia

2378 1099 2469 1172 de
2529 1098 2752 1172 donis
2811 1108 3116 1194 gratum
3192 1097 3681 1192 facientibUS,
3777 1098 3927 1172 nisi

2377 1215 2599 1290 detur
2629 1216 2705 1288 in
2743 1217 3158 1314 proposito.
3197 1218 3287 1290 Et
3330 1216 3521 1290 ratio
3557 1226 3698 1309 est,
3741 1215 3926 1314 quia

2374 1332 2663 1405 donum
2698 1330 2834 1407 Dei
2870 1341 2982 1407 est
3023 1333 3472 1430 perfectum,
3510 1342 3583 1407 et
3612 1333 3918 1406 nullum

2374 1459 2590 1524 curat
2649 1449 2793 1524 nisi
2850 1451 3178 1547 perfecte
3244 1461 3485 1545 curet,
3548 1452 3730 1550 quia
3780 1452 3921 1524 im·
4007 1460 4199 1572 ἓξὲξ

2363 1568 2584 1664 pium
2620 1573 2729 1641 est
2779 1567 3186 1643 dimidiam
3248 1593 3294 1643 a
3369 1569 3538 1643 Deo
3602 1591 3919 1666 sperare
3977 1583 4208 1646 samm·

2371 1683 2676 1756 veniam
2707 1699 2943 1778 ”ergo
2996 1708 3172 1758 Cum
3228 1685 3623 1759 character
3675 1685 3920 1782 possit
3954 1652 4224 1712 ⁰⁸²'⁰⁸⁹'⁹'

2372 1798 2671 1872 infundi
2714 1799 3066 1874 existenti
3118 1800 3192 1873 in
3248 1811 3562 1899 peccato
3614 1802 3914 1875 mortali

2372 1925 2445 1990 et
2485 1916 2650 1991 sine
2682 1918 2953 2013 gratia,
2990 1917 3340 2016 sequitur
3375 1920 3578 2016 quod
3614 1944 3771 1994 non
3800 1932 3919 1995 est

2370 2043 2674 2130 gratum
2712 2036 3024 2110 sacienS.

2471 2152 2685 2238 Item,
2768 2163 3038 2250 quarto
3106 2153 3214 2228 sic
3268 2178 3284 2228 :
3367 2154 3575 2228 Nihil
3634 2156 3921 2230 frustra
4097 2168 4152 2232 6.

2368 2269 2811 2365 ponendum
2872 2279 2985 2343 est
3066 2270 3142 2343 in
3233 2272 3529 2346 actibus
3603 2271 3913 2364 divinis,
3955 2289 4203 2396 Nouanu-

2371 2388 2551 2485 quia
2606 2389 2813 2464 Deus
2880 2400 2953 2464 et
3020 2387 3296 2466 natura
3354 2391 3549 2465 nihil
3621 2393 3919 2466 faciunt
3957 2351 4234 2462 ιιέἷῗζῗεῗ

2367 2505 2645 2580 frustra
2680 2533 2697 2599 ;
2734 2506 2865 2581 sed
2899 2506 2963 2580 si
2996 2518 3412 2604 poneretur
3451 2508 3741 2606 aliquid
3801 2510 3920 2584 sic
3993 2477 4234 2541 perunum,

2366 2621 2826 2719 impressum
2859 2622 2932 2695 in
2971 2625 3458 2723 susceptione
3491 2626 3907 2723 Baptismi‚

2367 2738 2755 2814 videretur
2819 2740 3002 2838 poni
3055 2741 3331 2816 frustra
3385 2768 3402 2829 ;
3470 2765 3678 2838 ergo.
3720 2743 3918 2817 Pro-
4233 2789 4234 2850 l

2364 2855 2568 2929 batio
2604 2853 2947 2950 minoris,
2994 2857 3165 2932 ideo
3223 2859 3535 2956 ponitur
3599 2862 3914 2935 charac—
4233 2873 4234 2954 l

2365 2982 2602 3048 terem
2645 2973 3010 3072 imprimi,
3065 2982 3148 3050 ut
3207 2986 3554 3051 cessante
3600 2974 3915 3052 fictione

2364 3100 2930 3165 sacramentum
3002 3091 3281 3167 habeat
3355 3116 3573 3169 suam
3644 3092 3914 3169 effica-
4233 3079 4234 3090 ¹

2364 3207 2775 3301 ciam3sed
2838 3208 2902 3282 si
2976 3233 3131 3283 non
3192 3219 3636 3306 poneretur,
3711 3210 3912 3284 nihil

2366 3323 2621 3399 minus
2683 3325 3005 3400 haberet
3071 3336 3637 3402 sacramentum
3685 3351 3912 3402 suam

2364 3439 2812 3534 efficaciam,
2880 3441 3064 3539 quia
3140 3452 3488 3518 cessante
3565 3442 3907 3538 fictione,

2362 3552 2624 3626 omnia
2664 3563 2973 3651 peccata
3015 3555 3509 3631 remittuntur
3560 3580 3698 3653 per
3741 3582 3915 3655 poe-

2363 3669 2793 3763 nitentiam,
2868 3681 2941 3745 et
3007 3672 3255 3746 solum
3319 3696 3454 3772 per
3520 3673 3915 3773 poeniten-

2359 3784 2538 3859 tiam
2612 3795 2935 3883 possunt
2992 3787 3274 3862 remitti
3328 3816 3346 3882 3
3420 3788 3587 3864 sine
3646 3801 3909 3865 autem

2357 3900 2810 4000 poenitentia
2877 3928 3032 3977 non
3126 3905 3649 4001 remittuntur,
3729 3908 3912 3984 licet

2358 4028 2689 4115 ponatur
2738 4022 3186 4115 character3
3244 4045 3426 4118 ergo
3480 4046 3570 4098 eo
3621 4025 3903 4122 posite,

2356 4137 2474 4210 vel
2511 4160 2664 4210 non
2699 4138 2972 4235 posite,
3029 4150 3596 4214 sacramentum
3663 4142 3910 4216 habe-

2357 4260 2470 4325 ret
2544 4275 2761 4326 suam
2831 4251 3276 4348 efficaciam,
3348 4264 3421 4330 et
3471 4255 3579 4330 ita
3618 4257 3908 4331 frustra

2354 4366 2691 4464 ponitur.
3480 4373 3486 4381 '

2449 4490 2675 4567 Dices
2707 4492 2910 4589 quod
2946 4494 3345 4569 recedente
3380 4493 3689 4571 fictione
3723 4520 3902 4595 pec·
3933 4506 4038 4618 ῥοῦ
4057 4505 4235 4614 enare-d

2350 4617 2518 4681 cata
2629 4608 3040 4683 commissa
3126 4619 3300 4683 ante
3406 4611 3897 4709 Baptismum
3963 4580 4229 4682 εὲιῖῗήε

2349 4723 2837 4799 dimittuntur
2876 4726 3154 4800 virtute
3188 4727 3644 4802 sacramenti
3685 4729 3901 4827 Bap-
3953 4699 4235 4808 ῗέἓῖἶῇ

2347 4840 2550 4915 tismi
2596 4870 2614 4935 3
2662 4866 2813 4916 non
2860 4851 3113 4916 autem
3177 4843 3670 4918 dimittuntur
3726 4845 3894 4938 illa,
3933 4819 4235 4933 2323&

2347 4957 2494 5030 nisi
2528 4956 2843 5033 effectus
2896 4957 3387 5034 immediatus
3430 4963 3899 5036 sacramenti
3932 4946 4235 5059 nfflg‘ssnnj'

2347 5086 2806 5168 remaneret,
2855 5099 3007 5174 quo
3040 5076 3501 5151 adscribitur
3545 5078 3901 5176 baptiza-

2344 5200 2467 5265 tus
2552 5191 2862 5265 familiae
2949 5192 3258 5286 Christi,
3365 5192 3495 5290 qui
3613 5194 3903 5270 dicitur

2342 5309 2763 5401 character,
2810 5309 2993 5405 quia
3025 5309 3245 5383 aliter
3276 5334 3431 5385 non
3465 5321 3669 5385 esset
3714 5314 3900 5410 plus

2343 5425 2435 5498 de
2469 5423 2760 5499 familia
2818 5424 3101 5500 Christi
3177 5436 3350 5524 post
3406 5427 3897 5525 Baptismum

2342 5564 2574 5639 quam
2625 5551 2829 5618 ante.
