4295 6326
669 396 801 464 458

678 566 792 640 ria
854 565 946 639 ad
1026 560 1543 658 cognitionem
1632 553 2219 654 principiorum,

679 695 1062 783 quatenus
1151 690 1268 755 est
1364 677 1798 753 necessaria
1901 674 1994 748 ad
2084 697 2224 770 ap-

2099 376 2333 446 LIBRI
2377 375 2499 443 Ill.

2335 551 2495 614 sunt,
2523 548 2578 600 et
2607 542 2915 600 defendere
2948 556 3040 596 res
3070 539 3221 603 lidei,
3254 535 3466 592 habere
3497 532 3674 589 alium
3707 528 3878 583 habi-

2333 643 2458 692 tum
2484 653 2516 690 a
2541 634 2672 701 fide,
2707 647 2878 704 quem
2915 635 3087 702 negat
3111 645 3239 685 esse
3281 627 3562 690 infusum,
3603 625 3693 676 est.
3740 634 3875 689 ergo

2332 727 2564 784 habitus
2615 726 2937 796 acquisitus
2989 720 3329 793 Theologiae.
3408 717 3554 771 Vide
3620 729 3750 768 eum
3813 711 3870 764 in

677 800 1275 901 prehensionem
1337 795 1872 871 terminorum.
1931 791 2223 864 Sensus
2332 817 2643 874 Oxon.hic
2675 817 2957 872 num.20.

676 918 884 994 enim
925 915 1096 990 lacit
1127 913 1218 989 ad
1277 911 1621 986 notitiam
1683 907 2215 995 terminorum,

678 1048 752 1113 et
794 1037 967 1110 licet
1007 1044 1187 1107 tunc
1222 1030 1447 1105 fuerit
1480 1030 1740 1121 falsuS,
1788 1025 2221 1100 intellectus

677 1165 935 1229 tamen
984 1148 1376 1247 cognoscit
1430 1144 1923 1245 principium,
1982 1151 2056 1216 et
2109 1149 2224 1216 est
2331 1115 2585 1189 cunda
2670 1112 3062 1211 ΟΡῘΠῙΟΠΘ,

2076 1259 2219 1331 1310
2332 1231 2638 1305 habitus
2697 1230 2825 1304 ille
2896 1252 3048 1301 non
3128 1223 3370 1300 estin
3452 1221 3711 1318 aliquo
3755 1219 3874 1291 lu-

681 1273 775 1347 de
818 1283 935 1347 eo.
984 1268 1202 1344 Unde
1272 1290 1408 1366 per
1463 1262 2015 1352 inductionem,

677 1391 903 1463 modo
964 1385 1408 1485 accipiendo
1483 1405 1680 1468 eam,
1732 1376 2222 1475 cognoscitur

1711 1496 1988 1596 plaudo
2083 1517 2220 1593 per
2328 1476 2901 1564 cognoscuntur
2960 1488 3049 1539 ex
3131 1460 3474 1537 terminis
3549 1458 3748 1532 notis
3827 1482 3872 1531 a

675 1506 1175 1606 principium,
1257 1502 1439 1600 quia
1542 1498 1702 1575 acci

677 1647 988 1700 sensum
1035 1617 1488 1717 singularia,
1527 1614 1837 1691 attrahit
1885 1613 2221 1686 intellec-

676 1752 799 1818 tus
855 1739 1316 1831 universale,
1371 1745 1443 1811 et
1507 1731 1896 1830 cognoscit
1951 1728 2216 1804 termi-

677 1882 843 1951 nos,
938 1882 1030 1933 ex
1134 1878 1288 1952 qua
1388 1849 1657 1925 notitia
1749 1845 2215 1944 principium

669 1975 1186 2073 cognoscitur,
1234 1996 1386 2046 non
1432 1979 1686 2044 tamen
1721 1962 2211 2041 assentiendo

662 2092 1332 2193 perintellectum,
1378 2088 1561 2186 quia
1623 2081 1913 2180 aliquid
1965 2080 2215 2154 senti-

656 2222 780 2286 tur
811 2235 946 2309 per
994 2231 1338 2287 sensum.

759 2333 849 2404 Et
891 2354 1067 2405 cum
1110 2328 1376 2401 dicunt
1408 2321 1613 2421 quod
1660 2317 1942 2394 sufficit
1994 2315 2208 2415 prin-

672 2447 871 2547 cipia
944 2471 1110 2522 esse
1211 2441 1646 2541 aliqualiter
1757 2447 1963 2530 nota,
2037 2434 2205 2507 dico

669 2568 871 2666 quod
906 2573 1203 2664 oportet
1233 2585 1399 2637 esse
1440 2558 1755 2634 omnino
1807 2579 1898 2631 ex
1948 2552 2208 2629 *termi-

653 2682 774 2756 nis
820 2705 976 2757 non
1037 2678 1353 2754 confuse
1429 2672 1785 2770 cognitis,
1849 2664 2204 2767 quamvis

655 2801 734 2874 in
807 2798 1070 2897 aliqua
1137 2795 1486 2887 scientia,
1559 2799 1740 2888 puta
1819 2786 2206 2862 subalter-

659 2925 865 3008 nata,
912 2937 1062 2986 non
1110 2910 1258 2985 nisi
1315 2932 1405 2984 ex
1481 2902 1829 2980 terminis
1885 2900 2199 2975 confuse

654 3030 854 3104 notis
882 3026 1261 3128 principia
1301 3032 1481 3100 sunt
1515 3045 1648 3121 per
1690 3044 1768 3096 se
1812 3028 2014 3102 nota,
2073 3015 2197 3088 vel

649 3149 919 3224 saltem
1020 3151 1597 3243 cognoscuntur
1677 3162 1768 3214 ex
1851 3132 2200 3211 terminis

650 3265 965 3339 confuse
1045 3261 1274 3354 notis,
1366 3259 1469 3332 ita
1555 3254 1760 3355 quod
1853 3276 2007 3327 non
2103 3250 2200 3325 sit

653 3405 967 3457 necesse
1014 3379 1208 3455 scire
1266 3374 1793 3452 definitionem
1854 3369 2190 3445 termini.

654 3499 873 3574 Unde
916 3497 1167 3573 omnis
1218 3494 1539 3570 scientia
1589 3488 1933 3589 partialis
1995 3511 2199 3585 prte-

652 3618 933 3693 cedens
999 3613 1601 3713 Metaphysicam
1675 3608 1943 3683 ordine
2011 3606 2199 3704 doc-

642 3735 896 3826 trinae,
958 3733 1069 3809 sic
1180 3732 1404 3806 habet
1502 3748 1968 3825 cognoscere
2055 3747 2201 3798 sua

644 3850 1032 3954 principia
1072 3874 1163 3925 ex
1196 3847 1637 3947 cognitione
1682 3844 2001 3919 confusa
2039 3852 2199 3916 ter-

643 3963 1063 4063 minorum,
1104 3969 1236 4044 sed
1280 3975 1453 4065 post
1492 3964 1892 4040 scientiam
1946 3962 2198 4037 Meta-

639 4090 988 4192 physicae
1053 4095 1630 4185 cognoscuntur
1706 4080 2195 4157 definitiones

639 4197 1152 4281 terminorum
1186 4202 1263 4276 in
1310 4199 1649 4276 scientiis
1708 4195 2195 4296 particulari-

640 4325 813 4418 bus,
860 4332 935 4398 et
987 4317 1371 4420 principia
1431 4340 1696 4392 eorum
1771 4314 2195 4413 probantur

648 4464 785 4540 per
833 4436 1212 4538 principia
1254 4432 1834 4532 Metaphysicae.
1891 4433 1981 4505 Et
2046 4432 2193 4504 hoc

647 4565 762 4633 est
831 4554 1038 4654 quod
1095 4553 1262 4626 vult
1315 4547 1715 4625 Avicenna
1772 4549 1853 4622 in
1927 4544 2190 4646 primo

644 4665 1100 4771 Metaphys.‘
1164 4693 1353 4762 suae,
1420 4691 1586 4765 cap.
1648 4667 1717 4765 3.
1757 4664 1960 4764 quod
2004 4664 2192 4737 ordo

650 4790 882 4886 hujus
915 4787 1256 4863 scientiae
1310 4796 1450 4879 est,
1510 4795 1589 4858 ut
1638 4784 1975 4858 discatur
2022 4791 2195 4881 post

652 4906 1014 4983 scientias
1072 4905 1461 4980 naturales
1513 4910 1589 4976 et
1647 4900 2195 4999 disciplinatio-

640 5049 806 5113 neS,
866 5047 1044 5098 cum
1102 5032 1357 5097 tamen
1459 5018 1833 5119 principia
1913 5018 2189 5092 iterum

647 5143 983 5219 habeant
1014 5142 1317 5242 probari
1364 5165 1498 5239 per
1529 5163 1724 5216 eam.

1163 5368 1525 5426 SCIIOLIUM
1565 5368 1655 5425 V1.

713 5524 898 5584 Solvit
952 5527 1299 5595 argumenta
1355 5537 1457 5595 pro
1511 5518 1752 5576 Heni-ico
1795 5518 1987 5591 posita
2023 5517 2206 5573 num(

647 5613 703 5671 7.
735 5614 820 5670 Ad
855 5611 1103 5686 primum
1137 5611 1397 5668 admittit
1427 5624 1544 5677 eos,
1576 5607 1669 5680 qui
1710 5606 1997 5679 explicare
2051 5623 2188 5678 pos-

2427 998 2538 1072 Ad
2593 996 2808 1089 illud,
2871 994 3075 1091 quod
3130 989 3535 1066 adducitur
3584 1008 3719 1084 pro
3761 1006 3871 1062 se·
3999 987 4124 1056 24.

3164 1106 3571 1182 dicendum
3665 1100 3869 1199 quod
3930 1103 4223 1218 A‘ifflffiff

2334 1349 2533 1423 mine
2598 1377 2616 1443 3
2683 1371 2836 1422 non
2927 1345 3134 1421 enim
3201 1339 3578 1441 principia
3637 1336 3871 1432 hujus

2327 1586 2575 1680 nobiS,
2673 1608 2813 1658 nec
2913 1583 3401 1657 deducuntur
3510 1600 3602 1651 ex
3700 1574 3871 1647 aliis

2324 1703 2722 1802 principiis
2791 1702 3015 1777 nolis.
3106 1698 3324 1773 Unde
3403 1694 3606 1793 quod
3689 1692 3869 1766 dicit

2322 1823 2830 1918 AugustinuS‚
2928 1820 3064 1918 qui
3154 1841 3307 1891 non
3352 1811 3870 1889 ·crediderint

2327 1939 2758 2038 Scrz’pturz‘s
2796 1939 3062 2030 sacri-5,
3135 1934 3477 2009 laborent
3538 1929 3858 2022 orando,

2325 2065 2409 2133 ul
2448 2057 2902 2154 inlelle'qant,
2959 2056 3104 2127 hoc
3137 2063 3251 2126 est
3307 2046 3855 2140 necessarium,

2322 2186 2402 2250 ut
2479 2174 2769 2249 scilicet
2835 2172 3092 2245 videre
3176 2167 3470 2267 possint
3538 2187 3859 2239 concor-

2317 2293 2521 2367 diam
2556 2315 2728 2365 cum
2767 2289 2937 2364 aliis
2980 2287 3054 2359 in
3086 2285 3509 2382 Scriptura,
3546 2293 3620 2357 et
3660 2282 3861 2355 Solu-

2314 2410 2565 2485 tiones
2621 2432 2885 2484 eorum
2958 2429 3133 2504 quae
3205 2401 3701 2499 objiciuntur,
3789 2406 3924 2473 et·

2315 2528 2484 2602 ideo
2520 2552 2672 2600 non
2709 2534 3008 2625 oportet
3049 2544 3332 2621 ponere
3375 2521 3602 2593 istum
3641 2516 3860 2591 habi-

2319 2657 2472 2720 tum
2511 2645 2585 2718 in
2631 2644 2779 2719 alio
2822 2642 3113 2716 lumine
3151 2668 3168 2735 3
3201 2650 3275 2714 et
3316 2639 3424 2713 sic
3474 2636 3849 2732 arguitur,

2317 2762 2517 2860 quod
2576 2759 2910 2835 rationes
2980 2781 3127 2831 non
3202 2756 3691 2830 'deducuntur
3759 2775 3850 2825 ex

2313 2876 2825 2968 evidentibuS,
2907 2874 3089 2971 quia
3156 2870 3530 2971 principia
3600 2869 3849 2967 prima

2315 2996 2531 3070 istius
2566 3019 2716 3069 non
2745 2992 3458 3092 apprehenduntur,
3510 3012 3646 3063 nec
3695 2996 3851 3064 ter-

2314 3113 2523 3188 mini.

2401 3232 2514 3305 Ad
2551 3230 2884 3330 primum
2921 3227 3370 3326 principale,
3433 3223 3845 3300 dicendum
3884 3252 3961 3326 Aa
3998 3267 4112 3315 arg.
4148 3254 4209 3302 iu

2308 3350 2512 3446 quod
2570 3348 2900 3422 Thomas
2959 3345 3165 3419 aliud
3225 3343 3441 3436 vidit,
3510 3350 3583 3416 et
3641 3319 4189 3444 anuap‘ggfflgg'e

2307 3467 2653 3561 credidit,
2792 3464 3215 3540 secundum
3356 3459 3843 3556 Gregorium,

2308 3587 2512 3658 hom.
2560 3583 2678 3656 26.
2744 3582 2824 3655 in
2892 3579 3312 3676 Evangelia
3359 3602 3373 3651 ε
3429 3577 3847 3650 Hominem

2306 3701 2524 3794 vidit,
2594 3710 2662 3774 el
2718 3699 2975 3772 Deum
3039 3696 3381 3788 credens,
3454 3692 3846 3790 confessus

2306 3826 2438 3913 est,
2485 3842 2656 3892 cum
2698 3816 2952 3890 dimit.-
2994 3814 3208 3887 Deus
3257 3836 3496 3905 meua,
3557 3819 3627 3884 el
3676 3811 3845 3884 Do—

2306 3937 2564 4009 minus
2595 3955 2832 4008 meus.

2399 4053 2508 4127 Ad
2589 4052 2809 4145 illud,
2884 4048 3088 4148 quod
3168 4046 3521 4145 arguitur
3579 4046 3956 4120 contra-Ad
3990 4061 4193 4097 “0⁰⁰-

2302 4173 2447 4245 hoc
2515 4170 2719 4267 quod
2770 4166 3109 4266 Apostoli
3168 4164 3529 4240 viderunt
3576 4164 3840 4238 Jesum
3916 4110 4159 4248 Αῗιὲἑῗόῑῐ,

2303 4287 2782 4381 crucifixum,
2865 4285 3033 4360 dico
3111 4284 3315 4383 quod
3403 4238 4194 4357 habuerunt⁰⁰d⁰er⁰532⁶¹‘

2307 4405 2627 4504 quilibet
2668 4427 2896 4478 unam
2961 4400 3218 4494 fidem,
3272 4423 3447 4497 quae
3499 4408 3613 4473 est
3673 4422 3842 4472 om-
3897 4363 4160 4476 Οῗξῗζῗὲῗ

2308 4523 2519 4597 nium
2588 4520 3097 4612 credibilium,
3173 4541 3322 4592 non
3385 4527 3640 4591 tamen
3703 4517 3845 4590 ha·
3871 4505 3997 4541 ¹⁰⁰⁰
4027 4504 4159 4542 ⁰⁸⁸²·

2298 4643 2636 4716 buerunt
2667 4638 2894 4713 fidem
2921 4637 3012 4711 de
3046 4638 3217 4728 hoc,
3255 4635 3545 4710 scilicet
3571 4634 3840 4708 Jesum

2301 4781 2458 4831 esse
2499 4753 2982 4852 crucifioeum.
3040 4751 3187 4827 Sed
3222 4760 3507 4844 tamen,
3570 4749 3633 4825 si
3684 4774 3839 4824 non

2302 4873 2568 4949 fuisset
2608 4869 2952 4963 evidens,
2990 4867 3443 4943 habuissent
3475 4867 3704 4942 sidem
3747 4867 3840 4940 ad

2300 4992 2445 5065 hoc
2525 4988 3024 5080 credendum,
3105 4994 3178 5060 et
3263 4983 3433 5059 ideo
3531 4984 3840 5082 quando

2297 5107 2664 5182 viderunt
2754 5105 3015 5180 Jesum
3111 5099 3592 5192 crucifixum,
3686 5125 3840 5176 non

2298 5230 2799 5300 asseruerunt
2874 5243 3009 5318 per
3095 5217 3350 5306 fidem,
3450 5239 3593 5291 nec
3672 5225 3843 5315 post

2300 5340 2611 5440 quando
2724 5335 3271 5433 recogitabant,
3400 5333 3837 5408 habuerunt

2297 5459 2522 5534 fidem
2560 5458 2651 5531 de
2685 5459 2855 5530 hoc.
4043 5518 4053 5524 .

2394 5578 2503 5652 Ad
2540 5576 2777 5669 aliud,
2815 5572 3225 5649 dicendum
3279 5572 3477 5670 quod
3526 5570 3834 5669 quando
3912 5612 3989 5664 Ad
4021 5618 4106 5667 m,
