4295 6326
650 345 774 412 194

642 535 779 609 per
835 535 980 609 se;
1043 514 1152 589 sic
1209 515 1289 589 in
1355 537 1639 612 genere
1697 535 1956 588 causae
2024 511 2195 587 effl-

640 629 913 704 cientis
962 642 1287 730 possunt
1338 630 1523 731 poni
1574 629 1727 704 duo
1782 628 2194 704 efficientia

637 745 1077 823 immediate
1136 749 1214 822 in
1274 771 1556 845 genere
1627 771 1797 842 su0,
1858 769 2190 844 quorum

638 888 881 939 unum
961 873 1076 940 est
1168 864 1507 940 nobilius
1587 874 1662 939 et
1745 862 2185 962 perfectiuS,

635 981 844 1056 aliud
893 981 1150 1058 minus
1190 983 1636 1082 perfectum.

290 1112 605 1178 A¹iaopinio
732 1100 902 1174 Alia
965 1100 1224 1199 opinio
1280 1100 1631 1176 similiter
1702 1106 1948 1197 potest
2013 1123 2191 1174 sus-

288 1181 579 1294 pssiissssiif‘
639 1215 892 1313 tineri,
962 1218 1028 1293 si
1108 1241 1344 1294 causa
1409 1242 1564 1293 una
1630 1226 1894 1292 causat
1956 1216 2186 1291 aliam

636 1335 993 1426 totaliter,
1080 1343 1153 1410 et
1211 1336 1343 1410 illa
1407 1337 1484 1409 in
1556 1358 1697 1409 suo
1761 1335 2032 1410 ordine
2092 1334 2188 1409 sit

631 1450 884 1526 totalis
943 1474 1179 1526 causa
1244 1450 1572 1548 alicujus
1612 1450 1841 1526 tertii.
1924 1450 2188 1524 Prima

629 1590 863 1642 causa
920 1591 1076 1641 non
1141 1577 1255 1642 est
1321 1567 1759 1641 immediate
1827 1576 2180 1665 respectu

625 1685 854 1780 tertii,
900 1685 1097 1760 sicut
1138 1694 1343 1783 patet
1383 1685 1474 1759 de
1533 1685 1968 1783 pluralitate
2025 1685 2181 1758 for-

626 1827 953 1878 marum.
1023 1804 1285 1878 Prima
1351 1804 1593 1878 forma
1651 1803 2177 1878 substantialis

623 1920 933 1996 advenit
1009 1919 1350 1995 materiae
1426 1920 1724 2018 primae,
1792 1920 1897 1995 ita
1970 1921 2174 2018 quod

622 2039 790 2136 ipsa
828 2046 942 2114 est
982 2037 1423 2113 immediata
1480 2061 1714 2112 causa
1756 2036 2174 2111 materialis

618 2153 827 2228 illius
886 2152 1352 2252 compositi3
1424 2153 1559 2227 sed
1618 2153 1783 2250 ipsa
1843 2176 1995 2226 non
2058 2162 2174 2227 est

614 2270 1057 2346 immediata
1150 2293 1385 2345 causa
1466 2268 1882 2345 materialis
1960 2269 2169 2344 illius

612 2386 1016 2486 compositi
1086 2385 1587 2485 perfectioris,
1660 2385 1845 2483 quia
1906 2385 2169 2460 imme-

610 2502 811 2580 diate
879 2503 1275 2602 perficitur
1328 2504 1422 2577 ab
1491 2502 1958 2578 intellectiva
2008 2527 2167 2578 cor-

607 2645 755 2719 pus
817 2620 1298 2717 organicum.
1376 2618 1539 2692 Hoc
1606 2619 1909 2693 videtur
1974 2618 2161 2692 mihi

605 2735 1112 2833 probabiliuS‚
1194 2756 1426 2831 quam
1505 2733 1708 2830 quod
1796 2734 2163 2831 quaelibet

603 2853 847 2926 forma
900 2849 1426 2926 substantialis
1483 2848 1920 2924 immediate
1981 2873 2160 2947 per-

601 2966 809 3042 ficiat
868 2965 1264 3042 materiam
1308 2965 1662 3062 primam.

701 3087 791 3158 Et
821 3084 881 3158 si
908 3092 1390 3181 argueretur,
1426 3081 1678 3180 prima
1716 3105 1951 3156 causa
1982 3083 2156 3180 plus

601 3202 856 3277 influit
907 3200 984 3274 in
1044 3199 1398 3275 effectum
1450 3222 1681 3296 quam
1748 3200 2086 3274 secunda
2130 3228 2147 3292 ;

600 3320 834 3416 igitur
875 3317 1119 3413 magis
1160 3324 1451 3391 causat.
1499 3316 1686 3389 Dico
1738 3316 1939 3413 quod
1987 3340 2154 3392 ma-

600 3434 723 3530 gis
802 3455 1121 3507 causare
1203 3455 1360 3505 non
1443 3441 1557 3505 est
1633 3431 2152 3506 immediatius

600 3576 944 3637 causare,
1030 3550 1162 3624 sed
1240 3548 1424 3647 quia
1499 3559 1763 3624 causat
1839 3574 2146 3625 causam

599 3668 942 3761 effectuS,
988 3676 1062 3741 et
1129 3689 1264 3763 per
1305 3688 1789 3763 consequens
1840 3675 1952 3741 est
2008 3690 2152 3740 no—

598 3785 826 3860 bilior
865 3806 1094 3882 quam
1152 3805 1386 3856 causa
1435 3782 1801 3856 secunda.

692 3901 943 3975 Teneo
1030 3898 1263 3996 igitur
1328 3898 1532 3996 quod
1599 3897 1865 3971 volitio
1933 3908 2047 3972 est
2108 3922 2155 3972 a

598 4017 903 4094 duabus
970 4015 1224 4091 causis
1279 4013 1792 4089 essentialiter
1848 4013 2155 4087 ordina-

599 4136 723 4228 tis,
817 4133 978 4208 sive
1073 4131 1527 4206 ordinentur
1611 4129 2147 4223 essentialiter,

599 4252 849 4351 primo
891 4250 1146 4343 mod0,
1192 4250 1312 4323 vel
1363 4248 1702 4322 secundo
1748 4248 1999 4321 modo.

392 4414 431 4482 7
700 4370 812 4442 Ad
880 4366 1213 4464 primum
1280 4363 1734 4461 principale,
1798 4386 1972 4437 cum
2037 4361 2156 4434 di-

258 4529 335 4582 Ad
360 4466 570 4593 ardum.
605 4486 828 4577 citur,
871 4481 1223 4557 voluntas
1274 4503 1430 4553 non
1486 4486 1710 4565 errat,
1752 4503 1923 4553 cum
1983 4503 2155 4553 con·

252 4595 571 4657 ¹·‘¹²¹⁸⁸⁸²·¹·
603 4603 989 4701 formatur
1031 4594 1345 4695 requlae.
1416 4596 1604 4670 Dico
1660 4597 1863 4694 quod
1904 4603 2154 4693 potest

604 4740 890 4809 errare,
954 4713 1095 4788 etsi
1137 4713 1234 4786 sit
1284 4713 1697 4786 conformis
1749 4712 1823 4785 in
1885 4712 2147 4800 volit0,

607 4834 790 4936 quia
841 4832 951 4907 sic
1008 4854 1163 4905 non
1229 4837 1343 4904 est
1408 4829 1575 4927 ejus
1648 4831 1934 4927 regula.
2002 4828 2151 4902 Sed

602 4954 663 5029 si
747 4952 1105 5025 voluntas
1173 4955 1428 5022 creata
1507 4946 1692 5020 velit
1755 4946 1958 5043 quod
2029 4969 2157 5020 vo-

599 5072 855 5144 luntas
939 5064 1079 5139 Dei
1167 5064 1331 5136 vult
1414 5085 1580 5136 eam
1665 5064 1892 5155 velle,
1968 5071 2153 5136 tunc

276 5210 415 5261 Mala
449 5225 537 5261 vo·
600 5213 754 5263 non
812 5194 1039 5277 errat,
1098 5180 1282 5280 quia
1321 5180 1428 5255 sic
1469 5190 1582 5255 est
1644 5181 1811 5278 ejus
1852 5181 2146 5278 regula.

244 5273 546 5388 lutffiseffi-
599 5308 818 5383 Unde
912 5306 1117 5379 bona
1202 5301 1562 5375 voluntas
1663 5298 1809 5373 sibi
1905 5308 2154 5396 potest

250 5400 541 5515 οξξῗζῖᾒξ
596 5426 796 5502 velle
872 5430 1164 5520 patrem
1254 5417 1545 5511 vivere,
1628 5439 1860 5514 quem
1943 5416 2153 5491 Deus

248 5523 567 5642 όξζξῑῗϋῖο·
597 5552 854 5618 tamen
904 5537 1072 5612 vult
1129 5532 1352 5622 mori,
1415 5543 1491 5607 et
1530 5534 1733 5607 mala
1788 5535 2151 5609 voluntas

1964 419 1967 423 ,
2069 343 2311 412 LIBRI
2358 344 2446 415 11.

2302 514 2439 587 filii
2546 524 2793 612 potest
2881 516 3349 592 concordare
3444 515 3521 589 in
3615 512 3852 588 volito

2299 654 2474 704 cum
2544 632 2746 706 bona
2820 636 3218 709 voluntate
3302 632 3442 708 Dei
3518 630 3849 706 volendo

2298 755 2592 844 patrem
2673 748 2893 842 mori,
2967 749 3149 846 quia
3214 759 3398 822 tunc
3461 771 3614 821 non
3685 746 3853 820 vult

2299 864 2503 960 quod
2558 865 2768 939 Deus
2834 869 2998 940 vult
3056 889 3226 940 eam
3273 867 3496 952 velle,
3562 864 3621 938 si
3666 865 3852 938 velit

2298 978 2500 1055 idem
2561 981 2881 1056 volitum
2929 983 3135 1081 quod
3175 983 3384 1058 Deus
3429 983 3620 1056 vult.

2392 1096 2504 1169 Ad
2599 1097 2835 1188 aliud,
2910 1098 3247 1173 concedo
3336 1097 3541 1195 quod
3636 1097 3846 1172 Deus
3879 1102 4176 1215 Addgffiun-

2295 1212 2470 1286 facit
2524 1213 3092 1290 ordinatissime
3176 1213 3551 1312 quidquid
3641 1214 3839 1308 facit,
4082 1205 4094 1219 ⁰

2293 1337 2538 1403 stante
2589 1329 2886 1424 ordine,
2941 1331 3072 1427 qui
3115 1354 3323 1405 nunc
3383 1342 3523 1424 est,
3586 1339 3841 1406 tamen

2292 1456 2508 1521 actus
2565 1446 2988 1544 imperatus
3050 1472 3205 1522 non
3266 1458 3380 1523 est
3444 1447 3844 1521 ordinatus

2291 1562 2439 1637 nisi
2552 1573 2853 1638 tantum
2960 1564 3477 1640 materialiter.
3583 1564 3844 1638 Potest

2288 1679 2494 1754 enim
2586 1680 2867 1778 aliquis
2963 1682 3247 1756 habere
3341 1691 3625 1775 actum,
3706 1680 3839 1778 qui

2287 1803 2401 1869 est
2458 1796 2857 1871 ordinatus
2898 1797 3087 1891 Deo,
3124 1806 3197 1872 et
3237 1797 3381 1871 sibi
3441 1796 3840 1872 inordina-

2284 1923 2436 2007 tus,
2524 1923 2780 1989 tamen
2878 1915 3253 1990 voluntati
3335 1926 3610 1991 creatae
3724 1925 3837 1990 est

2283 2030 2772 2106 inordinatus
2830 2032 2908 2105 in
2979 2034 3270 2108 ratione
3332 2033 3829 2131 operationiS,

2279 2172 2432 2222 non
2481 2150 2773 2224 ratione
2815 2150 3266 2226 substantiae
3312 2161 3528 2226 actus
3587 2151 3663 2223 in
3717 2176 3827 2246 se,

2276 2266 2410 2339 sed
2465 2265 2756 2341 ratione
2801 2266 3580 2361 circumstantiarum,
3650 2269 3832 2366 quia

2274 2391 2648 2478 quantum
2713 2381 2806 2455 ad
2849 2383 3356 2458 substantiam
3417 2393 3632 2457 actus
3675 2408 3827 2458 non

2273 2508 2388 2573 est
2445 2499 2872 2594 ordinatuS,
2920 2524 3062 2574 nec
3113 2500 3623 2575 inordinatus.

2366 2617 2478 2690 Ad
2554 2617 2789 2707 aliud,
2860 2618 3195 2718 concedo
3264 2619 3469 2715 quod
3541 2619 3823 2717 aliquis
3985 2625 4052 2692 8.

2268 2744 2383 2808 est
2449 2743 2690 2827 actus,
2738 2732 2868 2831 qu'i
2938 2759 3092 2809 non
3163 2717 3292 2809 est·
3335 2737 3606 2826 malus,
3673 2737 3820 2810 nisi
3909 2738 4121 2789 Adm-

2267 2851 2449 2949 quia
2499 2850 2958 2950 prohibituS,
3031 2862 3104 2927 et
3164 2862 3417 2927 tamen
3478 2877 3632 2926 non
3694 2878 3820 2927 sc-
3898 2805 4136 2914 Tgffffdr

2264 2967 2527 3063 quitur
2602 2967 2806 3064 quod
2902 2966 2966 3040 si
3053 2967 3264 3043 Deus
3348 2968 3524 3042 facit
3615 2993 3810 3058 esse,
3848 2927 4177 3051 ἓέἓῧὲἶὲὲἶ

2262 3084 2468 3182 quod
2532 3084 2753 3158 faciat
2809 3107 2985 3158 eum
3040 3085 3182 3158 sub
3238 3084 3532 3160 ratione
3575 3087 3752 3160 mali
3790 3116 3807 3181 ;
3846 3053 4177 3176 {euax-3213?-

2260 3202 2392 3276 sed
2469 3202 2610 3276 etsi
2679 3201 2806 3275 ille
2903 3210 3119 3275 actus
3205 3202 3302 3275 sit
3376 3203 3810 3299 prohibitus
3844 3184 4181 3293 ἃξῖἷῖἒιῷἶ-

2259 3320 2634 3393 voluntati
2719 3330 3025 3406 creatae,
3107 3344 3262 3394 non
3356 3329 3606 3396 tamen
3697 3331 3812 3395 est
3935 3303 4065 3353 ¹⁰⁰¹·

2260 3435 2693 3533 prohibitus
2754 3436 3131 3510 voluntati
3209 3437 3599 3531 increatae,
3666 3461 3807 3513 nec

2257 3562 2556 3651 oportet
2626 3553 3078 3627 subtrahere
3137 3553 3516 3628 actionem
3585 3579 3804 3629 suam

2257 3668 2332 3742 in
2378 3669 2676 3743 actione
2717 3678 3114 3744 creaturae.
3169 3671 3323 3743 [mo
3381 3673 3804 3746 secundum

2256 3786 2819 3862 ordinationem
2880 3809 3097 3862 suam
3142 3796 3445 3863 tenetur
3486 3814 3807 3885 coagere

2258 3903 2573 3977 cuilibet
2639 3903 2921 3977 actioni
3006 3905 3423 3980 voluntatis
3499 3918 3805 3998 creatae,

2259 4043 2726 4117 quamquam
2795 4021 2969 4094 talis
3027 4021 3222 4097 actio
3271 4023 3369 4097 sit
3426 4025 3813 4121 prohibita

2258 4147 2661 4213 creaturae.

2355 4254 2608 4347 Dices,
2687 4254 2922 4351 igitur
2977 4254 3237 4352 aliqua
3296 4267 3498 4332 esset
3554 4259 3814 4356 dupli-
3871 4294 4163 4359 ommno,

2259 4369 2446 4443 citas
2503 4368 2581 4441 in
2638 4369 2824 4461 Dec,
2883 4369 3068 4467 quia
3116 4372 3482 4470 praecepit
3535 4397 3808 4469 unum,

2260 4493 2333 4560 et
2388 4495 2642 4560 tamen
2713 4487 2879 4560 vult
2935 4488 3435 4583 contrarium,
3500 4490 3683 4589 quia
3747 4492 3812 4566 si

2259 4603 2522 4696 nollet,
2595 4602 3061 4699 prohiberet.

2356 4716 2544 4791 Dico
2596 4718 2801 4815 quod
2847 4718 3044 4793 sicut
3102 4722 3468 4820 praecepit
3506 4722 3594 4799 de
3664 4725 3813 4798 im-
3891 4760 4152 4811 3010210,

2263 4836 2673 4911 molatione
2727 4836 2967 4932 Isaac,
3027 4848 3100 4911 et
3130 4840 3375 4914 voluit
3415 4844 3809 4920 voluntate

2260 4954 2489 5052 signi,
2579 4965 2653 5029 et
2730 4963 2988 5031 tamen
3075 4958 3325 5031 noluit
3416 4946 3808 5038 voluntate

2258 5072 2748 5170 beneplaciti,
2814 5072 2921 5147 sic
3000 5074 3358 5171 prohibet
3437 5088 3808 5154 creaturae

2260 5198 2501 5283 actuS,
2556 5212 2750 5287 quos
2792 5213 2945 5264 non
3006 5193 3170 5264 vult
3220 5195 3612 5270 voluntate
3667 5220 3810 5271 an-

2259 5307 2682 5401 tecedente,
2755 5316 3010 5383 tamen
3071 5311 3381 5406 quando
3449 5314 3809 5389 voluntas

2260 5422 2472 5519 eligit
2517 5425 2738 5498 talem
2796 5433 3079 5519 actum,
3142 5427 3393 5523 coagit
3433 5429 3606 5504 sibi.
