4295 6326
668 425 800 496 364

2049 419 2293 491 LIBRI
2340 418 2458 491 111.

674 616 954 684 caetera
1021 617 1335 707 possent
1401 606 1803 705 aequaliter
1873 599 2069 695 fieri,
2144 606 2225 673 ut
2330 597 2687 675 distrahit
2744 597 2958 696 quod
3026 598 3172 671 hoc
3232 603 3348 677 est
3414 591 3600 668 finis
3675 590 3875 666 voli-

673 733 1119 822 peccatores
1160 725 1460 813 redimi,
1525 734 1814 799 etcum
1874 722 2019 794 hoc
2070 716 2225 815 pla-

2328 714 2588 809 tioniS,
2678 715 2809 791 sed
2879 716 3129 790 noluit
3194 712 3634 789 conditione
3712 707 3871 783 dis-

675 849 881 916 ceret
929 840 1330 936 Trinitati3
1377 842 1613 937 igitur
1664 843 1811 914 hoc
1850 837 2055 911 nolle
2097 857 2225 908 se·
2328 831 2678 907 trahente
2712 831 2802 906 ‘si
2861 833 3109 929 potuit
3155 830 3377 905 aliter
3423 827 3590 903 fieri
3650 848 3870 925 aeque

671 958 1012 1034 cundum
1057 979 1138 1033 se
1180 957 1463 1033 sufficit
1502 957 1596 1031 ad
1631 954 2013 1030 tristitiam
2046 951 2224 1027 sim-

671 1072 999 1174 pliciter,
1071 1097 1544 1174 quamquam
1601 1070 2081 1170 inspiciendo
2124 1068 2217 1143 ad

670 1189 880 1266 aliud
936 1190 1036 1266 sit
1071 1190 1522 1290 simpliciter
1576 1188 1927 1264 volitum.
1991 1188 2082 1260 Et
2122 1185 2219 1258 il-

668 1307 801 1383 lud
892 1310 1128 1407 probo
1222 1331 1360 1407 per
1451 1305 2040 1405 Philosophum,
2136 1301 2209 1376 3.

668 1424 926 1501 Echio.
992 1426 1411 1526 projiciens
1477 1448 1771 1501 merces
1838 1424 1914 1497 in
2003 1444 2217 1497 mare

669 1540 1119 1642 simpliciter
1184 1544 1556 1638 tristatur,
1608 1551 1683 1618 et
1720 1549 1976 1617 tamen
2023 1539 2214 1612 illud

668 1667 782 1734 est
841 1660 1164 1735 nolitum
1260 1659 1687 1736 secuudum
1755 1653 1961 1757 quid,
2032 1654 2214 1754 quia

667 1774 1150 1875 inspiciendo
1214 1776 1307 1852 ad
1375 1774 1566 1850 illud
1641 1773 2066 1850 secundum
2129 1794 2211 1846 se

668 1905 783 1970 est
831 1895 1186 1989 nolitum,
1246 1904 1508 1973 tamen
1557 1893 2006 1993 simpliciter
2089 1893 2212 1965 in-

667 2012 1063 2110 spiciendo
1117 2012 1210 2087 ad
1265 2012 1512 2107 majus
1569 2013 1887 2104 bonum,
1923 2009 2214 2085 scilicet

669 2129 761 2202 ad
805 2128 1161 2220 salutern,
1206 2137 1321 2203 est
1367 2126 1816 2226 simpliciter
1855 2126 2203 2200 volitum.

454 2255 520 2326 7.
767 2243 1022 2337 DiceS,
1084 2244 1273 2318 illud
1342 2252 1454 2320 est
1531 2242 1957 2318 secundum
2027 2242 2218 2341 quid

670 2360 1023 2455 volitum,
1084 2370 1154 2436 et
1219 2360 1327 2436 sic
1375 2361 1724 2435 Christus
1782 2358 2208 2434 secundum

672 2476 861 2576 quid
909 2480 1206 2553 volens.

770 2598 1075 2685 Contra,
1121 2596 1313 2671 illud
1356 2605 1468 2671 est
1520 2593 1970 2692 simpliciter
2015 2591 2214 2668 voli-

673 2721 865 2804 tum,
927 2713 1132 2812 quod
1200 2712 1366 2790 sine
1435 2711 1873 2788 conditione
1932 2711 2211 2786 distra-

672 2833 901 2907 hente
968 2841 1082 2906 est
1137 2830 1456 2906 volitum
1511 2855 1531 2925 3
1598 2826 1730 2904 sed
1798 2827 2211 2925 projiciens

672 2972 966 3025 merces
1006 2949 1220 3023 nulla
1260 2946 1697 3023 conditione
1738 2944 2208 3021 distrahente

667 3069 834 3142 vult
926 3067 1298 3168 projicere
1393 3086 1714 3141 merces.
1814 3063 2202 3151 ProbatiO,

665 3186 850 3286 quia
924 3184 1459 3262 determinatio
1528 3183 1956 3259 secundum
2024 3181 2216 3281 quid

664 3302 744 3375 in
786 3302 1165 3402 superiori
1222 3325 1380 3375 non
1439 3299 1851 3377 necessitat
1906 3299 2210 3374 inferio-

663 3441 881 3512 rem3
940 3417 1175 3514 igitur
1227 3441 1402 3492 cum
1462 3415 1780 3491 inferior
1838 3415 2015 3490 facit
2065 3417 2210 3491 ali-

661 3536 847 3634 quid
915 3538 1165 3610 solum
1225 3557 1315 3610 ex
1370 3533 1693 3633 imperio
1751 3533 2201 3632 superioris,

661 3651 876 3752 prius
916 3653 1228 3747 natura]{
1249 3649 1698 3748 simpliciter
1754 3648 2209 3723 determina·

658 3784 786 3849 tur
853 3771 1274 3872 superius;
1347 3770 1479 3845 sed
1565 3769 1706 3844 iste
1791 3768 2207 3868 projiciens

662 3912 956 3966 merces
995 3911 1132 3987 per
1169 3884 1580 3985 imperium
1627 3884 2073 3976 voluntatiS,
2133 3896 2208 3961 et

662 4031 754 4084 ex
785 4004 1335 4083 deliberatione
1393 4001 1746 4102 projicit3
1791 4000 2027 4100 igitur
2081 4028 2208 4078 vo·

661 4127 921 4200 luntas
987 4118 1439 4220 simpliciter
1514 4126 1627 4194 est
1701 4117 2207 4195 determinata

659 4240 754 4317 ad
794 4236 1014 4314 velle.
1063 4236 1212 4312 Sed
1251 4234 1403 4311 alia
1455 4233 1819 4329 conditiO,
1865 4246 1949 4311 ut
2004 4236 2203 4312 velle

659 4358 960 4432 salvare
1017 4375 1312 4430 merces
1367 4351 1749 4447 distrahit,
1804 4352 1989 4450 quia
2040 4354 2208 4428 vult

658 4473 804 4550 sub
864 4475 1008 4548 hac
1048 4469 1517 4562 conditione,
1562 4467 1625 4544 si
1674 4478 1932 4567 posset
1988 4470 2207 4545 aliter

660 4588 973 4682 salvari,
1041 4587 1174 4663 sed
1237 4585 1368 4661 illa
1443 4585 1779 4660 conditio
1843 4603 2207 4684 expressa

663 4717 779 4784 est
838 4706 1052 4782 falsa.
1101 4703 1319 4779 Unde
1359 4702 1804 4778 Aristoteles
1864 4702 2145 4778 ibidem
2185 4729 2200 4778 :

661 4825 922 4924 Hujus
955 4821 1294 4920 operatio
1334 4820 1582 4895 mioeta
1613 4828 1722 4895 est
1777 4823 2201 4897 secundum

663 4938 853 5038 quid
888 4947 960 5012 et
1013 4937 1092 5009 in
1152 4934 1569 5010 universali
1629 4935 2201 5026 involuntaria;

664 5054 1114 5153 simpliciter
1170 5063 1423 5127 autem
1494 5062 1567 5126 et
1620 5052 1694 5125 in
1766 5054 2205 5150 particulari

666 5171 1130 5264 voluntaria,
1194 5170 1376 5268 quia
1415 5170 1646 5244 habet
1706 5169 1783 5243 in
1835 5181 2206 5268 potestate

312 5288 2206 5487 {tiit}3233?ss„3{g{?:„⁶³301¹‡35‘03ffi?3⁰

321 5493 842 5605 issssssi‘sstss‘nem
905 5548 1121 5600 suam
1186 5531 1493 5620 propter
1553 5429 2020 5599 Eoluntatclejm
2070 5526 2205 5599 Dei

343 5611 599 5729 quidino-
669 5643 1169 5747 implendam,
1233 5639 1402 5715 ideo
1473 5638 2005 5717 determinatio
2046 5665 2200 5715 non

320 2586 617 2654 Projieiens

322 2665 525 2705 merces
556 2656 610 2706 ln

322 2716 510 2788 nauti-a
550 2717 622 2776 io,

321 2778 627 2896 ‘aaut

320 2853 601 2970 v‘brojlcit.

2327 949 2550 1038 bene,
2597 958 2671 1025 et
2726 950 3062 1048 placeret
3104 947 3450 1022 Trinitati
3487 974 3506 1039 3
3550 945 3679 1020 sed
3726 945 3869 1017 hoc

2324 1064 2662 1140 nonfuit
2723 1064 3089 1164 possibile
3156 1064 3249 1138 de
3317 1061 3660 1161 potentia
3725 1058 3866 1133 Dei

2322 1183 2697 1258 ordinata.
2741 1183 3215 1258 Tristabatur
3244 1181 3480 1278 igitur
3508 1181 3866 1254 voluntas

2321 1296 2600 1373 Christi
2644 1298 3093 1398 simpliciter
3145 1308 3518 1396 quantum
3564 1297 3655 1371 ad
3697 1319 3867 1394 por-

2319 1416 2604 1491 tionem
2668 1415 3175 1515 superiorem,
3232 1414 3630 1489 referendo
3678 1423 3865 1487 tem-

2318 1533 2612 1629 poralia
2665 1531 2757 1606 ad
2799 1540 3114 1621 aeterna,
3173 1541 3252 1605 ut
3310 1531 3405 1606 ad
3446 1529 3707 1605 finem.

2417 1660 2565 1736 Sed
2634 1661 2818 1761 quid
2892 1661 3318 1737 secundum
3381 1660 3855 1735 voluntatem
4010 1676 4077 1742 8,

2317 1786 2692 1875 quantum
2726 1777 2819 1853 ad
2852 1778 3281 1876 portionem
3349 1776 3783 1851 inferiorem
3817 1776 3857 1849 ⁶?
3906 1788 4087 1841 Portio
4115 1792 4210 1840 in·

2317 1893 2639 1969 Videtur
2706 1894 2913 1993 quod
2996 1893 3303 1991 plenius
3377 1892 3848 1983 tristabatur,
3899 1851 4228 1966 affixa

2318 2011 2500 2111 quia
2539 2012 2617 2085 in
2659 2012 3038 2110 superiori
3074 2013 3212 2086 fuit
3240 2010 3446 2086 nolle
3477 2011 3856 2085 concomi-
3895 1976 4231 2114 ῗιὶέῗιῖϋῖζῖἷ

2314 2137 2486 2204 tans
2533 2129 3170 2223 conditionatum,
3234 2129 3434 2226 quod
3506 2128 3853 2202 causavit
3943 2116 4142 2154 ³¹⁰⁰*

2317 2245 2726 2321 tristitiam.
2765 2245 2915 2320 Sed
2965 2246 3039 2318 in
3092 2244 3435 2319 inferiori
3503 2245 3853 2342 portione

2319 2363 2457 2440 fuit
2512 2361 2720 2437 nolle
2781 2360 3476 2460 simpliciter,'quia
3543 2361 3857 2435 inferior

2316 2478 2565 2580 portio
2606 2478 2926 2553 rationis
2980 2477 3480 2552 considerans
3556 2485 3852 2551 tantum

2318 2596 2702 2683 inferiora,
2744 2618 2897 2669 non
2961 2594 3259 2670 invenit
3295 2594 3498 2669 unde
3534 2594 3673 2668 fuit
3733 2594 3856 2668 bo-

2316 2738 2502 2790 num
2537 2714 2924 2790 Christum
2997 2713 3244 2808 mori3
3309 2713 3544 2810 igitur
3610 2713 3855 2813 portio

2316 2831 2630 2908 inferior
2712 2829 2980 2905 habuit
3080 2829 3533 2928 simpliciter
3615 2830 3847 2905 nolle.

2316 2949 2506 3023 Cum
2540 2947 2774 3045 igitur
2814 2945 3118 3022 tristitia
3171 2944 3268 3020 sit
3307 2945 3553 3043 major
3593 2969 3856 3022 conse-

2315 3088 2565 3165 quens
2634 3063 2840 3139 nolle
2898 3061 3349 3161 simpliciter
3403 3073 3476 3138 et
3545 3064 3854 3138 absolu-

2312 3196 2506 3280 tum,
2552 3207 2784 3282 quam
2829 3204 3315 3279 consequens
3353 3180 3561 3257 nolle
3601 3181 3855 3257 condi-

2312 3302 2718 3393 tionatum,
2765 3298 3007 3396 major
3059 3298 3364 3374 tristitia
3407 3299 3855 3397 simpliciter

2314 3420 2454 3494 ruit
2479 3418 2558 3492 in
2592 3416 2941 3517 portione
2975 3414 3317 3490 inferiori
3358 3439 3590 3515 quam
3634 3440 3855 3515 supe-

2313 3534 2521 3610 riori.
2577 3534 2762 3608 Dico
2807 3531 3295 3627 tamenfgsicut
3344 3533 3438 3608 de
3499 3533 3850 3632 portione

2312 3650 2720 3750 superiori,
2792 3649 2999 3747 quod
3059 3648 3198 3722 fuit
3255 3649 3379 3722 hic
3445 3646 3652 3724 nolle
3706 3650 3852 3724 sub

2312 3767 2776 3854 conditione,
2814 3775 2889 3841 et
2924 3766 3120 3841 velle
3150 3766 3622 3864 simpliciter,
3670 3766 3852 3865 quia

2311 3885 2578 3961 eadem
2612 3883 2954 3983 potentia
3019 3893 3131 3958 est
3180 3882 3429 3983 portio
3497 3884 3853 3983 superior

2311 4010 2386 4077 et
2442 3999 2782 4075 inferior.
2856 3997 3005 4076 Sed
3052 4022 3206 4073 non
3266 4007 3515 4097 potest
3581 4001 3844 4076 eadem

2311 4119 2653 4220 potentia
2719 4118 2947 4194 simul
3026 4140 3192 4195 esse
3269 4117 3347 4192 in
3403 4117 3851 4219 simpliciter

2310 4236 2684 4338 oppositis
2734 4237 3031 4313 actibus
3068 4265 3093 4320 ‚·
3140 4235 3376 4335 igitur
3414 4260 3557 4313 nec
3599 4246 3849 4338 potest

2311 4356 2575 4433 eadem
2630 4356 2989 4430 voluntas
3038 4354 3266 4429 simul
3298 4354 3391 4430 de
3421 4357 3691 4432 eodem
3722 4360 3851 4434 ha-

2310 4473 2492 4548 bere
2561 4470 3011 4570 simpliciter
3062 4470 3295 4566 nolle,
3333 4479 3407 4547 et
3447 4496 3603 4547 non
3663 4474 3855 4549 sim-

2312 4590 2613 4689 pliciter
2677 4587 2932 4678 nollem
2980 4612 3154 4664 cum
3222 4587 3458 4686 igitur
3497 4594 3852 4692 superior

2315 4706 2594 4782 habeat
2700 4729 2855 4779 non
2943 4704 3393 4802 simpliciter
3473 4706 3706 4797 nolle,
3778 4718 3852 4785 et

2313 4822 2629 4897 inferior
2679 4822 2882 4896 idem
2961 4821 3271 4896 habebit
3324 4822 3415 4898 de
3449 4826 3746 4902 eodem.

2412 4940 2628 5030 Item,
2701 4935 3180 5034 impossibile
3247 4950 3362 5011 est
3408 4940 3562 5014 duo
3622 4967 3852 5042 oppo-

2313 5056 2458 5131 sita
2516 5055 2745 5130 simul
2815 5053 3349 5138 demonstrari,
3415 5059 3601 5156 quia
3661 5062 3848 5137 ratio

2313 5171 2649 5270 probans
2692 5170 3007 5243 alteram
3068 5181 3359 5268 partem
3432 5179 3853 5254 contradic-

2312 5289 2572 5382 tionis,
2646 5287 2791 5361 erit
2849 5286 3323 5385 sophistica3
3408 5292 3538 5367 sed
3631 5298 3853 5371 ratio-

2313 5431 2410 5482 ne
2501 5414 2709 5480 recta
2781 5404 3441 5480 demonstrabitur
3495 5433 3539 5483 a
3619 5435 3850 5491 causa

2312 5525 2525 5601 finali
2556 5533 2740 5598 tunc
2798 5521 3183 5596 Christum
3229 5522 3505 5602 debere
3560 5536 3743 5629 pati,
3780 5547 3852 5612 et

2313 5644 2502 5721 illud
2536 5665 2704 5719 esse
2758 5664 2801 5718 a
2849 5641 3243 5716 voluntate
3300 5653 3506 5720 reeta
3549 5648 3849 5751 simpli..
