4295 6326
685 427 768 494 50
2084 423 2327 493 LIBRI
2374 423 2463 497 ΙΙ.

332 614 627 677 opiniones
681 624 893 694 vera,
941 602 1334 699 probatur,
1371 599 1554 699 quia
1592 600 1655 675 si
1697 600 2223 699 susceptivum

332 681 640 741 superiores
2333 599 2599 676 formae
2639 600 3071 676 contrariae.
3120 603 3210 676 Et
3232 600 3379 676 ista
3409 601 3602 676 ratio
3634 608 3885 699 potest

365 1056 541 1106 tiones
573 1072 604 1106 a

332 1133 431 1173 flua
466 1125 631 1191 mate·

452 1199 547 1235 rm.

364 741 614 805 rejiciun-
685 714 781 789 sit
811 722 1076 789 natum
1130 713 1471 812 recipere
1527 715 1877 807 formam,
1941 722 2014 788 et
2068 736 2220 786 non
2334 742 2501 794 esse
2533 728 2800 794 contra
2829 721 3248 795 secundam
3282 720 3741 795 sententiam
3787 719 3878 793 de

332 807 655 919 ²?AE‘15F2‘ff
686 831 917 905 habet
957 854 1154 923 eam,
1200 830 1550 928 sequitur
1580 830 1783 928 quod
1826 830 2218 929 privatur;
2333 834 2675 910 carentia
2713 835 3102 909 contrarii.
3169 837 3259 910 Et
3327 834 3680 909 similiter
3739 857 3879 909 ne-

337 931 654 1057 gssffissffi,
686 949 920 1046 igitur
951 948 1014 1023 si
1063 949 1380 1023 materia
1429 948 1596 1023 coeli
1652 948 1745 1023 de
1786 972 1866 1024 se
1910 949 2005 1023 sit
2048 958 2227 1024 nata
2334 974 2549 1026 cesse
2626 958 2741 1026 est
2825 974 3111 1049 ponere
3209 951 3500 1047 aliquid
3598 949 3878 1023 intrin-

684 1066 1027 1165 recipere
1071 1067 1389 1139 formam
1441 1065 1668 1162 igniS,
1740 1066 1799 1140 si
1835 1089 2001 1141 eam
2064 1090 2222 1140 non

684 1184 942 1276 habet,
990 1206 1304 1258 11000000
1346 1192 1460 1257 0οῐ
1499 1184 1704 1281 quod
1757 1183 1923 1283 ipsa
1964 1183 2225 1281 prive-

679 1311 830 1375 tur.
899 1302 990 1374 Et
1055 1324 1231 1374 cum
1301 1299 1579 1375 dicitur
1653 1308 1942 1398 postea,
2016 1300 2219 1399 quod

681 1417 934 1492 omnis
991 1417 1318 1515 privatio
1379 1416 1813 1491 excluditur
1881 1439 2016 1515 per
2084 1417 2224 1490 for-

680 1560 879 1610 mam
971 1534 1171 1628 coeli,
1270 1535 1461 1608 illud
1548 1546 1663 1609 est
1744 1534 2220 1633 impossibile

677 1654 879 1751 quod
930 1656 1241 1727 tollatur
1281 1652 1605 1751 privatio
1647 1676 1691 1727 a
1748 1652 2214 1751 susceptiv0,

672 1769 821 1842 nisi
858 1792 992 1866 per
1031 1770 1222 1842 dans
1254 1792 1412 1842 esse
1459 1768 1875 1843 formaliter
1904 1768 2220 1867 opposi-

672 1897 832 1960 tum
871 1886 979 1960 illi
1022 1886 1431 1983 privationi
1478 1914 1496 1979 3
1535 1886 1768 1981 igitur
1826 1910 2001 1961 cum
2062 1887 2219 1960 for-

674 2027 797 2078 ma
838 2003 1008 2077 coeli
1051 2026 1205 2075 non
1240 2001 1370 2075 dat
1403 2003 1741 2078 materiae
1789 2026 1974 2097 esse,
2011 2003 2216 2100 quod

674 2120 916 2192 forma
946 2117 1149 2214 ignis
1191 2119 1405 2192 daret
1437 2118 1884 2212 formaliter,
1943 2116 2221 2216 impos-

674 2236 892 2312 sibile
964 2245 1078 2311 est
1135 2235 1340 2333 quod
1408 2236 1622 2310 tollat
1706 2235 2215 2333 privationem

674 2355 940 2428 formae
975 2351 1200 2449 ignis.

777 2473 987 2564 Item,
1025 2470 1448 2545 secundum
1493 2467 1704 2562 istos,
1750 2469 2220 2547 intellectiva

673 2599 788 2666 est
830 2587 1385 2687 perfectissima
1414 2587 1660 2661 forma
1690 2586 1881 2663 citra
1930 2589 2218 2665 Intelli-

676 2704 996 2801 gentiaS,
1040 2712 1409 2778 ettamen
1487 2701 1655 2800 ipsa
1721 2726 1877 2776 non
1945 2705 2219 2779 tollita

678 2819 997 2895 materia
1062 2818 1570 2917 privationem
1639 2818 1905 2894 formae
1983 2820 2211 2917 igniS‚

678 2938 866 3037 quin
935 2934 1443 3034 compositum
1514 2934 1611 3009 sit
1685 2937 2210 3035 corruptibile,

678 3056 862 3157 quia
915 3051 1234 3128 materia
1264 3052 1407 3127 sub
1444 3052 1686 3126 forma
1738 3053 1910 3128 coeli
1962 3064 2218 3128 manet

679 3184 854 3272 apta
921 3173 1013 3246 ad
1062 3172 1380 3245 sormam
1448 3170 1649 3267 ignis
1694 3196 1710 3257 ;
1758 3171 1991 3268 igitur
2057 3196 2216 3246 non

677 3289 874 3363 tollit
897 3290 1142 3362 forma
1172 3286 1343 3361 coeli
1368 3295 1679 3385 propter
1719 3287 1885 3383 ejus
1915 3291 2218 3386 perfec-

677 3401 994 3492 tionem,
1030 3396 1536 3495 privationem
1578 3397 1903 3471 aliarum
1944 3398 2217 3472 forma·

678 3541 878 3594 rum.

773 3635 991 3727 Item,
1031 3632 1172 3707 etsi
1208 3632 1451 3705 forma
1508 3631 1680 3705 coeli
1742 3632 2057 3708 haberet
2134 3635 2213 3707 in

680 3752 955 3827 virtute
1000 3750 1281 3823 formas
1329 3771 1534 3822 mere
1602 3751 2019 3844 naturaleS,
2057 3775 2210 3825 non

672 3879 929 3944 tamen
999 3866 1336 3940 animam
1414 3863 1989 3960 intellectivam,
2070 3892 2211 3942 nec

673 3986 1102 4064 secundum
1161 3982 1704 4081 PhilosophOS,
1750 4006 1891 4057 nec
1946 4008 2214 4060 secun-

674 4105 858 4179 dum
916 4100 1405 4195 Theologos3
1486 4096 1722 4195 igitur
1789 4122 1942 4172 non
2018 4100 2216 4175 tollit

674 4217 1185 4321 privationem
1218 4213 1708 4290 intellectivae
1731 4238 1775 4289 a
1792 4239 1948 4313 ⁴sua
1972 4225 2216 4292 mate-

676 4343 815 4415 ria.

774 4456 990 4548 Item,
1024 4453 1147 4527 vel
1176 4458 1476 4548 oportet
1506 4447 1690 4525 istos
1721 4450 1973 4526 dicere
2008 4453 2214 4550 quod

675 4574 937 4651 omnia
959 4592 1282 4666 corpora
1311 4566 1651 4642 coelestia
1676 4567 1828 4641 sint
1868 4569 2212 4665 ejusdem

678 4689 990 4791 speciei,
1026 4710 1202 4761 cum
1232 4693 1491 4760 tamen
1537 4684 2023 4781 operationes
2076 4710 2218 4784 ap-

676 4816 950 4912 parent
989 4801 1422 4893 contrariae,
1470 4801 1589 4875 vel
1619 4810 1918 4898 oportet
1948 4824 2080 4876 eos
2113 4803 2218 4876 di-

674 4949 847 5004 cere
878 4922 1081 5022 quod
1112 4929 1221 4994 tot
1259 4927 1441 4993 sunt
1486 4917 1589 4992 ibi
1623 4917 1963 4996 materiae
2032 4930 2218 5018 quot

675 5062 997 5139 corpora
1036 5034 1391 5110 distincta
1423 5032 1702 5130 specie,
1751 5033 1934 5137 quia
1973 5034 2035 5109 si
2067 5060 2220 5110 ma-

672 5161 864 5240 teria
941 5157 1037 5232 sit
1101 5152 1448 5248 ejusdem
1512 5151 1859 5247 rationiS,
1922 5162 1998 5228 et
2064 5153 2215 5228 sint

670 5299 997 5378 corpora
1039 5269 1520 5350 diversarum
1566 5269 2025 5367 specierum,
2073 5270 2218 5370 igi-

672 5407 798 5471 tur
885 5415 1126 5468 unum
1217 5409 1499 5486 corpus
1592 5388 1900 5462 coeleste
1968 5397 2217 5487 potest

673 5514 881 5592 aliud
924 5527 1446 5604 corrumpere,
1478 5503 1677 5582 sicut
1704 5502 1907 5602 ignis
1926 5529 2208 5599 aerem,

674 5631 855 5732 quia
916 5624 1233 5703 materia
1327 5621 1678 5718 ejusdem
1747 5622 2067 5699 rationis
2141 5635 2218 5701 et

2331 1088 2532 1161 sece,
2580 1067 2787 1165 quod
2835 1076 2950 1141 est
2989 1089 3221 1141 causa
3279 1065 3876 1165 incorruptibili-

2329 1182 2530 1271 tatis,
2594 1193 2668 1258 et
2720 1206 2875 1256 non
2953 1184 3203 1258 solum
3281 1206 3517 1259 causa
3582 1182 3872 1258 extrin-

2328 1322 2528 1374 seca.

2426 1415 2604 1489 Ideo
2675 1414 2867 1489 nihil
2939 1416 3142 1489 valet
3203 1415 3457 1490 dicere
3516 1416 3719 1514 quod
3777 1440 3868 1492 ex
3900 1425 4069 1539 0:3¹1ss
4074 1440 4202 1539 ffi‘fg·

2324 1540 2603 1606 natura
2628 1554 2770 1605 sua
2811 1539 2923 1606 est
2964 1530 3492 1630 corruptibile,
3544 1533 3665 1606 vel
3717 1535 3867 1607 sal·
3957 1502 4166 1601 ultam

2325 1655 2478 1720 tem
2512 1646 2661 1721 sibi
2703 1670 2857 1720 non
2892 1657 3275 1745 repugnat
3331 1648 3749 1746 corrumpi,
3792 1659 3867 1723 et
3896 1627 4205 1735 5352?ssssss-

2324 1772 2577 1837 tamen
2667 1763 2871 1860 quod
2951 1786 3086 1861 per
3166 1764 3583 1838 carentiam
3680 1789 3869 1838 0011-
3898 1739 4193 1868 ,ᾖξ’(ᾘξᾘ,

2323 1879 2536 1953 trarii
2560 1878 2888 1954 efficitur
2920 1880 3526 1977 incorruptibile.
3576 1882 3867 1957 Praeter

2322 1996 2468 2068 hoc
2509 1994 2697 2069 illud
2741 2005 2855 2070 est
2895 1996 3122 2094 plane
3183 2005 3451 2070 contra
3509 1996 3864 2072 Philoso-

2325 2114 2592 2211 phum,
2649 2114 2830 2211 quia
2872 2113 3318 2189 Aristoteles
3360 2115 3615 2211 posuit
3657 2116 3861 2212 quod

2324 2231 2399 2305 in
2433 2242 2709 2306 natura
2730 2232 3313 2331 omnipotentiae
3347 2234 3676 2331 passivae
3707 2258 3866 2309 cor-

2323 2349 2734 2448 respondet
2816 2348 3066 2424 activa
3159 2351 3559 2440 naturalis,
3689 2374 3864 2449 quae

2322 2466 2629 2540 tandem
2710 2465 3004 2541 reducit
3076 2465 3150 2540 in
3223 2476 3476 2542 actum
3550 2495 3568 2561 3
3633 2468 3867 2565 igitur

2324 2606 2552 2658 omne
2594 2583 2799 2680 quod
2832 2592 2944 2658 est
2971 2583 3465 2682 corruptibile
3523 2586 3856 2683 passive,

2323 2700 2632 2776 tandem
2659 2709 2830 2775 actu
2866 2711 3430 2800 corrumpetur.

2419 2818 2589 2892 Alia
2618 2817 2881 2917 opinio
2914 2820 3159 2893 salvat
3189 2819 3865 2917 incorruptibilita-
4031 2837 4102 2904 6,

2322 2940 2474 3008 tem
2501 2933 2671 3007 coeli
2704 2957 2839 3031 per
2884 2935 3056 3028 hoc,
3124 2935 3329 3032 quod
3402 2936 3719 3011 materia
3749 2945 3863 3010 est

2323 3050 2636 3125 alterius
2677 3050 2993 3126 rationis
3036 3052 3131 3126 ab
3181 3052 3346 3126 istis
3400 3053 3862 3148 generabili-

2323 3166 2493 3241 bus.
2532 3166 2681 3242 Sed
2714 3167 2900 3242 illud
2943 3178 3057 3242 est
3087 3169 3313 3265 plane
3347 3178 3612 3243 contra
3649 3170 3865 3245 Aris-

2321 3284 2657 3371 totelem,
2740 3293 2823 3357 ut
2912 3283 3236 3380 habetur
3328 3285 3442 3357 12.
3516 3285 3858 3384 Metaph.

2325 3395 2592 3472 Omnis
2630 3399 2979 3495 potentia
3054 3422 3260 3474 mere
3320 3403 3629 3496 passiva
3697 3425 3866 3475 con-

2318 3515 2803 3592 tradictionis
2886 3523 3019 3611 est,
3112 3517 3295 3615 quia
3383 3518 3577 3591 nihil
3659 3543 3865 3595 mere

2322 3633 2719 3729 passivum
2748 3633 3205 3709 determinat
3271 3657 3352 3707 se
3385 3635 3477 3708 ad
3531 3659 3716 3729 esse,
3792 3647 3865 3712 et

2320 3749 2399 3822 in
2434 3751 2702 3846 eodem
2765 3750 2834 3823 9.
2915 3750 3214 3825 Coelum
3280 3759 3392 3826 est
3428 3751 3870 3850 formaliter

2319 3866 2860 3941 necessarium.
2910 3867 3063 3941 Ista
3095 3867 3327 3965 igitur
3367 3879 3547 3942 sunt
3570 3868 3868 3944 incom-

2320 3982 2716 4080 possibilia
2778 3985 3010 4081 ·quod
3114 3985 3210 4058 sit
3280 3985 3863 4084 incorruptibile

2321 4099 2454 4189 sic,
2502 4108 2571 4174 et
2605 4100 2810 4196 quod
2866 4099 2963 4174 sit
3019 4099 3435 4177 formaliter
3501 4125 3865 4178 necessa-

2320 4216 2549 4310 rium,
2586 4225 2982 4292 ettantum
3026 4242 3162 4317 per
3200 4219 3619 4316 potentiam
3655 4244 3862 4298 mere

2319 4356 2734 4431 passlvam.

2420 4462 2639 4556 Item,
2677 4462 2997 4537 materia
3028 4463 3133 4538 ita
3160 4473 3275 4539 est
3327 4464 3558 4540 unius
3629 4469 3865 4542 ratio-

2322 4578 2444 4652 nis
2491 4589 2867 4676 quantum
2945 4590 3060 4654 est
3135 4581 3226 4655 de
3286 4605 3395 4676 se,
3457 4584 3664 4681 quod
3706 4609 3860 4659 non

2319 4694 2496 4792 plus
2527 4692 3007 4790 plurificatur
3047 4718 3277 4793 quam
3330 4708 3546 4772 actus
3588 4699 3679 4771 de
3737 4723 3860 4792 se3

2321 4808 2493 4883 ideo
2536 4832 2689 4882 non
2727 4812 2901 4907 plus
2964 4821 3284 4909 poneret
3343 4812 3864 4912 Philosophus

2321 4925 2514 5000 duas
2594 4926 2975 5024 potentias
3077 4929 3450 5026 passivaS,
3533 4954 3862 5028 quarum

2322 5052 2599 5117 neutra
2655 5043 3056 5118 reduceret
3105 5045 3360 5131 aliam,
3441 5070 3672 5145 quam
3726 5074 3866 5147 po-

2321 5168 2540 5234 neret
2582 5160 2733 5234 duo
2766 5158 3177 5234 efficientia
3230 5163 3683 5260 simpliciter
3720 5167 3866 5264 pri-

2322 5298 2474 5370 ma,
2509 5276 2626 5350 vel
2654 5275 2849 5350 duos
2880 5275 3100 5350 fineS.
3135 5278 3226 5351 Et
3266 5278 3618 5355 similiter
3649 5306 3869 5381 opor-

2319 5399 2427 5466 tet
2457 5414 2591 5491 per
2635 5394 2777 5467 hoc
2808 5415 3095 5492 ponere
3130 5394 3335 5491 quod
3380 5404 3487 5468 tot
3530 5408 3712 5471 sunt
3758 5389 3900 5475 ibi'

2323 5509 2665 5586 materiae
2691 5510 3168 5586 diversarum
3213 5510 3628 5605 rationum,
3677 5526 3864 5612 quot

2317 5625 2584 5703 formae
2637 5626 3019 5728 specificae
3072 5627 3152 5704 in
3220 5629 3673 5729 corporibus
3704 5655 3858 5708 coe·

3979 2955 4172 3029 Tertia

3943 3030 4164 3081 opimo.
