4295 6326
726 392 858 460 584
2103 395 2331 463 LIBRI
2384 395 2506 465 IV.

622 599 645 616 r
730 574 1071 639 mentum
1130 576 1245 641 est
1306 568 1793 661 imitativum,
1840 567 2274 642 communis
2384 592 2660 666 aquam
2710 593 2964 645 veram
3037 593 3128 644 ex
3186 569 3427 660 silice,
3465 578 3547 643 ut
3591 570 3921 643 elemen—

730 692 845 756 est
883 685 1245 759 omnibus
1286 687 1378 759 ad
1413 687 1765 761 salutem.
2381 694 2569 770 tum,
2603 686 2785 783 quia
2816 710 2970 759 non
3033 697 3272 784 agunt
3329 711 3465 785 per
3509 685 3756 761 media
3795 684 3922 759 de·-

495 831 559 898 3‚
830 799 1330 875 Solummodo
1420 802 1511 875 de
1617 802 1754 875 ista
1845 801 2272 899 quaestione
2382 801 2789 876 terminata
2818 825 2910 875 ex
2942 814 3245 895 natura,
3283 802 3916 899 quibustantum,

425 939 539 999 Qua
586 939 656 989 sn
730 915 1145 991 videndum
1193 928 1331 1010 est,
1369 941 1543 1016 quae
1587 919 1682 991 sit
1731 941 1932 1015 aqua
1972 928 2275 991 natura·
2381 928 2455 992 et
2497 941 2647 989 non
2685 918 2903 991 aliter
2949 927 3127 992 nata
3153 929 3265 992 est
3307 941 3510 1014 aqua
3550 916 3920 990 naturali-

409 1017 667 1122 ⁸tffi¹ss21ssf¹'
732 1035 822 1109 lis
862 1033 902 1105 ‘2
965 1036 1077 1109 Ad
1182 1037 1384 1134 quod
1462 1038 1656 1130 dico,
1721 1038 1923 1135 quod
2022 1038 2274 1111 omnis
2379 1042 2493 1105 ter
2535 1034 2885 1129 generari
2947 1059 3036 1108 ex
3100 1034 3359 1127 mixto,
3423 1033 3606 1130 quia
3667 1032 3916 1107 statim

727 1175 957 1249 aqua,
1003 1176 1177 1250 qua}
1208 1154 1575 1251 producta
1628 1165 1737 1227 est
1782 1153 1857 1227 in
1928 1178 2085 1227 6336
2146 1178 2275 1228 na·
2376 1173 2512 1248 per
2556 1151 2811 1246 ignem
2852 1152 3247 1226 resolvunt
3316 1151 3634 1225 mixtum
3696 1151 3768 1224 in
3842 1154 3922 1225 il-

723 1269 951 1342 turali
987 1270 1082 1344 ab
1125 1280 1397 1367 agente
1462 1271 1798 1344 naturali
1838 1293 1976 1367 per
2044 1279 2272 1344 natu-
2379 1268 2536 1340 lum
2601 1271 3033 1363 humorem,
3093 1269 3418 1367 quinon
3466 1278 3579 1342 est
3611 1291 3814 1366 aqua
3842 1270 3916 1342 in

722 1397 1271 1483 ram,estaqua
1311 1389 1685 1462 naturalis
1731 1415 1747 1473 ;
1790 1388 2028 1461 multa
2062 1388 2267 1461 enim
2378 1389 2632 1485 specie
2692 1412 2944 1486 aquae,
3009 1389 3142 1463 sed
3208 1388 3487 1486 aliquis
3572 1389 3770 1463 alius
3830 1389 3916 1462 li-

721 1506 1040 1579 humida
1082 1518 1260 1580 sunt
1336 1507 1708 1602 producta
1770 1507 1846 1578 in
1922 1530 2079 1579 6336
2134 1531 2273 1604 ρει·
2377 1529 2599 1603 quor,
2646 1506 3007 1581 differens
3049 1508 3302 1604 specie
3338 1508 3432 1581 ab
3489 1531 3715 1604 aqua.
3762 1508 3919 1583 Nec

719 1634 1042 1720 partem,
1081 1633 1163 1697 ut
1240 1635 1423 1721 puta
1488 1649 1626 1722 per
1691 1625 2264 1699 distillationem
2375 1623 2600 1698 etiam
2686 1634 3006 1698 utuntur
3080 1625 3569 1699 convenienti
3640 1625 3915 1719 activo,

719 1749 792 1813 et
823 1740 1108 1836 ignem,
1155 1740 1443 1813 auxilio
1503 1751 2041 1838 naturae,quae
2113 1765 2264 1813 non
2375 1737 2558 1833 quia
2599 1761 2748 1810 non
2822 1745 3141 1811 utuntur
3220 1748 3299 1810 ut
3367 1738 3441 1810 in
3537 1737 3913 1835 pluribuS,

718 1866 899 1929 sunt
954 1880 1161 1931 verae
1248 1880 1473 1954 aquae
1538 1858 1613 1930 in
1686 1859 1940 1955 specie
2009 1881 2261 1955 aquae,
2375 1854 2522 1927 nisi
2630 1855 2978 1950 ignesad
3047 1855 3307 1928 omnia
3417 1877 3593 1951 quae
3678 1864 3920 1951 agunt

723 1981 815 2046 ut
872 1973 1332 2046 elementum
1405 1996 1661 2070 aquae.
1701 1973 2079 2047 Possibile
2150 1983 2264 2047 est
2374 1971 2799 2045 secundum
2834 1972 3043 2046 illam
3076 1982 3345 2059 artem,
3391 1971 3523 2068 qui
3595 1996 3746 2046 non
3800 1971 3918 2044 vi-

714 2094 972 2161 tamen
1047 2087 1364 2160 mixtum
1445 2090 1820 2181 naturale,
1900 2088 2060 2161 sive
2131 2111 2267 2185 per
2373 2088 2596 2160 detur
2649 2087 3120 2161 conveniens
3215 2087 3496 2160 actioni
3566 2098 3915 2185 respectu

714 2203 1030 2277 modum
1068 2213 1361 2278 naturae
1408 2205 1686 2278 resolvi
1746 2205 1818 2276 in
1882 2206 2267 2280 elementa
2371 2202 2894 2298 generationis
2953 2225 3179 2299 aquae
3267 2203 3667 2296 naturaliS,
3731 2203 3918 2300 quia

713 2319 1122 2413 naturalia,
1152 2331 1225 2395 et
1271 2320 1369 2394 ita
1409 2321 1483 2394 in
1522 2345 1798 2419 aquam
1847 2333 1919 2395 et
1969 2323 2259 2418 ignem,
2372 2341 2613 2391 unum
2657 2319 3120 2393 elementum
3160 2343 3309 2392 non
3345 2320 3649 2394 videtur
3689 2344 3915 2417 posse

713 2444 797 2510 ut
820 2460 1012 2534 pura
1044 2446 1249 2530 sunt,
1295 2437 1540 2512 activo
1583 2448 1656 2512 et
1723 2438 2028 2535 passivo
2091 2462 2265 2512 con·
2370 2435 2793 2532 producere
2844 2436 3051 2508 aliud
3128 2460 3266 2533 per
3325 2445 3708 2530 naturam,
3754 2448 3919 2512 ete-

711 2553 1114 2629 venienter
1154 2555 1828 2652 approximatis,et
1887 2557 2031 2628 hoc
2088 2557 2266 2629 acti·
2369 2551 2526 2624 nim
2571 2551 2768 2625 sicut
2835 2562 3014 2625 sunt
3073 2552 3555 2649 impermixta
3604 2553 3681 2626 in
3726 2578 3914 2647 6336,

710 2694 808 2743 vo
873 2681 1146 2766 agente
1218 2695 1354 2768 per
1426 2673 1676 2745 media
1756 2672 2263 2746 determinata
2367 2666 2471 2740 ita
2512 2669 2585 2740 in
2633 2668 2959 2764 agendO,
2999 2669 3329 2743 maxime
3383 2669 3650 2745 ordine
3685 2681 3917 2745 natu-

712 2789 1138 2862 secundum
1254 2813 1696 2886 processum
1806 2790 2261 2864 determina·
2368 2785 2504 2858 rali
2549 2785 3093 2882 praetermisso.
3130 2785 3357 2860 Solus
3417 2810 3598 2884 ergo
3650 2798 3919 2862 auctor

708 2914 869 2979 tum
904 2906 1339 2979 ordinatum
1419 2929 1463 2980 a
1517 2917 1815 2999 natura,
1862 2907 2043 3004 quia
2103 2932 2255 2982 non
2368 2911 2665 2975 naturae
2727 2903 2962 2989 DeuS‚
3035 2903 3165 2999 qui
3245 2926 3399 2975 non
3469 2903 3750 2999 ligatur
3820 2906 3914 2979 ad
3963 2958 4174 3007 neusnon

707 3020 960 3096 statim
1007 3023 1416 3096 resolvitur
1460 3022 1775 3097 mixtum
1811 3023 1886 3096 in
1924 3024 2262 3099 elemen-
2367 3041 2811 3116 processum
2891 3028 2965 3092 ot
3061 3018 3152 3091 ad
3268 3019 3616 3094 ordinem
3712 3020 3910 3117 ejus,
3985 3020 4175 3132 fflffl‘

704 3147 782 3213 ta
848 3138 1146 3213 actione
1203 3140 1528 3236 agentiS,
1592 3140 1719 3214 sed
1796 3149 2096 3239 oportet
2155 3142 2263 3240 ip·
2369 3135 2499 3210 sed
2533 3144 2647 3210 est
2714 3159 2947 3234 super
3015 3136 3287 3235 ipsam,
3325 3138 3507 3235 quia
3566 3138 3738 3213 fecit
3807 3139 3918 3238 ip·
3946 3116 4190 3260 '22¹3ss

707 3279 873 3329 sum
913 3254 1128 3353 prius
1165 3257 1484 3330 transire
1529 3257 1956 3331 secundum
2004 3259 2258 3333 media
2368 3278 2529 3328 sam
2597 3255 3060 3347 voluntarie,
3111 3265 3357 3353 potest
3424 3257 3641 3331 illum
3702 3259 3916 3331 ordi-

706 3371 993 3465 omnia,
1032 3395 1206 3469 quae
1243 3373 1746 3470 requiruntur
1804 3374 1878 3447 in
1945 3399 2259 3473 proces·
2367 3394 2541 3445 nem
2580 3395 2731 3444 non
2767 3373 3208 3466 observare,
3253 3382 3328 3447 et
3359 3373 3529 3447 ideo
3572 3374 3734 3472 ipse
3789 3401 3922 3475 po·

707 3513 795 3563 su
844 3498 1138 3564 naturae
1216 3490 1308 3563 ad
1386 3488 1911 3566 inductionem
1989 3494 2257 3568 formae
2367 3497 2513 3564 test
2543 3490 2791 3563 solum
2855 3488 3294 3564 immediate
3355 3516 3446 3564 ex
3525 3491 3761 3566 mixto
3806 3494 3924 3568 fa-

705 3606 1223 3698 elementaris,
1282 3628 1457 3702 quae
1548 3615 1661 3681 est
1764 3605 1941 3681 linis
2037 3608 2259 3682 istius
2368 3628 2539 3678 cere
2617 3627 2894 3701 aquam
2964 3607 3423 3699 naturalem,
3470 3607 3668 3681 sicut
3743 3609 3923 3684 fecit

703 3746 1113 3821 processus
1165 3732 1487 3798 naturae.
1538 3724 1756 3798 Unde
1826 3727 2255 3800 secundum
2367 3721 2612 3817 ipsam
2682 3732 2755 3794 et
2820 3721 3082 3795 omnia
3150 3722 3301 3797 alia
3377 3725 3758 3799 elementa
3830 3751 3922 3800 ex

704 3839 1264 3938 Philosophum
1335 3840 1404 3913 8.
1486 3841 1828 3938 Μ6ίαρ1ι.
1878 3848 2060 3916 teuit.
2130 3845 2248 3917 14.
2369 3838 2611 3912 nihilo
2649 3848 2767 3929 3et
2799 3839 2970 3913 ideo
3002 3841 3279 3913 humor
3309 3840 3728 3938 productus
3782 3867 3923 3944 per

705 3979 795 4029 ex
836 3966 1052 4029 aceto
1093 3980 1247 4029 non
1284 3956 1367 4029 fit
1406 3957 1657 4030 statim
1739 3970 1813 4032 et
1852 3958 2261 4035 immedia-
2368 3967 2606 4030 artem
2660 3957 3087 4050 Alchimiae,
3137 3982 3288 4031 non
3347 3968 3461 4033 est
3513 3983 3715 4058 aqua
3784 3988 3922 4062 pu-

705 4081 776 4145 te
813 4071 1107 4161 vinum,
1144 4073 1275 4146 sed
1332 4083 1631 4172 oportet
1672 4075 1886 4173 prius
1930 4078 2258 4151 transire
2370 4095 2480 4164 ra,
2517 4073 2648 4146 sed
2701 4072 2900 4145 alius
2979 4072 3258 4169 liquor,
3305 4075 3487 4171 quia
3556 4076 3731 4151 licet
3794 4081 3923 4154 ha-

704 4210 842 4285 per
873 4187 1131 4261 omnia
1203 4188 1451 4262 media
1499 4189 2031 4284 determinata,
2077 4214 2257 4288 quae
2369 4190 2544 4263 beat
2576 4190 2873 4284 aliquas
2914 4189 3320 4286 qualitates
3388 4191 3679 4267 similes
3720 4216 3922 4290 qua-

707 4288 1298 4401 sunt'requisita
1339 4328 1475 4402 per
1514 4316 1868 4380 naturam
1932 4309 2027 4381 ad
2107 4312 2261 4383 lor-
2372 4307 2709 4381 litatibus
2835 4331 3058 4405 aquae
3150 4311 3548 4404 naturalis,
3656 4314 3923 4410 plures

708 4444 911 4495 mam
1013 4421 1234 4514 aceti,
1337 4431 1747 4520 antequam
1849 4425 2262 4501 inducatur
2371 4432 2625 4497 tamen
2688 4424 2913 4498 habet
2952 4425 3363 4499 dissimiles
3404 4449 3635 4525 quam
3714 4431 3924 4515 simi-

710 4538 952 4612 forma
992 4538 1215 4631 aceti,
1295 4549 1372 4611 ut
1414 4550 1711 4637 oportet
1760 4543 1974 4640 prius
2020 4548 2262 4618 resol-
2373 4542 2482 4615 les
2519 4569 2535 4634 3
2577 4564 2748 4614 nam
2795 4542 3145 4637 quaedam
3193 4554 3370 4616 sunt
3412 4544 3755 4622 effective
3790 4573 3925 4623 ca-

708 4657 785 4730 vi
828 4665 1128 4731 acetum
1206 4657 1282 4729 in
1330 4666 1639 4749 terram,
1712 4669 1785 4733 et
1860 4660 1935 4733 in
2020 4673 2261 4737 mate-
2374 4658 2575 4750 lidae,
2613 4656 2964 4754 quaedam
3013 4658 3264 4749 siccae,
3303 4683 3477 4757 quae
3517 4672 3698 4736 sunt
3733 4686 3921 4762 qua-

712 4773 901 4847 riam
981 4773 1338 4871 primam,
1376 4784 1449 4847 et
1516 4786 1687 4871 post
1748 4775 1821 4848 in
1889 4776 2151 4866 vitem,
2190 4790 2263 4854 et
2371 4772 2621 4847 litates
2663 4771 2994 4869 propriae.
3053 4772 3226 4846 talis
3278 4774 3597 4871 liquoris
3656 4801 3923 4854 conse-

389 4913 655 4965 pervim
714 4900 881 4991 post
940 4890 1013 4963 in
1090 4914 1344 4984 uvam,
1394 4900 1468 4964 et
1500 4892 1605 4964 sic
1638 4892 1728 4966 de
1798 4894 1992 4969 aliis.
2041 4896 2261 4972 Unde
2372 4897 2695 4986 quentes
2731 4899 3078 4963 naturam
3125 4891 3404 4988 speciei
3467 4894 3702 4991 illius,
3738 4919 3919 4995 quae

359 4982 656 5102 nounassssisst
710 5016 867 5083 tota
907 5016 1182 5081 natura
1219 5006 1557 5081 universi
1592 5032 1746 5081 non
1809 5012 2263 5107 produceret
2372 5008 2586 5080 nullo
2639 5007 2862 5081 modo
2918 5008 3394 5082 conveniunt
3470 5035 3644 5086 cum
3711 5038 3918 5114 aqua

358 5104 663 5216 ’ξξῦῑῗίξὶῗ
711 5148 943 5199 unam
991 5133 1277 5220 guttam
1316 5147 1539 5221 aquoe
1592 5126 1682 5198 de
1753 5127 2113 5203 omnihus
2184 5130 2263 5202 li·
2370 5126 2732 5217 naturali,
2770 5126 3264 5201 sicutdicunt
3321 5130 3624 5218 medici,
3664 5141 3734 5207 et
3775 5134 3917 5209 be-

355 5230 661 5356 vgfanaessffl.
711 5242 883 5340 gnis
926 5241 1297 5334 universi,
1366 5243 1882 5338 pra³termisso
1946 5245 2086 5319 isto
2149 5271 2259 5319 or·
2369 5266 2494 5335 ne,
2533 5242 2735 5339 quod
2782 5243 2955 5317 licet
2985 5244 3268 5341 aliquae
3338 5248 3596 5323 herbae
3644 5274 3919 5327 conve-

357 5356 680 5482 Αὲὲξὲῗξίῗῗθ
711 5361 888 5436 dine
923 5359 1195 5456 agendi
1234 5384 1369 5459 per
1440 5361 1685 5435 media
1751 5364 2262 5440 determinata
2369 5363 2593 5438 niunt
2636 5364 2707 5436 in
2747 5364 3005 5438 multis
3050 5366 3570 5462 qualitatibuS,
3617 5394 3766 5445 una
3815 5381 3920 5449 ta-

713 5503 805 5554 ex
837 5488 1112 5550 natura
1150 5506 1165 5569 3
1205 5487 1277 5550 et
1354 5477 1523 5551 ideo
1566 5479 2044 5553 mentiuntur
2130 5484 2259 5554 ΑΙ-
2372 5504 2543 5553 men
2581 5492 2800 5553 sanat
2854 5504 2895 5554 a
2951 5481 3079 5555 tali
3123 5482 3593 5579 infirmitate,
3641 5499 3714 5562 et
3757 5513 3913 5562 non

713 5593 1141 5692 chymistae,
1175 5592 1306 5689 qui
1375 5592 1639 5667 dicunt
1700 5618 1780 5669 se
1832 5596 2257 5693 producere
2370 5598 2545 5687 alia,
2583 5622 2720 5697 per
2777 5598 3218 5695 qualitatem
3294 5601 3438 5677 sibi
3482 5605 3908 5707 propriam,
