4295 6326
606 471 736 538 230

609 668 733 721 mo
795 641 989 717 libro
1057 642 1150 718 de
1229 667 1580 718 sermone
1672 641 2000 716 Domini
2075 641 2160 715 in

607 767 890 853 monte,
974 761 1179 859 quod
1260 760 1508 835 ludas
1587 759 1902 858 facilius
1988 758 2163 832 des-

600 901 890 976 perans
946 878 1277 952 incurrit
1333 879 1413 952 in
1495 876 1877 976 laqueum,
1932 900 2158 974 quam

611 993 1064 1068 humiliatus
1146 995 1452 1068 veniam
1539 999 1826 1092 petere,
1918 1002 1993 1066 et
2066 993 2161 1065 de

613 1131 941 1183 numero
1001 1109 1144 1183 isto
1214 1110 1354 1183 fnit
1418 1109 1546 1184 ille
1612 1108 2014 1190 Achitofel,
2086 1107 2157 1178 2.

613 1222 803 1320 Req.
855 1224 971 1296 17.

287 1346 567 1471 {gcggggff
720 1341 1017 1415 Dicitur
1076 1352 1331 1416 autem
1381 1342 1571 1416 illud
1626 1349 2024 1438 peccatum
2058 1339 2167 1412 ir—

267 1475 564 1520 tumsane-
621 1457 1108 1551 remissibile,
1169 1482 1323 1531 non
1394 1458 1867 1555 simpliciter.
1947 1455 2166 1531 Unde

267 1537 594 1668 ἷιῗέιᾳῖῗιῖἓῗ
623 1576 1047 1650 secundum
1091 1576 1544 1673 Magistrum
1590 1577 1662 1649 in
1703 1576 1976 1668 littera,
2022 1576 2167 1649 hoc

270 1658 535 1707 m¹⁸⁸¹b¹¹⁰
564 1659 590 1706 ²
619 1702 1018 1790 peccatum
1050 1717 1203 1766 non
1242 1695 1668 1768 remittetur
1708 1695 1858 1787 hic,
1904 1716 2045 1767 nec
2088 1692 2165 1765 in

617 1810 919 1903 futur0,·
957 1810 1264 1908 quando
1297 1833 1453 1884 non
1505 1810 1733 1885 habet
1781 1810 2167 1908 poeniten-

615 1926 796 2001 tiam
826 1926 1180 2002 comitem
1214 1955 1233 2021 3
1270 1928 1403 2002 sed
1436 1929 1580 2001 hoc
1614 1927 1974 2002 convenit
2012 1928 2167 2002 cui-

615 2045 799 2120 libet
830 2056 1143 2144 peccato
1223 2046 1550 2122 mortali.
1610 2045 2159 2121 Verumtamen

613 2165 759 2237 hoc
792 2176 1188 2262 peccatum
1251 2165 1530 2239 dicitur
1600 2164 2157 2256 irremissibile,

612 2303 703 2355 eo
738 2281 964 2354 modo
994 2304 1147 2378 quo
1176 2282 1476 2356 nullum
1523 2281 1730 2355 aliud
1760 2290 2155 2379 peccatum

612 2407 727 2470 est
783 2398 1339 2473 irremissibile.
1392 2401 1483 2471 Et
1532 2399 1674 2472 hoc
1708 2397 1986 2472 dicitur
2015 2398 2159 2469 du-

611 2511 957 2609 pliciter:
1020 2515 1295 2600 Primo,
1344 2514 1527 2610 quia
1590 2515 1888 2587 nullum
1945 2512 2155 2586 aliud

611 2638 1009 2725 peccatum
1074 2629 1491 2727 opponitur
1544 2629 1826 2703 directe
1869 2628 2158 2726 princi-

611 2744 740 2842 pio
803 2746 1280 2820 remissionis
1335 2747 1408 2819 in
1475 2747 1954 2840 remittente3
2019 2744 2152 2819 sed

610 2858 801 2933 illud
871 2873 1269 2960 peccatum
1358 2874 1473 2936 est
1534 2863 1816 2937 directe
1891 2871 2158 2936 contra

610 2975 1078 3074 principium
1147 2977 1621 3053 remissionis
1708 2977 1999 3076 peccati
2074 2978 2153 3050 in

610 3093 1075 3190 remittente,
1121 3120 1214 3171 ex
1274 3119 1364 3173 eo
1409 3098 1613 3196 quod
1646 3099 1893 3174 aufert
1932 3097 2157 3173 mise-

612 3211 1080 3288 ricordiama
1115 3213 1301 3303 De0‚
1334 3238 1511 3312 quae
1544 3226 1659 3291 est
1688 3216 2154 3315 principium

611 3328 1046 3403 remittendi
1089 3342 1514 3427 peccatum,
1552 3340 1802 3405 etnon
1844 3332 1972 3406 dat
2011 3331 2157 3407 sibi

610 3442 1193 3539 nisijustitiam,
1240 3457 1313 3520 et
1354 3448 1498 3520 hoc
1550 3447 1779 3521 habet
1820 3448 2154 3545 inquan-

611 3569 774 3633 tum
804 3570 917 3634 est
940 3585 1030 3635 cu
1045 3586 1112 3635 m
1140 3563 1672 3661 desperatione
1699 3593 1717 3658 ;
1745 3566 1918 3640 talis
1950 3566 2151 3639 enim

612 3677 887 3752 diffidit
936 3692 1008 3755 et
1076 3681 1429 3780 desperat
1470 3683 1561 3756 de
1633 3683 2157 3759 misericordia

2035 464 2274 536 LIBRI
2324 466 2415 537 11.

2271 638 2438 714 Dei.
2487 641 2874 736 Secundo,
2920 643 3126 739 quod
3194 641 3616 741 corrumpit
3656 642 3816 716 dis-

2273 757 2732 855 positionem
2808 760 2901 834 ad
2975 760 3502 835 remissionem
3581 759 3659 833 in
3724 783 3814 834 eo

2272 874 2398 949 cui
2440 874 2659 950 debet
2704 876 3012 967 remitti,
3050 878 3260 974 quia,
3298 878 3495 952 sicut
3525 876 3813 951 dictum

2274 1000 2388 1065 est
2418 994 2499 1066 in
2527 999 2792 1090 quarto
2820 995 2867 1087 '‚
2904 995 3369 1092 principium
3424 993 3817 1092 dispositi-
3845 1043 3868 1066 .
3899 1040 3951 1090 d,
3978 1042 4180 1105 μω,

2274 1132 2455 1182 vum
2487 1110 2577 1184 ad
2618 1111 3146 1185 remissionem
3190 1111 3482 1210 peccati
3524 1112 3602 1184 in
3639 1134 3816 1210 pec-

2276 1236 2561 1320 catore,
2594 1237 2706 1301 est
2757 1227 3108 1324 quaedam
3181 1227 3668 1325 displicentia
3726 1228 3817 1302 de

2280 1352 2615 1439 peccate,
2655 1353 2748 1420 et,
2784 1343 3187 1418 conversio
3246 1343 3340 1417 ad
3398 1343 3674 1418 Deum.
3734 1344 3822 1417 ll-

2279 1462 2406 1535 lud
2454 1472 2708 1536 autem
2741 1473 3135 1559 peccatum
3174 1463 3632 1560 inquantum
3679 1464 3822 1536 ha-

2282 1578 2408 1652 bet
2446 1576 2922 1675 propositum
2994 1578 3086 1653 de
3150 1603 3303 1653 non
3374 1578 3818 1677 poenitendo

2279 1695 2355 1767 in
2424 1695 2553 1769 tali
2613 1693 3023 1788 obstinato,
3103 1695 3297 1768 tollit
3364 1719 3591 1770 omne
3670 1696 3818 1770 tale

2277 1812 2841 1912 dispositivum.

2372 1938 2483 2012 Ad
2546 1938 2877 2036 primum
2962 1948 3533 2035 argumentum,
3606 1947 3814 2036 patet
3956 1991 3996 2057 7

2276 2055 2502 2129 modo
2536 2079 2671 2153 per
2697 2055 3161 2152 supradicta,
3238 2055 3444 2152 quod
3498 2078 3650 2127 non
3685 2079 3813 2152 po·
3846 2108 3923 2159 Ad
3953 2045 4180 2171 air-gum.

2273 2179 2417 2246 test
2478 2171 2652 2268 quis
2713 2171 3029 2266 diligere
3078 2195 3305 2245 unam
3367 2193 3805 2298 persopam,
3842 2168 4183 2297 pggffffig·

2273 2311 2414 2362 nec
2455 2288 2695 2381 odire,
2734 2287 2880 2361 nisi
2921 2288 3147 2361 etiam
3182 2287 3610 2361 virtualiter
3648 2287 3813 2360 dili-

2271 2413 2425 2500 gat,
2472 2407 2590 2479 vel
2644 2405 2850 2479 odiat
2899 2405 3233 2501 aliquam
3285 2405 3510 2478 aliam
3549 2427 3810 2501 perso-

2272 2545 2474 2595 nam.
2508 2523 3040 2596 Potesttamen
3069 2522 3470 2620 actualiter
3491 2520 3809 2617 diligere

2274 2662 2534 2722 unam,
2582 2662 2733 2712 non
2771 2638 3159 2735 diligendo
3228 2639 3453 2712 aliam
3503 2637 3811 2712 actuali-

2272 2764 2410 2830 ter.

2369 2872 2478 2945 Ad
2513 2872 2967 2965 secundum,
3012 2880 3218 2969 patet
3284 2870 3681 2968 responsio
3728 2870 3806 2943 in
3839 2909 3922 2959 Ad
3953 2923 4159 2961 seeun-

2271 2988 2653 3062 solutione
2750 2987 3228 3086 quaestionis,
3323 2987 3526 3084 quod
3618 2987 3806 3060 illud
3929 2971 4086 3023 ‘¹⁰⁰²‘

2270 3119 2665 3204 peccatum
2736 3115 2851 3180 est
2937 3104 3462 3202 principaliter
3541 3113 3810 3180 contra

2272 3247 2511 3322 spem,
2559 3234 2632 3298 et
2690 3233 2937 3321 potest
2968 3222 3076 3296 sic
3126 3222 3301 3307 dici,
3348 3222 3646 3297 etiamsi
3689 3222 3812 3294 in-

2271 3341 2658 3436 telligatur
2696 3339 2956 3438 opinio
3006 3339 3351 3435 Magistri
3412 3340 3504 3414 de
3555 3338 3810 3413 chari-

2267 3468 2445 3533 tate.

2364 3573 2475 3648 Ad
2523 3575 2855 3667 tertium,
2901 3584 3108 3672 patet
3167 3574 3552 3670 quomodo
3618 3573 3799 3646 illud
3900 3600 4126 3676 Aeter-

2268 3699 2580 3788 peccatu
2597 3712 2663 3760 m
2699 3700 2813 3763 est
2844 3688 3396 3763 irremissibile.
3931 3670 4088 3717 ‘'⁰¹¹'’
