4295 6326
1438 435 1664 503 DIST.
1717 436 1942 506 XXX.
1997 435 2414 516 QUAESTIO
2468 436 2700 505 UNlC.

3515 420 3645 507 495

1133 782 2282 951 DISTINCTIO
2461 785 2952 1019 xxx.

1507 1100 1599 1148 DE
1652 1097 2075 1149 DlLECTIONE
2126 1097 2572 1149 lNlMlCORUM

828 1573 1227 1653 QUAESTIO
1282 1574 1578 1642 UNICA.

439 1772 680 1837 Utrum
738 1768 1014 1836 inimici
1065 1769 1212 1836 sint
1258 1768 1607 1854 a’ilz'yendz'
1654 1786 1744 1834 ea·
1807 1769 1972 1836 cha-

1074 1875 1278 1944 ritate
1315 1879 1347 1940 ?

439 2066 500 2120 D.
536 2064 746 2121 Thom.
779 2066 833 2119 2.
864 2065 920 2120 2.
954 2082 1005 2137 q.
1035 2067 1125 2120 25.
1162 2070 1279 2120 art.
1312 2066 1366 2121 8.
1398 2067 1449 2120 et
1477 2064 1532 2121 9.
1564 2068 1616 2120 et
1640 2065 1730 2120 hic
1757 2082 1807 2137 q.
1844 2081 1881 2120 1.
1915 2080 1970 2121 a.

504 2138 558 2192 2.
595 2143 659 2191 D.
691 2137 903 2193 Bonav.
936 2153 1050 2194 a.1.
1079 2154 1134 2227 q.
1167 2138 1220 2192 5.
1256 2137 1526 2193 Richard.
1556 2155 1616 2191 a.
1650 2154 1688 2193 ι.
1713 2156 1764 2209 q.
1798 2153 1837 2191 1.
1873 2136 1973 2192 Va·

507 2209 616 2265 len.
651 2210 705 2263 2.
738 2209 794 2263 2.
827 2211 884 2264 d.
912 2211 960 2264 3.
996 2226 1045 2281 q.
1078 2211 1130 2264 ὀ.
1165 2226 1216 2280 ρ.
1248 2211 1300 2263 2.
1336 2209 1705 2280 Expositores
1737 2209 1792 2263 in
1827 2207 1969 2263 illud

505 2280 707 2336 Matth.
739 2283 794 2337 5.
826 2281 1060 2353 Diliqice
1088 2280 1341 2336 inimicos
1359 2284 1577 2337 vestros.

217 2503 273 2569 1·
533 2457 751 2532 Circa
830 2457 1399 2532 distinctionem
1502 2456 1969 2555 trigesimam

75 2620 397 2747 ffi..
432 2586 811 2792 aar
840 2577 1249 2768 ..m
1278 2582 1977 2769 ”tristata

434 2810 652 2897 Quod
694 2834 878 2904 non,
922 2810 1407 2907 Augustinus
1457 2810 1539 2884 in
1595 2809 1972 2884 Eizcltiri-

432 2927 588 3020 dio,
626 2951 791 3029 cap.
848 2928 963 3000 11.
1024 2937 1099 3002 et
1158 2927 1484 3002 habetur
1531 2926 1611 3000 in
1656 2926 1904 3001 littera
1948 2949 1964 3001 ε

430 3044 613 3120 Non
656 3051 767 3119 est
804 3051 1064 3132 tantae,
1100 3054 1244 3120 etc.

532 3162 749 3259 Item,
784 3163 1055 3239 Matth.
1093 3162 1211 3237 225.
1257 3162 1574 3238 Dictum
1618 3169 1731 3239 est
1775 3162 1971 3239 anti-

432 3282 627 3379 quie,
690 3282 863 3356 odio
938 3280 1249 3356 habebis
1316 3282 1746 3356 inimicam.
1816 3280 1965 3356 Sed

428 3398 697 3475 eadem
766 3408 947 3473 sunt
1030 3408 1418 3498 praecepta
1497 3399 1819 3474 moralia
1886 3399 1964 3472 in

430 3539 631 3592 nova
681 3519 846 3614 lege
924 3527 1000 3591 et
1047 3517 1394 3614 antiqua,
1455 3527 1529 3592 et
1584 3541 1740 3591 non
1783 3517 1960 3611 alia,

426 3634 852 3709 secundum
937 3632 1142 3707 Glos.
1203 3632 1273 3705 3.
1341 3633 1529 3732 Req.
1588 3634 1659 3706 2.
1734 3658 1968 3732 super

427 3752 615 3826 illud
663 3776 679 3826 ;
728 3751 950 3827 Fecit
999 3774 1294 3849 qaoque
1368 3774 1605 3825 mare.
1676 3752 1788 3825 Ec
1832 3752 1969 3826 de-

430 3895 588 3945 cem
636 3871 1049 3968 praeceptis
1108 3870 1190 3943 in
1250 3869 1410 3967 leqe
1465 3870 1751 3962 omnia,
1796 3894 1966 3968 quae

428 3988 688 4086 facere
745 3985 1131 4080 debemaS,
1206 3986 1585 4084 eoepressit
1642 4014 1661 4080 3
1736 3986 1969 4083 igitur

425 4131 603 4181 cum
668 4131 809 4181 nos
871 4130 1022 4180 non
1095 4106 1314 4181 aliter
1393 4115 1799 4180 teneamur
1873 4105 1967 4180 ad

428 4232 927 4323 praeceptum,
975 4245 1202 4319 quam
1241 4222 1643 4321 illi‚etipsi
1687 4223 1780 4296 ad
1824 4225 1968 4296 hoc

429 4365 580 4416 non
616 4340 1107 4434 tenebantur,
1153 4340 1411 4437 igitur.

527 4460 743 4551 Item,
786 4459 1011 4532 Lucae
1040 4458 1109 4530 6.
1158 4457 1340 4531 dicit
1380 4458 1702 4532 Glossa:
1756 4457 1970 4532 Dili-

422 4602 601 4675 qere
632 4577 1034 4652 inimicam
1067 4582 1176 4651 est
1195 4575 1747 4675 perfectoram,
1812 4600 1967 4652 non

413 4720 839 4795 parvorum
875 4724 893 4790 3
962 4695 1197 4792 igitur
1254 4697 1401 4770 hoc
1459 4719 1614 4769 non
1684 4705 1798 4770 est
1873 4696 1965 4770 de

426 4813 883 4889 necessitate
925 4812 1222 4887 salutis.
1298 4812 1518 4887 Unde
1593 4812 1965 4909 Augusti-

424 4955 574 5006 nus
615 4953 849 5029 super
887 4929 1075 5004 illud
1136 4929 1418 5004 Psalm.
1478 4930 1641 5002 118.
1676 4928 1966 5005 Revela

425 5049 682 5124 oeulos
734 5069 1015 5121 ·meos.
1142 5045 1512 5121 Mirabile
1627 5048 1963 5121 amicam

424 5165 775 5263 diliqere,
834 5161 1271 5237 mirabilius
1334 5169 1589 5238 tamen
1640 5163 1964 5261 diliqere

424 5282 829 5356 inimicam
865 5308 883 5374 3
930 5280 1192 5353 nullus
1234 5288 1488 5354 autem
1524 5288 1830 5355 tenetur
1869 5278 1964 5353 ad

425 5398 918 5474 mirabiliora.

200 5518 266 5585 2.
520 5516 976 5599 Item,Lucae
1003 5513 1117 5586 10.
1147 5515 1428 5612 qaaerit
1454 5515 1958 5615 leqisperitas,

63 5633 352 5692 Quartum.
422 5636 590 5734 qais
684 5638 794 5708 est
845 5630 1258 5730 proximus
1316 5655 1553 5722 meae,
1628 5638 1700 5707 et
1779 5630 1971 5706 dicit

138 3174 339 3229 Secun-

168 3239 315 3292 dum.

100 4488 359 4539 Tertium.

2086 1362 2294 1460 qaod
2356 1361 2495 1436 iste
2562 1362 2699 1459 qai
2730 1362 2924 1460 facit
2984 1364 3630 1458 misericordiam,

2085 1488 2160 1553 et
2193 1478 2332 1553 iste
2374 1488 2488 1553 est
2536 1478 2977 1576 diligendus
3022 1509 3040 1575 3
3078 1481 3281 1555 unde
3344 1493 3417 1556 et
3482 1480 3635 1555 ibi-

2086 1595 2258 1668 dem
2303 1595 2486 1670 dicit
2524 1595 2930 1681 Dominus,
2972 1605 3045 1673 et
3072 1604 3153 1672 ta
3182 1598 3310 1695 fac
3348 1598 3632 1672 simili-

2083 1721 2224 1788 ter.
2260 1713 2407 1788 Sed
2439 1714 2799 1791 inimicus
2819 1740 2971 1789 non
3007 1726 3122 1790 est
3152 1715 3625 1813 hujusmodi,

2085 1830 2270 1928 quia
2293 1854 2446 1905 non
2476 1831 2648 1905 facit
2681 1832 3322 1920 misericordiam3
3360 1832 3624 1929 igitur,

2084 1956 2229 2023 etc.

2182 2067 2398 2156 Item,
2463 2066 2539 2139 in
2602 2067 3006 2143 contrariis
3075 2077 3281 2144 tenet
3349 2094 3627 2146 conse-

2083 2183 2400 2278 quentia
2484 2182 2564 2257 in
2641 2184 2942 2283 seipsis,
3032 2210 3129 2260 ea:
3203 2188 3272 2259 2.
3362 2189 3619 2286 Topic.

2080 2298 2347 2373 Amico
2436 2309 2688 2374 autern
2750 2310 3049 2398 oportet
3102 2303 3555 2380 benefacere
3601 2332 3620 2399 3

2082 2413 2319 2509 igitur
2385 2414 2695 2490 inimico
2789 2416 3310 2512 malefacere3
3390 2419 3628 2516 igitur

2085 2555 2240 2605 non
2293 2532 2637 2630 diligere.

2183 2649 2401 2740 Item,
2471 2651 2617 2724 hoc
2675 2651 2978 2725 videtur
3036 2662 3334 2728 naturae
3392 2679 3625 2752 repu-

2082 2791 2348 2865 gnare.
2389 2767 2607 2843 Unde
2650 2770 2793 2843 hoc
2817 2779 2930 2844 est
2962 2773 3312 2846 naturale
3347 2771 3422 2845 in
3468 2797 3624 2847 om-

2083 2884 2314 2959 nibus
2353 2885 2551 2978 aliis,
2600 2886 2804 2983 quod
2867 2887 3143 2963 nociva
3181 2898 3256 2963 et
3309 2889 3622 2965 inimica

2084 3011 2380 3076 naturae
2417 2999 2836 3095 odiuntur3
2891 3001 3128 3100 igitur
3203 3004 3312 3079 sic
3365 3005 3511 3080 erit
3542 3006 3620 3080 in

2080 3119 2503 3194 voluntate.

2177 3235 2480 3321 Contra,
2511 3236 2782 3310 Matth.
2829 3237 2898 3310 5.
2948 3237 3276 3337 Diliqite
3351 3239 3623 3314 inimi-

2078 3376 2202 3426 cos
2233 3360 2539 3427 vestros.
2577 3352 2874 3428 Dicitur
2936 3356 3077 3430 hoc
3136 3378 3304 3431 esse
3361 3357 3620 3430 consi-

2078 3468 2295 3543 lium.

2177 3585 2466 3660 Ibidem
2524 3585 2749 3661 etiam
2804 3586 3132 3663 dicitur:
3184 3587 3283 3661 Si
3331 3589 3620 3664 amicos

2076 3710 2372 3780 tantam
2405 3704 2861 3799 dilexeritis,
2914 3731 3141 3805 qaam
3192 3707 3620 3782 mercedem

2064 3821 2451 3897 ‘habebitis
2477 3823 2522 3898 Ρ
2552 3824 2769 3918 Item,
2803 3825 3165 3900 Matmaei
3202 3826 3316 3898 18.
3357 3826 3622 3900 Chris-

2078 3948 2203 4014 tus
2257 3940 2442 4013 dixit
2503 3940 2782 4016 Petro:
2838 3941 3165 4017 Dimitte
3223 3967 3458 4041 usqae
3524 3942 3630 4018 ad

2075 4056 2507 4154 septuaqies
2543 4058 2846 4155 septies.

2178 4172 2393 4266 Item,
2427 4172 2843 4247 Mammss.
2886 4174 3010 4249 ubi
3045 4174 3327 4272 legitur
3366 4175 3624 4249 Domi-

2076 4313 2263 4363 num
2346 4290 2642 4367 misisse
2735 4307 3043 4368 servum
3135 4318 3470 4393 nequam
3542 4293 3622 4369 in

2078 4431 2492 4512 carcerem,
2574 4409 2757 4506 quia
2838 4435 2995 4486 non
3073 4421 3189 4486 est
3267 4413 3623 4487 misertus

2078 4551 2451 4603 conservo
2511 4552 2679 4616 suc,
2725 4538 2798 4604 et
2872 4530 3180 4605 tandem
3244 4530 3425 4605 dicit
3489 4530 3627 4604 ibi-

2078 4645 2247 4722 dem
2285 4672 2299 4721 :
2343 4647 2478 4722 Sic
2498 4647 2736 4745 faciet
2757 4648 2998 4724 Pater
3021 4673 3235 4725 meas
3267 4647 3618 4745 coelestiS,

2076 4773 2220 4840 etc.

2625 5051 2988 5110 SCHOLIUM
3029 5055 3072 5110 1.

2145 5202 2405 5259 Primum
2440 5201 2981 5270 dictum,inimicus
3015 5221 3133 5277 qua
3176 5206 3308 5262 talis
3357 5224 3469 5263 non
3529 5211 3620 5263 est

2074 5294 2429 5363 diligenduS,
2465 5294 2602 5365 quia
2634 5293 2844 5362 malus,
2879 5296 3120 5367 positive
3165 5296 3388 5353 habens
3448 5297 3615 5353 habi·

2075 5389 2196 5441 tum
2229 5384 2503 5441 vitiosum
2535 5385 2670 5440 odii.
2704 5386 3048 5454 Secundum,
3085 5404 3195 5459 qua
3227 5388 3402 5444 horno
3434 5387 3614 5444 dilec-

2073 5476 2231 5533 tione
2263 5475 2552 5533 habituali
2609 5476 2940 5544 diligendus
2997 5485 3103 5548 est,
3173 5484 3363 5552 potest
3419 5483 3616 5536 tamen

2074 5582 2191 5623 non
2223 5565 2389 5638 diligi
2419 5571 2574 5623 actu.
2600 5566 2884 5638 Tertium,
2915 5584 3031 5624 non
3061 5569 3241 5626 debeo
3289 5569 3445 5626 nolle
3499 5569 3617 5625 ini-

2074 5655 2223 5713 mico
2253 5671 2449 5714 amare
2483 5657 2663 5713 Deum
2711 5654 2773 5713 in
2825 5672 2907 5726 se,
2959 5655 3045 5714 vel
3094 5657 3227 5726 sibi,
3285 5659 3385 5715 sed
3427 5673 3617 5731 neque

3674 2129 3949 2191 Quintum.

3693 2701 3911 2754 Sextum
3924 2741 3936 2755 .

3712 3283 3935 3336 Contra.
