4295 6326
1439 413 1659 481 ms‘r.
1714 411 1870 483 xn.
1924 400 2345 494 QUAESTIO
2398 416 2452 484 ι.
3538 412 3616 480 ι3

413 611 556 687 ρει·
598 586 954 663 accidens
992 587 1452 687 inquantum
1486 596 1603 663 est
1655 588 1963 685 subjec-

414 716 574 779 tum
625 714 901 779 motus.
941 704 1160 779 Unde
1193 704 1483 802 aliquid
1512 715 1760 803 potest
1790 727 1958 780 esse

410 820 854 896 necessario
896 820 1370 896 conveniens
1405 821 1535 895 alii
1572 846 1704 920 per
1754 821 1959 895 acci-

410 939 633 1032 denS,
750 939 1107 1036 quamvis
1190 962 1344 1013 non
1434 938 1532 1013 sit
1628 939 1719 1014 de
1805 940 1960 1013 for-

411 1060 596 1133 mali
695 1059 987 1133 ratione
1071 1059 1261 1156 ejuS,
1340 1069 1415 1135 et
1517 1060 1957 1135 necessario

412 1174 739 1272 requirit
818 1174 1027 1250 aliud
1088 1202 1107 1269 3
1219 1199 1394 1249 nam
1499 1177 1643 1250 hoc
1732 1176 1957 1249 modo

410 1292 736 1389 privatio
860 1292 1137 1366 dicitur
1245 1293 1709 1392 principium
1824 1316 1960 1391 per

409 1408 767 1483 accidens
854 1419 1182 1484 naturae.
1257 1410 1391 1483 Eoe
1455 1410 1715 1507 primo
1748 1409 1959 1509 Phy-

408 1527 545 1600 sic.
620 1531 802 1600 teoet.
892 1528 1011 1600 66.
1088 1528 1196 1601 sic
1256 1528 1425 1602 dico
1495 1528 1698 1624 quod
1778 1551 1958 1600 cum

411 1667 571 1718 esse
613 1644 691 1717 in
734 1645 1101 1741 potentia,
1149 1644 1355 1743 quod
1406 1669 1543 1743 per
1608 1668 1689 1719 se
1756 1644 1960 1718 attri-

412 1761 675 1835 buitur
752 1761 1098 1860 subjecto
1168 1772 1447 1858 motus,
1522 1756 1956 1838 necessario

412 1878 916 1974 conjungitur
948 1903 1109 1953 6336
1150 1879 1224 1952 in
1262 1889 1432 1954 actu
1478 1879 1954 1979 simpliciter,

413 1994 591 2068 licet
631 2018 767 2092 per
806 1996 1190 2092 accidenS,
1226 1997 1659 2095 subjectum
1700 2007 1956 2071 autem

409 2112 937 2208 generationis
973 2136 1017 2186 a
1046 2136 1200 2212 quo
1235 2125 1559 2211 negatur
1591 2138 1776 2206 6336,
1802 2137 1956 2186 non

410 2227 852 2301 necessario
887 2237 1000 2302 est
1032 2228 1107 2301 in
1143 2237 1316 2303 actu
1350 2253 1513 2316 ens,
1552 2229 1722 2304 ideo
1757 2227 1963 2303 sulfi-

411 2343 517 2416 cit
540 2344 634 2418 ad
660 2344 1184 2442 probationem
1207 2349 1262 2420 Α
1279 2346 1634 2421 ristotelis
1656 2348 1964 2421 conclu·

411 2459 601 2534 dere
641 2460 844 2556 quod
905 2462 1297 2557 generatio
1340 2486 1495 2536 non
1539 2463 1633 2536 sit
1678 2472 1954 2537 motus.

132 2575 328 2686 Ᾰέυξξ·
517 2575 629 2649 Ad
680 2576 916 2670 aliud,
991 2576 1400 2653 dicendum
1467 2580 1672 2677 quod
1734 2588 1963 2654 mate-

128 2701 380 2798 ¹¹⁸teri⁸3
417 2692 533 2766 ria
567 2692 855 2767 scibilis
913 2704 1025 2768 est
1085 2695 1179 2770 ab
1247 2696 1506 2792 aliquo
1567 2697 1959 2772 intellectu

88 2769 589 2895 'iiii'sssr‘sssine
630 2807 986 2904 analogia
1052 2809 1145 2883 ad
1196 2811 1546 2904 formam,
1611 2811 1743 2886 sed
1805 2835 1960 2886 non

85 2888 356 2999 ι’ῗίἶῖἒῗη
416 2923 845 2997 intellectui
922 2935 1207 3000 nostro.
1282 2926 1625 3001 Primum
1682 2929 1963 3026 proba·-

89 3013 379 3077 qu'n'
410 3048 570 3126 tur,
611 3040 793 3137 quia
854 3041 1083 3116 habet
1135 3043 1520 3142 propriam
1577 3043 1824 3118 ideam
1882 3044 1961 3117 in

414 3165 679 3232 mente
713 3156 1000 3247 divina,
1067 3160 1128 3233 si
1199 3159 1297 3235 sit
1361 3160 1651 3259 aliquid
1705 3160 1965 3260 positi-

404 3295 629 3363 vum,
668 3281 741 3346 et
802 3272 974 3347 ideo
1036 3275 1463 3349 secundum
1525 3299 1605 3350 se
1675 3276 1965 3351 scibilis

408 3397 531 3462 est
570 3388 737 3464 sine
766 3391 1121 3487 analogia
1151 3391 1245 3466 ad
1282 3393 1628 3487 formam,
1674 3393 1805 3468 sed
1854 3402 1967 3468 ta-

408 3529 596 3580 men
677 3529 723 3579 a
791 3506 1013 3582 nobis
1073 3532 1227 3582 non
1297 3518 1548 3605 potest
1601 3509 1966 3607 cognosci

406 3621 584 3695 sine
618 3622 978 3719 analogia
1021 3623 1110 3697 ad
1148 3625 1498 3712 formam,
1547 3625 1731 3723 quia
1783 3650 1967 3702 nos-

410 3747 531 3811 tra
564 3737 902 3833 cognitio
938 3762 1088 3813 non
1124 3752 1239 3815 est
1298 3742 1445 3815 nisi
1517 3766 1651 3841 per
1691 3767 1969 3841 opera·

415 3854 670 3928 tiones
711 3855 1144 3944 sensibiles,
1205 3882 1385 3932 nam
1427 3882 1521 3934 ex
1579 3860 1965 3959 operatio-

410 3976 651 4050 nibus
740 3975 1194 4051 devenimus
1305 3975 1382 4048 in
1489 3978 1969 4075 cognitiones

416 4091 982 4189 principiorum
1105 4093 1673 4190 operationum,
1791 4117 1968 4192 quae

417 4209 691 4282 formae
749 4217 950 4282 sunt.
1016 4209 1235 4284 Unde
1302 4233 1477 4283 cum
1535 4210 1612 4282 in
1697 4211 1966 4285 eodem

422 4325 781 4400 videmus
839 4326 1323 4425 operationes
1383 4328 1778 4404 distinctas
1846 4353 1973 4405 εε-

423 4440 771 4515 cundum
812 4442 1175 4540 speciem,
1240 4443 1639 4539 arguimus
1680 4443 1972 4542 princi-

428 4559 555 4657 pia
595 4558 952 4634 distincta
991 4582 1186 4648 esse,
1233 4570 1308 4635 et
1354 4561 1462 4635 sic
1510 4585 1599 4636 ex
1641 4586 1972 4658 genera-

426 4675 635 4749 tione
666 4684 740 4750 et
774 4677 1190 4752 mutatione
1220 4678 1422 4753 circa
1472 4680 1791 4752 sormam
1854 4704 1971 4755 co-

427 4792 880 4889 gnoscimus
969 4794 1257 4892 aliquid
1337 4819 1745 4872 commune
1816 4821 1971 4872 ma-

428 4933 640 4994 nere,
700 4911 905 5008 quod
959 4899 1276 4986 vocatur
1334 4914 1684 4988 materia.
1758 4913 1972 4989 Sicut

429 5027 651 5102 docet
691 5027 1263 5102 Commentator
1318 5028 1388 5101 8.
1454 5027 1963 5129 Metaplzysic.

429 5169 596 5243 cap.
638 5143 759 5216 12.
807 5145 1013 5243 quod
1059 5144 1257 5219 sicut
1291 5147 1825 5221 transmutatio
1854 5171 1969 5223 se-

431 5262 770 5336 cundum
804 5259 945 5334 ubi
991 5261 1215 5336 faciet
1272 5285 1411 5336 nos
1444 5262 1638 5338 scire
1683 5266 1963 5358 locum,

429 5379 533 5452 ita
562 5376 1103 5452 transmutatio
1144 5379 1569 5454 secundum
1646 5382 1967 5456 formam

430 5491 648 5567 faciet
682 5513 828 5564 nos
860 5489 1053 5564 scire
1091 5490 1513 5584 materiam,
1559 5501 1633 5568 et
1695 5493 1805 5568 sic
1853 5519 1972 5570 co·

425 5608 878 5705 gnoscimus
909 5605 1306 5682 materiam
1364 5631 1497 5705 per
1528 5611 1962 5706 analogiam

2072 590 2169 665 ad
2213 592 2563 666 sormam.
2624 589 2774 665 Sed
2825 613 2978 663 non
3019 586 3393 686 sequitur,
3457 609 3611 659 non

2070 718 2186 784 est
2254 707 2797 805 cognoscibilis
2856 731 2900 782 a
2949 705 3198 800 nobiS‚
3263 702 3413 778 nisi
3483 726 3619 801 per

2071 820 2509 917 analogiam
2546 820 2637 895 ad
2677 821 2992 894 sormam
3031 848 3049 913 3
3086 842 3268 915 ergo
3313 839 3465 890 non
3499 823 3617 889 est

2069 936 2219 1009 alia
2269 936 2549 1012 entitas
2618 936 2947 1034 positiva
2987 935 3344 1009 distincta
3382 956 3425 1007 a
3475 932 3620 1004 for-

2071 1075 2221 1145 ma,
2256 1074 2434 1126 nam
2467 1074 2609 1127 nec
2642 1050 3200 1150 perfectissima
3230 1050 3307 1122 in
3344 1056 3620 1122 natura

2068 1178 2143 1242 et
2183 1191 2571 1267 suprema,
2626 1192 2768 1243 nec
2831 1164 3496 1265 imperfectissima
3546 1169 3620 1237 et

2069 1285 2554 1379 infima,sunt
2583 1310 2628 1361 a
2654 1285 2878 1361 nobis
2910 1283 3459 1381 cognoscibilia
3480 1302 3618 1377 pro

2068 1409 2266 1476 statu
2322 1401 2498 1495 istc,
2561 1424 2703 1476 nec
2771 1400 3347 1500 proportionata
3402 1396 3625 1470 intel-

2069 1516 2296 1590 lectui
2333 1526 2621 1611 nostr0,
2657 1517 2789 1592 sed
2822 1516 3182 1604 media,et
3208 1524 3465 1589 tamen
3489 1512 3623 1586 illa

2069 1631 2147 1704 in
2183 1654 2264 1707 se
2289 1641 2470 1708 sunt
2503 1656 2680 1708 vere
2706 1631 2914 1707 entia
2944 1641 3019 1707 et
3056 1630 3414 1705 distincta
3446 1651 3624 1702 con-

2074 1758 2191 1823 tra
2231 1750 2410 1824 alia.

2165 1875 2301 1950 Vel
2338 1884 2592 1974 potest
2622 1875 2771 1951 dici
2813 1875 2906 1951 de
2948 1874 3350 1950 scibilitate
3388 1881 3622 1947 mate·
3767 1896 3874 1964 24,

2074 1990 2241 2085 riae,
2288 1993 2494 2089 quod
2576 1992 2678 2067 ibi
2714 1991 3053 2090 loquitur
3106 1991 3198 2065 de
3270 1988 3618 2082 materia,
3682 2014 3801 2066 Alta
3832 2028 3939 2088 ιρι-

2075 2116 2157 2179 ut
2189 2107 2422 2181 habet
2467 2107 2814 2182 ordinem
2885 2107 2979 2181 ad
3057 2105 3626 2180 transmutatio·
3713 2091 3924 2143 ⁹⁰⁰⁸¹⁰‘

2072 2245 2248 2296 nem
2283 2230 2652 2320 tanquam
2696 2222 3194 2321 principium,
3231 2232 3305 2297 et
3336 2220 3446 2296 sic
3480 2243 3622 2295 nec

2073 2339 2418 2434 materia,
2465 2364 2606 2416 nec
2683 2339 3115 2438 subjectum
3187 2348 3440 2420 motus
3508 2346 3622 2412 est

2070 2455 2337 2531 scibile
2398 2480 2536 2555 per
2626 2480 2706 2532 se
2796 2456 3256 2554 inquantum
3346 2454 3624 2551 hujus-

2074 2573 2333 2667 modi3
2390 2597 2636 2672 usque
2693 2574 2901 2648 enim
2984 2573 3078 2647 ad
3149 2572 3504 2669 quintum
3541 2569 3625 2644 li-

2069 2690 2294 2765 brum
2338 2691 2678 2789 loquitur
2702 2691 2795 2766 de
2832 2689 3177 2779 materia,
3217 2699 3291 2765 et
3324 2689 3416 2762 de
3451 2686 3626 2761 sub·

2058 2806 2262 2904 jecto
2321 2816 2476 2881 tam
2551 2807 3000 2883 mutationis
3069 2830 3296 2905 quam
3365 2814 3619 2879 motus

2071 2922 2638 3019 indifferentem
2684 2925 2813 3000 sed
2849 2922 3235 3023 loquendo
3278 2921 3369 2997 de
3415 2931 3628 2996 utro-

2073 3067 2252 3141 que,
2292 3054 2366 3118 et
2396 3052 2577 3118 sunt
2627 3043 2982 3141 quaedam
3045 3050 3347 3115 naturae
3408 3040 3626 3115 abso-

2075 3162 2287 3256 lutae,
2327 3161 2725 3260 quodlibet
2765 3186 2901 3261 per
2952 3186 3032 3237 se
3105 3159 3627 3259 cognoscibile

2074 3291 2215 3373 est,
2242 3279 2375 3355 sed
2405 3280 2649 3376 magis
2674 3280 3139 3378 subjectum,
3166 3280 3628 3376 inquantum

2083 3397 2328 3494 magis
2389 3398 2619 3472 habet
2689 3397 2779 3472 de
2813 3406 3016 3490 ente,
3081 3396 3263 3494 quia
3317 3394 3633 3470 materia

2076 3537 2233 3587 non
2290 3522 2405 3588 est
2464 3512 3008 3610 cognoscibilis
3066 3537 3111 3587 a
3178 3511 3428 3605 nobis,
3478 3507 3631 3585 nisi

2080 3653 2220 3729 per
2252 3630 2688 3727 analogiam
2730 3630 2823 3705 ad
2873 3630 3224 3722 formam,
3269 3628 3451 3725 quia
3507 3628 3636 3700 in-

2078 3748 2430 3822 tellectus
2449 3755 2712 3822 noster
2736 3771 2887 3836 non
2915 3745 3275 3842 intelligit
3306 3743 3622 3842 aliquid,

2080 3863 2228 3939 nisi
2252 3888 2468 3963 aquo
2490 3863 2835 3940 effective
2865 3871 3219 3938 movetur
3236 3862 3328 3938 ad
3362 3871 3619 3936 actum

2080 3981 2592 4078 intelligendi,
2637 3982 2758 4055 vel
2802 4004 2938 4079 per
2968 4003 3077 4073 se,
3122 3981 3245 4054 vel
3286 4001 3424 4078 per
3450 4001 3629 4076 ερε-

2080 4098 2274 4172 ciem
2308 4123 2353 4173 a
2405 4122 2486 4173 se
2540 4097 2885 4173 effective
2917 4107 3338 4172 causatam.
3408 4095 3629 4171 Unde

2081 4214 2278 4289 sicut
2350 4215 2669 4290 materia
2728 4239 2883 4289 non
2942 4214 3177 4288 habet
3234 4212 3630 4288 entitatem

2080 4329 2591 4406 sufficientem
2665 4329 2758 4405 ad
2831 4328 3265 4404 laciendum
3335 4326 3629 4424 aliquid

2081 4444 2289 4518 aliud
2331 4445 2409 4517 in
2440 4454 2612 4519 actu
2658 4442 3032 4536 effective,
3098 4443 3218 4517 vel
3301 4441 3636 4515 formali-

2079 4570 2196 4635 ter
2224 4561 2474 4659 quoad
2520 4584 2678 4635 6336
2721 4561 2953 4653 reale,
3018 4559 3123 4633 ita
3188 4581 3330 4633 nec
3371 4556 3627 4655 quoad

2081 4700 2241 4751 6336
2309 4676 2817 4774 intelligibile,
2853 4677 2956 4749 ita
3034 4674 3239 4773 quod
3288 4683 3631 4750 extrema

2080 4792 2379 4867 entium
2448 4816 2604 4866 non
2673 4801 2854 4867 sunt
2920 4791 3501 4891 proportionata
3533 4790 3625 4865 ad

2084 4907 2684 4983 modificandum
2720 4909 3193 4983 intellectum
3225 4917 3574 4982 nostrum
3604 4933 3623 4998 ;

2083 5050 2327 5101 unum
2359 5034 2671 5124 propter
2700 5035 3129 5119 excessum,
3168 5023 3373 5099 aliud
3404 5047 3628 5122 prop-

2082 5150 2194 5216 ter
2234 5142 2613 5217 defectum
2638 5166 2802 5217 suae
2837 5141 3199 5217 entitatis.

2180 5259 2290 5334 Ad
2321 5259 2704 5351 ultimum,
2742 5268 2947 5358 patet
2979 5257 3408 5357 responsio,
3440 5278 3624 5353 quo-

2080 5375 2307 5456 modo
2382 5376 2700 5451 materia
2774 5375 3052 5450 dicitur
3120 5398 3287 5449 esse
3339 5396 3475 5448 ens
3545 5374 3622 5445 in

2080 5503 2282 5588 actu,
2320 5505 2393 5568 et
2452 5494 2840 5593 quomodo
2910 5515 3095 5586 non,
3151 5492 3281 5567 sed
3341 5514 3479 5566 ens
3542 5490 3615 5563 in

2082 5613 2452 5711 potentia.
