4295 6326
1623 411 1851 479 DIST.
1904 410 1991 479 Π.
2046 407 2464 487 QUAES'IIO
2514 411 2567 478 1.

442 581 825 673 signatum
898 586 1104 683 quod
1183 586 1460 682 signat.
1528 585 1642 660 Ab
1715 583 1981 659 eodem

439 722 622 794 ergo
656 700 1245 776 Sacramentum
1280 704 1485 800 quod
1507 712 1621 777 est
1643 703 1980 797 signum,

441 816 669 889 habet
693 841 909 891 suam
940 818 1460 912 efficientiam,
1482 843 1525 893 a
1549 842 1700 917 quo
1726 817 1980 908 habet,

442 934 645 1031 quod
708 934 959 1032 ipsum
1033 936 1653 1034 inseparabiliter
1719 958 1986 1008 conco-

443 1050 753 1125 mitatur
794 1051 1108 1127 effectus
1171 1053 1615 1147 invisibilis,
1661 1051 1791 1150 qui
1870 1061 1985 1125 est

442 1168 828 1264 signatum
909 1169 1129 1266 ejus3
1216 1169 1348 1245 sed
1430 1170 1636 1268 quod
1707 1168 1983 1266 hujus-

444 1284 644 1357 modi
694 1285 1082 1381 signatum
1136 1286 1754 1385 inseparabiliter
1808 1310 1982 1361 con-

441 1401 845 1475 comitetur
877 1403 1187 1500 aliquod
1229 1404 1569 1499 signum,
1607 1402 1981 1498 contingit

440 1518 898 1615 dupliciter:
958 1520 1128 1595 Uno
1185 1522 1434 1615 modo,
1490 1521 1694 1619 quod
1749 1520 1843 1594 sit
1885 1520 1980 1595 ab

439 1657 528 1708 eo
576 1645 654 1708 ut
694 1660 737 1710 a
776 1660 1011 1711 causa
1040 1638 1489 1736 principali;
1528 1638 1676 1711 alio
1722 1638 1975 1733 modo,

79 1773 241 1822 Solus
269 1770 406 1822 neus
439 1753 644 1850 quod
685 1753 781 1825 sit
812 1754 906 1827 ab
940 1778 1058 1847 ee,
1110 1764 1188 1829 ut
1220 1779 1263 1829 a
1291 1779 1527 1829 causa
1555 1754 1972 1828 meritoria.

77 1838 403 1898 causam-in-

78 1898 264 1961 cipulis
285 1898 373 1947 Sa·

77 1968 381 2011 eramento-

170 2038 313 2074 rum.

439 1870 697 1943 Primo
733 1870 957 1943 modo
988 1874 1153 1946 sola
1192 1873 1551 1946 voluntas
1585 1870 1845 1944 divina
1866 1881 1981 1945 est

437 2012 670 2061 causa
725 1989 1132 2064 invisibilis
1187 1988 1531 2081 effectuS,
1599 2013 1826 2086 quam
1886 1990 1978 2063 si-

433 2114 616 2200 gnat
669 2105 1283 2199 Sacramentum,
1342 2115 1417 2180 et
1474 2106 1726 2204 ipsum
1805 2130 1978 2180 con-

433 2221 867 2295 comitatur.

529 2337 889 2411 Probatio
948 2338 1171 2436 primi
1207 2347 1348 2433 est,
1421 2337 1602 2436 quia
1652 2340 1817 2412 sola
1851 2364 1977 2412 vo-

426 2456 684 2527 luntas
734 2455 998 2529 divina
1058 2465 1305 2553 potest
1363 2479 1455 2529 ex
1524 2456 1778 2553 seipsa
1829 2455 1976 2528 vir-

434 2581 585 2644 tute
665 2571 912 2646 activa
979 2572 1221 2646 libera
1298 2570 1790 2655 determinari
1879 2573 1971 2646 ad

429 2688 905 2761 causandum
975 2688 1311 2786 aliquem
1393 2686 1742 2763 effectum
1827 2689 1969 2763 sibi

428 2804 854 2903 proprium,
928 2805 1149 2879 aliter
1215 2828 1370 2878 non
1452 2818 1653 2879 esset
1738 2829 1973 2880 causa

427 2920 698 3017 prima,
736 2921 797 2994 si
853 2921 946 2994 ab
1000 2921 1256 3019 aliqua
1312 2921 1463 2995 alia
1517 2922 1971 2996 determina-

423 3046 661 3129 retur,
727 3039 931 3136 quod
974 3048 1088 3112 est
1138 3047 1402 3112 contra
1447 3038 1967 3135 Augustinum

425 3153 554 3229 lib.
594 3153 662 3227 3.
722 3154 815 3229 de
854 3154 1130 3228 Tremit.
1183 3179 1349 3253 cap.
1398 3155 1466 3227 6.
1513 3156 1798 3250 Gratia,
1847 3157 1965 3231 vel

425 3271 809 3366 signatum
854 3270 1269 3363 invisibile,
1320 3272 1521 3367 quod
1573 3271 1967 3369 insepara-

423 3388 675 3461 biliter
729 3386 1289 3460 concomitatur
1346 3388 1962 3483 Sacramentum,

424 3514 538 3580 est
562 3505 752 3602 prim
769 3529 854 3578 us
878 3503 1193 3578 effectus
1214 3506 1631 3579 voluntatis
1656 3507 1964 3592 divinae,

423 3619 604 3717 quia
696 3619 930 3693 libere
1010 3628 1084 3693 et
1163 3620 1701 3716 contingenter
1795 3645 1963 3697 eam

421 3735 982 3827 communicat3
1027 3759 1210 3832 ergo
1252 3738 1611 3811 voluntas
1645 3738 1812 3835 ejus
1853 3750 1964 3815 est

417 3850 865 3949 principalis
907 3873 1141 3924 causa
1214 3863 1287 3925 et
1349 3850 1599 3949 prima
1649 3851 1964 3929 effectus

411 3966 824 4042 invisibilis
857 3966 1362 4054 Sacramenti,
1401 3977 1473 4041 et
1504 3992 1640 4066 per
1688 3993 1964 4044 conse-

410 4108 657 4182 quens
713 4085 1299 4158 Sacramentum
1355 4085 1765 4182 requirens
1818 4112 1962 4161 vo-

411 4204 785 4276 luntatem
819 4200 1161 4274 divinam
1196 4200 1291 4274 ad
1319 4202 1796 4276 causandum
1847 4206 1960 4279 es-

411 4323 692 4396 fectum
746 4319 1243 4413 invisibilem,
1295 4343 1526 4417 quem
1574 4322 1956 4420 designat,

408 4437 731 4536 requirit
764 4461 931 4512 eam
976 4445 1059 4511 ut
1090 4460 1401 4511 causam
1446 4439 1957 4538 principalem

410 4555 577 4653 ejus
603 4553 925 4651 primam
957 4563 1031 4627 et
1054 4553 1607 4628 immediatam.

506 4673 721 4759 Item,
769 4671 979 4745 Deus
1033 4695 1181 4744 non
1237 4671 1527 4746 assistit
1569 4673 1828 4768 al-icui,
1880 4687 1959 4750 ut

408 4813 644 4864 causa
732 4787 1066 4862 mediata
1158 4796 1231 4861 et
1326 4790 1789 4883 necessaria,
1862 4793 1955 4867 ad

407 4905 828 4981 creandum
909 4904 1247 5000 aliquam
1310 4904 1625 4977 formam
1674 4906 1747 4978 in
1813 4908 1959 4983 dis-

408 5024 686 5122 posito,
742 5020 1125 5094 mediante
1169 5042 1324 5116 qua
1381 5021 1621 5096 forma
1661 5035 1951 5119 causet,

410 5145 657 5215 forma
725 5145 1092 5211 causante
1137 5135 1421 5234 ipsum,
1469 5138 1616 5212 nisi
1679 5141 1796 5213 vel
1858 5142 1955 5215 sit

409 5258 597 5331 ordo
643 5253 1127 5330 necessarius
1181 5252 1380 5328 inter
1426 5254 1596 5329 illas
1638 5257 1946 5346 sormaS‚

408 5378 529 5449 vel
574 5375 775 5447 inter
805 5370 1387 5469 dispositionem
1416 5371 1491 5445 in
1549 5372 1945 5472 dispositO,

412 5492 870 5567 etformam
944 5487 1457 5562 inducendam
1528 5513 1665 5587 per
1730 5513 1945 5586 eam;

413 5609 545 5683 sed
607 5606 683 5680 in
726 5602 1117 5703 proposito
1173 5627 1328 5677 non
1369 5613 1484 5679 est
1527 5605 1694 5679 talis‘
1762 5608 1947 5682 ordo

3516 407 3643 475 567

2101 581 2616 675 necessariuS,
2701 581 3025 679 prolatio
3106 580 3309 655 enim
3389 580 3625 653 verbo

2097 723 2266 773 rum
2340 724 2512 774 cum
2591 700 3042 775 intinctione
3129 699 3473 797 corporis
3559 697 3636 770 in

2093 838 2323 912 aqua,
2373 841 2520 889 non
2570 826 2682 891 est
2716 840 2951 890 causa
2981 814 3444 903 necessaria,
3494 836 3633 886 nec

2093 932 2494 1029 dispositio
2555 935 2902 1008 absolute
3000 931 3434 1007 necessaria
3539 930 3632 1003 ad

2095 1047 2618 1124 inductionem
2656 1050 2966 1146 gratiae3
3003 1048 3637 1148 patet‚quiasunt

2093 1156 2405 1262 signum
2476 1169 2742 1265 gratiae
2813 1192 2905 1243 ex
2983 1167 3485 1256 institutione,
3561 1175 3634 1239 et

2092 1309 2246 1360 non
2285 1288 2663 1380 naturale,
2710 1286 2891 1385 quia
2960 1285 3184 1360 fictus
3252 1284 3630 1383 recipiens

2089 1401 2343 1499 ipsum
2382 1428 2531 1477 non
2571 1402 3170 1499 habetgratiam.
3210 1403 3418 1477 Deus
3448 1425 3629 1497 ergo

2089 1530 2205 1595 est
2271 1545 2504 1596 causa
2581 1521 3249 1615 immediatastalis
3317 1519 3630 1594 effectus

2087 1637 2562 1712 Sacramenti
2628 1660 2763 1735 per
2819 1636 3328 1711 assistentiam
3409 1658 3628 1709 suam

2087 1754 2607 1838 Sacramento,
2677 1754 2799 1829 cui
2870 1752 3249 1851 disposuit
3325 1775 3629 1848 semper

2085 1872 2473 1965 assistere,
2538 1881 2610 1946 et
2652 1870 2973 1967 gratiam
3046 1871 3418 1961 conferre,
3480 1867 3627 1942 nisi

2085 1996 2397 2084 propter
2471 1985 3139 2082 indispositionem
3209 1983 3624 2081 susceptivi

2085 2099 2587 2197 impediretur
2627 2100 2717 2172 de
2777 2122 3149 2192 congrum
3195 2108 3268 2171 et
3324 2096 3424 2169 ita
3465 2098 3627 2169 sola

2084 2219 2444 2291 voluntas
2489 2226 2602 2291 est
2636 2216 2882 2314 prima
2921 2238 3181 2307 causa,
3226 2224 3300 2288 et
3341 2212 3625 2313 princi-

2081 2334 2278 2433 palis
2321 2333 2553 2431 hujus
2583 2331 2898 2407 effectus
2938 2331 3371 2406 invisibilis.

2183 2452 2330 2526 Sed
2380 2451 2711 2549 qualiter
2755 2450 3041 2524 assistit
3101 2449 3625 2523 Sacramenta·
3789 2488 3851 2553 3·

2083 2570 2255 2646 liter
2305 2571 2398 2644 ad
2464 2569 2942 2644 causandum
2985 2569 3211 2643 talem
3267 2566 3618 2641 effectum
3686 2602 3923 2660 Quam..

2081 2686 2579 2781 invisibilem,
2618 2685 2909 2761 scilicet
2939 2684 3261 2783 gratiam
3289 2684 3328 2755 ⁴?
3649 2664 3974 2779 ffiuga'fflff·

2178 2806 2662 2903 RespondeO,
2711 2814 2782 2879 et
2821 2804 2990 2879 dico
3025 2804 3228 2901 quod
3271 2802 3481 2876 Deus
3528 2826 3617 2875 ex
3649 2794 3845 2842 '¹¹⁸⁰‘ss
3873 2794 3939 2843 ⁸⁰¹

3677 2868 3774 2902 Suu
3913 2883 3936 2895 -

2077 2920 2342 2995 eadem
2450 2920 2959 3012 ordinatione,
3051 2943 3202 3017 qua
3291 2917 3619 2992 instituit
3698 2857 3914 2969 “effig-

2076 3046 2560 3112 sacramenta
2612 3046 2691 3111 ut
2752 3036 2976 3132 signa
3034 3034 3468 3123 efficientia,
3544 3043 3618 3107 et

2077 3177 2258 3228 vera
2328 3162 2672 3252 respectu
2742 3152 3037 3249 gratiae,
3111 3175 3341 3249 quam
3411 3149 3619 3225 desi-

2073 3279 2341 3367 gnant,
2378 3294 2470 3344 ex
2511 3270 2777 3344 eadem
2829 3269 3115 3343 assistit
3182 3268 3274 3341 ad
3361 3268 3622 3342 imme-

2073 3387 2274 3462 diate
2331 3386 3084 3479 causandumillam,
3166 3410 3261 3461 ne
3345 3387 3619 3483 hujus-

2074 3506 2279 3578 modi
2366 3506 2590 3602 signa
2685 3506 2777 3580 ab
2865 3528 2955 3579 eo
3026 3504 3400 3594 instituta,
3466 3504 3620 3576 sint

2074 3622 2288 3696 falsa.
2509 3703 2515 3712 ,

2171 3739 2419 3832 Unde,
2447 3739 2645 3813 sicut
2671 3740 2931 3813 omnia
2965 3739 3462 3814 Sacramenta
3494 3763 3621 3811 vo-

2071 3857 2361 3929 luntate
2396 3856 2776 3953 ejus-sunt
2822 3855 3259 3930 immediate
3313 3855 3621 3928 institu-

2070 3981 2173 4066 ta,
2210 3972 2315 4045 ita
2346 3974 2738 4047 voluntate
2771 3974 2937 4068 ejus
2970 3972 3257 4046 habent
3287 3969 3617 4045 efficien-

2069 4089 2250 4162 tiam
2282 4113 2501 4163 suam
2534 4098 2607 4163 et
2634 4089 2988 4186 gratiam,
3018 4114 3247 4187 quam
3276 4089 3612 4185 signant,

2069 4214 2143 4281 et
2202 4207 2347 4280 hoc
2417 4206 2882 4300 immediate,
2929 4216 3002 4280 et
3071 4206 3298 4280 etiam
3343 4206 3607 4280 eadem

2065 4323 2422 4421 pactione
2466 4347 2620 4421 qua
2648 4323 2780 4397 illa
2806 4323 3158 4397 instituit.

2171 4442 2259 4513 Et
2293 4449 2373 4513 ut
2433 4439 2741 4535 singula
2780 4441 3269 4515 declarentur
3322 4440 3395 4511 in
3446 4439 3610 4515 sin·
3674 4483 3926 4530 omnim„

2064 4558 2294 4654 gulis,
2360 4568 2565 4655 patet
2632 4558 3019 4632 inductive
3089 4558 3293 4655 quod
3349 4560 3607 4634 omnia
3636 4542 3943 4657 Stffiffig'ffij

2065 4674 2563 4751 Sacramenta
2622 4685 2801 4751 sunt
2856 4676 3293 4750 immediate
3347 4699 3390 4750 a
3447 4677 3606 4750 Deo
3668 4671 3891 4776 ”fustist

2063 4790 2435 4866 instituta.

2163 4908 2274 4982 De
2353 4908 2745 5005 Baptismo
2812 4917 3069 4983 autem
3137 4919 3427 4984 certum
3491 4920 3604 4984 est
3658 4948 3933 5013 Raptim,

2064 5023 2269 5122 quod
2314 5023 2411 5097 sit
2451 5025 2887 5100 immediate
2918 5027 3011 5099 ab
3045 5050 3134 5101 eo
3176 5028 3598 5120 institutuS,

2066 5144 2240 5216 licet
2300 5144 2685 5218 nesciatur
2727 5168 2769 5218 a
2809 5145 3031 5218 nobis
3073 5154 3404 5243 tempuS,
3450 5168 3601 5242 quo

2062 5260 2316 5359 ipsum
2387 5261 2741 5336 instituit.
2807 5261 3025 5336 Unde
3069 5262 3332 5335 dicunt
3363 5261 3599 5358 aliqui

2062 5377 2268 5474 quod
2355 5378 2587 5451 Joan.
2680 5377 2749 5449 3.
2833 5378 3142 5475 quando
3224 5376 3601 5451 Dominus

2061 5492 2249 5566 dixit
2325 5493 2771 5588 Nicodemo,
2835 5495 2992 5567 nisi
3046 5495 3215 5591 quis
3290 5498 3599 5566 renatus

2057 5607 2302 5707 fuerit
2344 5633 2441 5684 ccc
2480 5633 2703 5709 aqua,
2749 5620 2890 5685 etc,
2940 5610 3087 5684 Sed
3126 5609 3595 5686 Nicodemus
