4295 6326
58 781 308 829 Peccatum

64 840 335 975 amussi}-
370 887 773 976 peccatum
846 879 1162 974 gravius
1211 877 1784 952 accidentaliter
1838 900 1928 950 ex

65 983 86 1012 V

84 979 339 1102 ἔξῑξζιξᾶῗ
372 994 973 1068 circumstantiis
1098 992 1727 1086 accidentalibus,
1849 1000 1933 1065 ut

140 1099 227 1144 ul!-

1336 473 1566 544 DIST.
1613 474 1840 545 xxll.
1890 470 2309 553 QUAESTlo
2362 470 2595 541 UNlC.

366 655 625 722 tamen
683 648 756 721 in
822 651 1039 723 nullo
1080 649 1221 724 fuit
1273 672 1364 723 ex
1426 650 1572 722 hoc
1643 656 1925 721 motus,

466 762 752 837 Tamen
872 760 1300 860 aliquando
1400 771 1652 860 potest
1779 760 1926 833 dici

370 1131 467 1183 ex
563 1107 933 1204 dignitate
1038 1131 1417 1206 personae,
1530 1109 1645 1182 vel
1749 1106 1932 1203 quia

372 1225 650 1300 fortius
717 1235 966 1324 potest
1030 1226 1416 1320 resistere,
1484 1235 1558 1299 et
1633 1224 1742 1298 sic
1802 1247 1932 1298 ac-

370 1345 859 1421 cidentaliter
923 1345 1162 1420 Adam
1215 1344 1560 1443 peccavit
1616 1342 1931 1439 gravius

366 1484 464 1535 ex
579 1461 949 1557 dignitate
1063 1484 1446 1559 personae,
1564 1469 1635 1534 et
1748 1458 1933 1555 quia

367 1578 650 1652 fortius
705 1580 955 1676 potuit
1021 1579 1404 1665 resistere,
1468 1601 1695 1676 quam
1769 1601 1929 1650 mu-

369 1695 519 1770 lier
591 1695 997 1770 tentationi
1074 1695 1384 1770 diaboli.
1478 1694 1639 1768 Sibi
1724 1692 1928 1768 enim

367 1812 551 1886 data
597 1811 741 1885 fuit
786 1811 1089 1910 justitia
1133 1811 1558 1908 originaliS,
1624 1819 1707 1884 ut
1761 1832 1929 1884 eam

366 1942 870 2006 conservaret
937 1955 1076 2030 pro
1136 1955 1244 2021 se,
1328 1940 1403 2005 et
1469 1954 1606 2028 pro
1674 1938 1932 2027 poste-

363 2047 626 2140 ritate,
687 2049 807 2121 vel
879 2047 1232 2145 perderet
1293 2070 1430 2145 pro
1483 2069 1592 2140 se,
1655 2055 1728 2119 et
1786 2045 1926 2139 eis,

364 2174 445 2238 et
540 2187 694 2237 non
785 2163 895 2238 sic
987 2164 1127 2237 fuit
1218 2162 1496 2237 tradita
1590 2160 1923 2255 mulieri,

364 2279 557 2378 quia
651 2280 716 2354 si
811 2282 967 2355 Eva
1065 2287 1482 2379 peccasset,
1577 2301 1730 2352 non
1819 2277 1928 2351 sic

364 2408 767 2496 peccasset
902 2421 1039 2496 pro
1165 2396 1604 2496 posteritate
1731 2395 1929 2469 sicut

363 2513 644 2606 Adam,
742 2523 817 2587 et
908 2512 1080 2587 ideo
1148 2522 1520 2611 quantum
1590 2511 1726 2585 ad·
1780 2511 1927 2585 cir-

363 2629 873 2705 cumstantias
914 2630 1428 2705 accidentales
1480 2629 1720 2703 Adam
1763 2651 1928 2725 gra·

3464 467 3589 534 105

2041 644 2311 719 fuisset
2431 643 2882 718 immortalis
3004 665 3140 741 per
3257 636 3588 735 gratuita

2055 762 2359 835 collata.
2434 763 2526 835 Et
2614 761 2810 835 bene
2868 760 3223 833 videmus
3321 755 3588 828 multo-

2040 874 2185 949 ties
2253 875 2455 972 quod
2527 899 2617 950 ex
2668 900 2902 974 parva
2981 876 3205 972 culpa
3270 877 3593 970 possunt

2043 991 2388 1065 subtrahi
2446 992 2774 1066 maxima
2817 991 3173 1088 gratuita,
3223 998 3296 1063 et
3336 998 3589 1060 tamen

2041 1132 2197 1183 non
2278 1110 2584 1208 proprie
2662 1110 2886 1185 debet
2957 1107 3200 1203 infligi
3266 1105 3596 1179 maxima

2043 1252 2299 1327 poena.
2389 1229 2627 1302 Adam
2701 1228 2935 1324 igitur
2995 1227 3210 1325 prius
3268 1248 3404 1323 per
3472 1223 3593 1295 in-

2042 1343 2377 1418 trinseca
2488 1342 2737 1439 potuit
2839 1342 3060 1434 mori,
3160 1350 3233 1414 et
3327 1338 3593 1412 fuisset

2041 1469 2561 1557 proeservatus
2617 1481 2753 1557 per
2798 1456 3175 1534 beneficia
3232 1454 3587 1551 gratuita,

2042 1587 2117 1652 et
2210 1578 2627 1653 subtractio
2709 1578 3212 1651 maximorum
3294 1571 3594 1649 benefi-

2043 1693 2335 1768 ciorum
2399 1694 2646 1791 potuit
2702 1694 2899 1768 bene
2950 1716 3117 1767 esse
3172 1715 3309 1789 pro
3369 1691 3594 1788 culpa

2042 1832 2199 1883 non
2271 1809 2630 1902 maxima,
2711 1817 2785 1883 et
2850 1818 3031 1882 tunc
3100 1807 3263 1904 ipse
3348 1805 3594 1903 potuit

2044 1924 2266 1997 mori.
2364 1926 2452 1998 Et
2565 1948 2736 1998 cum
2853 1923 3157 2016 dicitur,
3252 1920 3594 2019 pecc-avit

2038 2065 2179 2138 pro
2274 2040 2746 2139 posteritate,
2853 2040 3025 2115 dico
3122 2039 3325 2136 quod
3450 2039 3593 2111 hoc

2040 2180 2195 2230 non
2298 2158 2551 2255 arguit
2636 2168 3032 2256 peccatum
3132 2156 3445 2252 gravius
3513 2153 3589 2225 in

2039 2295 2150 2366 se,
2236 2272 2419 2371 quia
2520 2273 2977 2371 decapitatio
3068 2281 3182 2346 est
3283 2270 3593 2367 gravior

2037 2410 2269 2484 quam
2330 2388 2691 2480 exulatiO,
2756 2398 2829 2463 et
2891 2396 3145 2463 tamen
3230 2409 3383 2459 non
3463 2409 3588 2460 se-

2037 2507 2300 2604 quitur
2374 2510 2895 2608 posteritatem
2945 2496 3157 2582 'sicut
3215 2506 3577 2581 exulatio.

2038 2628 2408 2707 Similiter
2474 2624 2987 2701 exhaeredatio
3055 2647 3210 2697 non
3290 2632 3403 2696 est
3478 2621 3586 2693 ita

2036 2745 2295 2845 gravis
2374 2742 2450 2815 in
2521 2765 2629 2830 se,
2698 2750 2772 2816 et
2836 2748 3088 2814 tamen
3156 2762 3310 2812 non
3380 2736 3584 2810 deri-

2030 2871 2259 2938 vatur
2324 2859 2404 2932 in
2490 2867 2725 2932 totam
2813 2859 3361 2955 posteritatem,
3426 2877 3580 2929 non

2034 2980 2144 3055 sic
2203 2976 2684 3073 decapitatio.

2132 3096 2242 3173 Ad
2323 3094 2531 3170 aliud
2600 3092 2798 3187 dico,
2862 3092 3068 3190 quod
3127 3091 3364 3166 Adam
3426 3112 3580 3163 non
3678 3123 3895 3174 Adur.

2036 3213 2496 3314 apppetebat
2542 3212 3060 3308 aequalitatem
3111 3209 3247 3283 Dei
3301 3209 3583 3284 directe
3616 3187 3939 3311 Adgffi‘gho.

2038 3343 2111 3408 et
2171 3330 2614 3423 formaliter,
2678 3328 2810 3403 sed
2873 3338 3162 3402 tantum
3222 3313 3913 3439 interpre-mpfflgffgj

2038 3447 2300 3541 tative,
2373 3456 2446 3520 et
2513 3444 2622 3519 sic
2683 3445 2923 3519 Adam
2985 3467 3313 3542 peccans
3385 3467 3590 3516 mor-
3618 3438 3939 3550 quallggtem

2040 3563 2293 3638 taliter
2375 3584 2530 3634 non
2643 3561 2890 3634 solum
2997 3560 3163 3633 vult
3244 3582 3324 3634 se
3424 3582 3590 3633 esse

367 2744 548 2818 vius
635 2745 978 2843 peccavit
1065 2744 1541 2843 simpliciter,
1631 2754 1706 2819 et
1786 2766 1924 2841 per

364 2884 448 2936 se
507 2863 692 2935 Eva.

466 2977 582 3051 Ad
661 2976 994 3073 primum
1063 2976 1514 3075 principale,
1577 3000 1751 3051 cum
1820 2977 1925 3050 di-

368 3094 596 3183 citur,
666 3092 856 3168 illud
916 3102 1030 3168 est
1081 3092 1420 3190 graviuS,
1486 3093 1688 3192 quod
1750 3094 1923 3191 plus

366 3210 646 3286 adimit
728 3209 820 3282 de
914 3210 1147 3303 bon0,
1243 3233 1513 3285 verum
1609 3220 1746 3297 est,
1860 3210 1924 3283 si

366 3328 547 3426 plus
650 3325 918 3399 adimit
1028 3325 1475 3420 formaliter,
1570 3350 1726 3400 non
1817 3325 1925 3399 sic

367 3456 629 3521 autem
709 3452 1105 3540 peccatum
1175 3444 1384 3530 Adae,
1448 3443 1580 3519 sed
1663 3454 1929 3541 postea

370 3564 552 3661 plus
619 3559 908 3633 ademit
956 3560 1408 3657 posteritati,
1493 3561 1693 3636 sicut
1759 3584 1932 3635 cau-

374 3703 458 3754 sa
523 3676 1039 3751 demeritoria.
2044 3679 2423 3777 aequalem
2503 3677 2692 3770 De0,
2783 3677 2914 3751 sed
2999 3678 3165 3749 vult
3240 3677 3596 3750 volunta-

473 3791 589 3866 Ad
688 3790 923 3880 aliud,
1039 3790 1208 3865 dico
1318 3792 1524 3889 quod
1620 3802 1931 3891 peccato
2043 3807 2197 3872 tem
2252 3805 2471 3870 suam
2524 3816 2691 3869 esse
2762 3793 3131 3891 majorem
3201 3794 3595 3867 voluntate

381 3909 568 3985 Adoe
654 3907 718 3981 si
813 3907 1202 3983 debuisset
1275 3933 1411 4007 pro
1489 3909 1620 3984 illo
1716 3909 1936 3984 dam·
2046 3912 2310 4008 divina
2400 3909 2478 3982 in
2575 3911 2747 4003 hoc,
2863 3911 3068 4007 quod
3173 3934 3326 3984 non
3435 3912 3599 3983 vult

385 4027 586 4121 nari,
635 4049 789 4100 non
823 4026 1245 4101 debebatur
1284 4027 1619 4102 maxima
1674 4051 1931 4125 poena,
2047 4030 2281 4122 idem,
2353 4027 2558 4125 quod
2626 4028 2984 4101 voluntas
3064 4026 3350 4102 divina.
3435 4028 3598 4101 Hoc

56 4159 257 4220 'Supr-
299 4175 360 4212 u.
391 4157 474 4220 ut
540 4144 757 4243 prius
818 4143 1100 4218 dictum
1158 4154 1273 4218 est
1319 4146 1362 4216 ⁶.
1427 4146 1759 4219 Etcum
1819 4144 1940 4217 di-
2048 4157 2165 4223 est
2256 4147 2506 4220 solum
2594 4143 3195 4241 interpretative,
3290 4153 3365 4219 et
3441 4167 3596 4217 non

61 2992 122 3040 Ad
141 3007 334 3065 argum.

87 3069 304 3116 prmum.

57 3817 122 3865 Ad
151 3832 335 3869 seeun-

129 3881 290 3942 dum„

55 4222 337 4349 1320?ssss
394 4260 619 4351 citur,
733 4257 876 4332 sibi
984 4258 1408 4334 debebatur
1501 4282 1707 4332 mors
1801 4283 1937 4358 pro
2051 4261 2470 4337 formaliter
2588 4269 2946 4357 appetere
3078 4260 3592 4355 aequalitatem

59 4350 367 4474 {mssgffiss}
397 4375 698 4469 delict0,
778 4375 947 4449 dico
1014 4376 1219 4470 quod
1301 4400 1455 4450 non
1543 4375 1940 4449 dicebatur
2049 4377 2240 4472 Dei3
2323 4398 2576 4472 neque
2660 4375 2884 4449 etiam
2961 4377 3105 4449 hoc
3184 4375 3602 4453 formaliter

57 4487 333 4537 prov-rv-
402 4492 416 4506 ·

398 4492 850 4566 immortalis
939 4492 1154 4591 prius
1243 4516 1380 4591 per
1475 4492 1734 4590 aliqua
1818 4491 1941 4564 in-
2052 4493 2516 4593 appetebant
2610 4491 2908 4588 Angeli‚
3005 4492 3135 4565 sed
3240 4492 3602 4567 volebant

398 4609 753 4702 trinseca,
811 4631 988 4706 quoe
1051 4608 1374 4683 fuissent
1439 4617 1706 4706 postea
1771 4631 1944 4682 cor-
2054 4636 2222 4687 esse
2303 4611 2628 4708 majores
2687 4611 3284 4709 interpretative.

402 4734 616 4821 rupta
719 4748 858 4822 per
957 4733 1385 4823 peccatum,
1481 4724 1615 4798 sed
1727 4722 1945 4820 prius

128 4539 278 4600 unp·
