4295 6326
458 2651 523 2716 6.

684 446 816 515 534

689 622 834 697 sibi
878 622 1264 721 propriam
1308 622 1577 697 dividit
1616 628 1690 695 et
1713 618 2017 711 scindit,
2055 638 2232 712 quae

692 748 805 815 est
844 739 1241 837 dispositio
1283 738 1721 813 immediate
1772 737 1865 811 ad
1909 736 2233 809 formam

692 865 995 950 statuae,
1076 857 1192 930 vel
1273 856 1512 942 cistae,
1584 876 1816 952 quam
1907 851 2234 925 intendit

691 995 929 1067 agens
969 972 1432 1071 principale3
1479 971 1609 1046 sed
1654 969 1845 1043 nihil
1888 976 2229 1043 creatum

690 1095 940 1184 potest
1006 1087 1453 1185 dispositive
1514 1108 1740 1183 agere
1804 1085 1896 1159 ad
1966 1084 2231 1158 ‘termi-

690 1228 876 1278 num
922 1205 1333 1279 creationis
1379 1204 1584 1302 quod
1627 1213 1743 1278 est
1799 1225 1979 1288 3333,
2022 1201 2229 1300 quod

688 1330 801 1393 est
868 1320 1097 1395 etiam
1169 1321 1414 1419 primo
1496 1319 1978 1417 suppositum
2030 1318 2230 1391 inter

687 1439 950 1513 omnia
1016 1440 1193 1532 alia,
1267 1440 1451 1538 quia
1517 1463 1675 1514 esse
1742 1448 1856 1512 est
1931 1437 2227 1534 primus

685 1553 1048 1650 effectus;
1113 1581 1296 1654 ergo
1365 1569 1439 1631 et
1507 1580 1595 1632 ex
1667 1559 1810 1631 hoc
1877 1555 2227 1652 sequitur

685 1675 891 1773 quod
923 1675 1481 1749 inconveniens
1525 1684 1639 1749 est
1678 1674 1929 1750 dicere
1961 1674 2054 1748 de
2095 1674 2226 1748 ali-

685 1812 838 1887 quo
877 1814 1196 1889 corpore
1239 1792 1445 1889 quod
1478 1800 1706 1883 creet,
1744 1790 1926 1887 quia
1955 1813 2225 1864 secun-

577 1894 587 1905 ’
683 1905 864 1979 dum
899 1929 1060 2001 303,
1099 1908 1396 1981 nullum
1435 1929 1714 2003 corpus
1746 1906 1926 2003 agit,
1967 1906 2216 1981 necin

686 2024 1061 2098 movendo
1127 2033 1201 2097 et
1263 2023 1641 2119 tangendo
1702 2022 1938 2111 aliud,
1990 2032 2063 2097 et
2117 2023 2222 2097 ita

682 2137 1118 2215 necessario
1152 2139 1681 2239 praesupponit
1721 2164 1885 2214 suae
1935 2140 2216 2215 actioni

678 2256 991 2354 aliquod
1050 2280 1394 2354 passum,
1454 2256 1655 2353 quod
1710 2265 1959 2354 potest
2004 2256 2215 2354 tangi

678 2373 798 2446 vel
834 2372 1123 2447 moveri
1140 2401 1161 2467 ;
1211 2372 1538 2447 termino
1572 2372 1981 2447 creationis
2023 2372 2213 2447 nihil

679 2488 1308 2587 praesupponitur
1333 2516 1350 2582 3
1378 2511 1587 2585 ergO,
1625 2497 1767 2562 etc.

774 2604 921 2678 Alii
955 2605 1347 2689 adducunt
1387 2605 1479 2678 ad
1516 2604 1989 2702 propositum
2024 2605 2214 2680 alias

321 2760 482 2813 nano
523 2778 607 2815 ⁸0,
674 2721 1037 2812 rationes,
1084 2745 1411 2820 quarum
1465 2746 1623 2797 una
1662 2733 1776 2796 est
1824 2723 2020 2798 ista:
2060 2723 2213 2798 Su-

398 2827 576 2877 cunda

318 2887 553 2952 Hem-ici,
584 2897 637 2944 et

670 2861 806 2935 per
856 2837 1297 2912 distantiam
1339 2838 1721 2912 infinitam
1766 2863 1918 2913 non
1964 2849 2213 2938 potest

399 2951 570 3004 Εῑῦῑθ·
664 2953 814 3028 nisi
877 2954 1123 3029 virtus
1176 2954 1525 3048 infinita3
1576 2955 1776 3029 inter
1838 2955 2209 3030 terminos

292 4728 456 4780 Ratio
486 4734 596 4782 ter-

294 4794 370 4843 tia
385 4794 611 4858 AEgidii.

665 3072 1104 3165 creationiS,
1143 3073 1275 3170 qui
1323 3082 1503 3146 sunt
1535 3095 1692 3146 3333
1724 3081 1798 3147 et
1826 3071 2051 3167 nihil,
2094 3083 2208 3148 est

660 3189 835 3264 talis
922 3190 1283 3265 distantia
1316 3218 1335 3284 ;
1426 3214 1608 3286 ergo
1676 3214 1909 3289 super
1974 3194 2202 3267 talem

661 3306 1096 3382 distantiam
1135 3331 1283 3382 non
1322 3315 1570 3405 potest
1602 3307 1845 3381 virtus
1877 3308 2071 3383 alicu
2075 3309 2205 3406 jus

661 3433 1063 3518 creaturae,
1100 3424 1283 3522 quia
1314 3423 1679 3521 quaelibet
1710 3434 2057 3499 creatura
2091 3434 2206 3501 est

659 3539 904 3615 finita.

756 3655 1273 3731 Confirmatur
1305 3654 1449 3729 ista
1482 3653 1701 3748 ratio,
1740 3655 1920 3752 quia
1948 3680 2204 3755 aequa-

659 3773 752 3848 lis
793 3783 907 3848 est
983 3773 1346 3847 distantia
1420 3771 1621 3847 inter
1685 3796 2201 3873 quaecumque

657 3889 1283 3983 contradictoria;
1315 3890 1448 3965 sed
1471 3890 1716 3987 gratia
1742 3899 1815 3965 et
1852 3916 2013 3970 non.
2029 3917 2194 3990 gra-

653 4009 762 4083 tia
795 4020 975 4083 sunt
1022 4006 1638 4101 contradictoria,
1686 4006 1886 4084 sicut
1937 4034 2075 4085 ens
2125 4022 2201 4086 et

660 4151 812 4200 non
846 4148 985 4200 ens
1027 4151 1043 4211 ;
1082 4148 1268 4222 ergo
1300 4124 1624 4222 aequalis
1673 4134 1787 4200 est
1837 4127 2199 4204 distantia

647 4244 849 4317 inter
881 4244 1047 4316 haec
1075 4251 1149 4316 et
1179 4242 1304 4315 illa
1333 4266 1348 4327 ;
1378 4264 1559 4338 ergo
1592 4241 2048 4341 virtuS,quae
2074 4271 2200 4343 po-

648 4371 797 4437 test
845 4384 1079 4460 super
1114 4383 1378 4452 unam,
1438 4370 1687 4458 potest
1736 4386 1973 4460 super
2022 4388 2193 4438 om-

649 4504 874 4574 nem;
914 4501 1138 4577 posse
1172 4501 1407 4575 super
1445 4501 1753 4552 omnem
1811 4493 2191 4578 repugnat

646 4606 1048 4689 creaturae,
1110 4618 1292 4690 ergo
1335 4603 1410 4668 et
1441 4618 1676 4692 super
1705 4596 2069 4693 aliquam.

741 4709 979 4784 Aliter
1043 4708 1472 4782 ostenditur
1513 4709 1985 4805 propesitum
2030 4711 2178 4786 sic:
2255 4685 2256 4688 Ἴ

2061 436 2305 507 LIBRI
2351 437 2473 506 lv.

2341 612 2420 685 in
2499 614 2827 708 agendo,
2912 619 3444 717 praesupponit
3531 618 3884 694 effectum

2341 729 2621 827 ipsius;
2658 731 2789 804 sed
2824 756 3075 830 praesu
3091 760 3426 833 pponere
3470 737 3679 811 aliud
3720 759 3883 812 suae

2340 845 2620 919 actioni
2656 871 2807 921 non
2844 860 2953 923 est
3004 874 3263 926 creare
3313 852 3528 944 illud,
3584 854 3717 928 sed
3758 878 3883 951 op·

2338 963 2672 1060 positum
2734 967 3130 1062 creationi,
3196 970 3378 1068 quia
3444 971 3726 1047 creatio
3769 981 3884 1045 est

2337 1079 2430 1154 de
2473 1079 2762 1176 nihilo;
2801 1106 3012 1180 ergo,
3059 1095 3202 1161 etc.

2437 1198 2652 1290 Item,
2705 1203 3313 1301 unumquodque
3369 1205 3567 1279 sicut
3607 1229 3689 1280 se
3738 1209 3879 1281 ha·
3977 1213 4182 1273 Quarta

2335 1311 2460 1386 bet
2495 1313 2588 1387 ad
2622 1338 2808 1409 3333,
2846 1316 2950 1391 ita
2989 1318 3082 1392 ad
3114 1343 3383 1417 ayere,·
3420 1322 3553 1396 sed
3586 1323 3879 1419 quodli-

2335 1432 2459 1505 bet
2526 1446 2868 1508 creatum
2934 1441 3361 1515 secundum
3423 1464 3581 1515 esse
3647 1465 3873 1516 suum

2332 1558 2444 1622 est
2516 1549 2833 1624 mixtum
2905 1577 3080 1629 cum
3140 1557 3510 1654 potentia,
3581 1568 3655 1633 et
3717 1583 3870 1633 non

2332 1689 2610 1762 purum
2642 1695 2663 1760 3
2699 1690 2882 1765 ergo
2930 1681 3006 1745 et
3034 1695 3264 1747 suum
3298 1697 3548 1772 ayere,
3594 1685 3668 1750 et
3734 1700 3875 1752 sua

2328 1780 2524 1855 actio
2565 1783 2901 1860 admixta
2941 1795 3054 1862 est
3097 1812 3269 1863 cum
3315 1792 3680 1888 potentia.
3721 1792 3869 1867 Sed

2325 1898 2577 1972 omnis
2608 1901 2887 1976 entitas
2920 1905 3037 1978 vel
3073 1905 3273 1980 actio
3325 1908 3662 1983 admixta
3693 1932 3865 1982 cum

2325 2016 2691 2110 potentia,
2718 2028 2831 2092 est
2850 2042 3026 2093 cum
3061 2023 3486 2098 mutatione
3512 2033 3587 2098 et
3619 2033 3867 2099 trans-

2328 2133 2744 2209 mutatione
2794 2134 2863 2208 3.
2910 2138 3224 2238 Plzysz‘c.
3291 2146 3475 2215 teoet.
3548 2143 3616 2215 9.
3684 2143 3865 2243 quia

2321 2254 2570 2322 motus
2627 2258 2738 2325 est
2799 2260 3010 2327 actus
3067 2256 3263 2329 entis
3337 2257 3422 2332 in
3468 2260 3818 2357 potentia
3838 2288 3865 2346 ,-

2321 2387 2503 2461 ergo
2548 2368 2720 2442 talis
2762 2372 2958 2445 actio
3000 2374 3374 2450 creaturae
3424 2400 3580 2451 non
3614 2387 3861 2475 potest

2320 2506 2486 2557 esse
2537 2487 2847 2581 creatio,
2884 2501 2958 2563 et
2996 2508 3135 2587 per
3165 2514 3651 2592 consequens
3682 2498 3860 2570 nul-

2319 2601 2475 2674 lum
2512 2625 2749 2698 agens
2780 2618 3122 2681 creatum
3157 2618 3407 2706 potest
3430 2633 3717 2687 creare.

2833 2856 3210 2930 scaommu⁸
3228 2859 3297 2916 11.

2387 3005 2660 3064 Rationes
2707 3008 2765 3063 D.
2816 3009 3054 3066 Thomae
3097 3013 3304 3068 refutat
3352 3012 3683 3086 efficaciter,
3738 3018 3859 3089 pri-

2315 3099 2770 3163 m0,0stendens
2800 3098 2948 3154 duas
2999 3100 3442 3172 propositioneS,
3493 3118 3637 3174 quas
3687 3120 3854 3161 assu-

2313 3184 2436 3254 mit,
2468 3201 2597 3241 esse
2628 3187 2821 3255 falsas,
2861 3187 3080 3244 scilicet
3107 3205 3221 3246 3333
3256 3190 3601 3263 simpliciter
3652 3194 3775 3251 fieri
3828 3213 3862 3251 a

2311 3274 2431 3329 solo
2472 3275 2602 3345 030,
2633 3282 2691 3332 et
2721 3277 3044 3350 hocipsum
3077 3295 3207 3335 3333
3253 3282 3566 3337 terminum
3615 3284 3857 3341 creatio-

2310 3363 2423 3428 nis,
2486 3371 2542 3419 et
2598 3365 2867 3422 effectum
2929 3367 3526 3438 universalissimum,
3588 3372 3696 3431 soli
3741 3374 3860 3431 Deo

2310 3454 2703 3511 tribuendum.
2736 3456 2945 3527 Rejioit
2996 3457 3166 3515 etiam
3230 3461 3385 3532 quod
3435 3460 3579 3518 dicit
3633 3464 3704 3519 de
3747 3464 3860 3521 ins-

2308 3549 2621 3613 trumento,
2659 3552 2717 3602 et
2747 3547 2902 3604 illius
2934 3566 3241 3618 concursu,
3296 3552 3514 3624 optime
3559 3555 3856 3627 explican-

2308 3635 2381 3690 do
2413 3635 2551 3705 quid
2602 3636 2670 3691 sd
2724 3637 3001 3694 rationem
3049 3639 3427 3697 instrumenti
3480 3644 3855 3716 requiratur;

2308 3723 2378 3779 de
2407 3740 2520 3796 quo
2551 3725 2607 3779 in
2643 3727 2826 3782 Oxou.
2861 3728 2954 3782 hic
2986 3735 3186 3797 quaest.
3226 3730 3273 3784 4.
3305 3735 3361 3784 et
3391 3732 3446 3786 d.
3498 3735 3583 3788 18.
3651 3742 3853 3806 quaest.

2307 3814 2344 3866 i.
2378 3818 2435 3866 et
2463 3813 2521 3867 d.
2564 3819 2768 3884 quaest.
2799 3816 2854 3870 5.
2888 3817 3025 3871 etd.
3066 3817 3148 3872 13.
3195 3824 3398 3890 quaest.
3433 3836 3474 3877 1.
3509 3822 3584 3878 ad
3611 3823 3668 3880 5.
3701 3823 3848 3881 etin

2307 3904 2478 3957 tract.
2507 3904 2576 3957 de
2609 3902 2820 3959 Rerum
2854 3903 3042 3975 princ.
3067 3912 3267 3976 quaest.
3299 3909 3353 3962 6.
3386 3913 3496 3965 art.
3529 3910 3584 3966 2.
3629 3912 3848 3969 Secun-

2305 3989 2399 4059 do,
2434 3991 2644 4048 refellit
2676 3992 2956 4049 rationem
2992 3995 3224 4052 ssenrici
3257 3996 3329 4053 de
3357 3996 3590 4056 infinita
3621 4001 3847 4060 distan—

2304 4079 2404 4147 tia,
2441 4079 2576 4152 quia
2606 4081 2879 4137 distantia
2912 4087 3077 4139 tanta
3106 4089 3214 4154 est,
3247 4092 3534 4158 quantum
3583 4096 3671 4146 est
3721 4108 3845 4149 me-

2303 4169 2461 4224 dium
2524 4170 2898 4241 interjacens,
2956 4173 3045 4228 vel
3102 4173 3151 4230 si
3214 4192 3324 4231 non
3407 4186 3493 4233 est
3567 4180 3846 4251 medium,

2303 4264 2519 4330 quanta
2549 4265 2638 4316 est
2679 4263 2892 4317 entitas
2927 4263 3099 4319 unius
3130 4267 3372 4323 extremi
3404 4284 3418 4336 ;
3451 4275 3507 4323 et
3537 4285 3709 4326 omne
3739 4287 3845 4328 ens

2300 4349 2548 4404 creabile
2579 4353 2915 4421 oppositum
2979 4351 3163 4409 nihilo
3216 4359 3306 4410 est
3359 4354 3614 4427 finitum,
3672 4363 3730 4414 et
3758 4361 3843 4416 sic

2299 4438 2425 4509 ejus
2455 4438 2735 4495 distantia
2765 4455 2799 4495 a
2831 4440 3012 4496 nihilo
3043 4442 3156 4497 erit
3185 4443 3370 4500 finita.
3422 4444 3634 4515 Terti0‚
3684 4449 3844 4505 refu-

2297 4531 2384 4583 tat
2415 4527 2556 4584 alias
2588 4529 2732 4585 duas
2763 4531 3013 4587 rationes
3037 4531 3269 4603 AEgidii.

2395 4707 2564 4782 lstae
2651 4709 2981 4784 rationes
3053 4735 3205 4786 non
3253 4713 3612 4791 videntur
3641 4721 3834 4797 mihi

3929 1274 4204 1338 ejusdem.

3952 2178 4193 2232 Aristot.

4010 4764 4083 4832 7.

642 4830 901 4922 Agens
942 4824 1326 4922 posterius
1400 4826 1930 4922 praesupponit
1999 4825 2188 4901 effe·
2292 4824 2778 4898 concludere.
2831 4827 3088 4902 Prima
3145 4853 3331 4925 non,
3399 4855 3574 4908 cum
3624 4838 3830 4914 enim
3867 4877 4193 4944 aeneam.

642 4952 848 5019 ctum
905 4940 1202 5038 agentis
1257 4940 1557 5037 prioris,
1605 4941 1712 5015 sic
1771 4942 2037 5016 artifex
2101 4944 2179 5018 in
2290 4937 2471 5011 dicit
2510 4940 2712 5037 quod
2748 4963 2905 5015 esse
2937 4952 3050 5016 est
3109 4947 3465 5043 proprius
3519 4948 3834 5030 effectus

641 5059 940 5157 agendo
974 5055 1382 5130 artificium
1441 5058 1965 5155 praesupponit
1996 5057 2183 5136 effe·
2288 5055 2455 5147 Dei,
2499 5058 2641 5132 hoc
2672 5068 2785 5131 est
2825 5059 3124 5143 falsum,
3172 5063 3354 5161 quia
3402 5068 3833 5165 quodcum-

638 5185 844 5251 ctum
910 5172 1207 5270 agentis
1266 5173 1743 5266 naturaliter,
1807 5185 1881 5248 et
1945 5175 2174 5249 etiam
2285 5194 2434 5267 que
2477 5195 2744 5269 agens,
2790 5175 2996 5270 quod
3033 5187 3280 5273 potest
3310 5203 3569 5259 creare
3612 5210 3828 5261 com-

634 5307 873 5389 agens
958 5290 1305 5363 naturale
1394 5290 1922 5388 praesupponit
1989 5290 2175 5366 effe-
2282 5289 2647 5386 positum,
2719 5292 2840 5365 vel
2910 5292 3230 5367 formam
3301 5296 3376 5370 in
3475 5306 3818 5401 materia,

632 5419 837 5484 ctum
918 5402 1143 5502 primi
1212 5403 1538 5498 agentis,
1626 5416 1705 5479 ut
1774 5406 2169 5482 materiam
2279 5416 2528 5502 potest
2600 5431 2858 5482 creare
2915 5431 3074 5482 3333
3135 5416 3565 5511 compositi,
3638 5424 3825 5518 quia

628 5524 1005 5624 primam3
1080 5518 1209 5592 sed
1308 5520 1849 5618 quodcumque
1929 5548 2169 5619 agens
2279 5546 2427 5594 non
2468 5534 2582 5597 est
2635 5525 3117 5621 intelligibile
3156 5530 3469 5605 sormam
3528 5559 3695 5613 esse
3738 5540 3821 5616 in

630 5650 999 5731 creatum,
1028 5637 1232 5735 quod
1265 5645 1379 5710 est
1401 5638 1971 5736 posteriusipso
2002 5641 2164 5716 Deo
2278 5641 2619 5736 materia,
2665 5654 2738 5716 et
2779 5652 3033 5719 tamen
3065 5649 3272 5743 quod
3304 5654 3816 5751 compositum

3924 4944 4072 4994 ratio
4108 4946 4166 4995 D.

3912 5005 4136 5058 Thomoe
4148 5045 4162 5057 .
