4295 6326
1486 476 1709 546 DIST.
1764 477 1951 544 XlX.
2005 474 2422 554 QUAESTIO
2471 473 2710 543 UNlC.

485 660 791 746 propter
832 653 992 724 sola
1038 650 1305 726 merita
1338 674 1604 726 eorum
1661 645 2017 746 praevisa,

485 776 896 862 antequam
941 766 1213 841 fierent
1246 777 1415 841 actu
1460 766 1821 840 exhibita.

255 911 359 977 13.
585 883 693 955 Ad
773 884 1229 977 secundum,
1316 883 1725 957 dicendum
1818 879 2023 978 quod

132 1002 454 1112 Addffffiffn·
488 1021 640 1070 non
687 998 910 1071 video
971 999 1724 1097 praedestinationem
1781 996 2029 1070 alicu-

477 1116 609 1213 jus
678 1139 844 1190 esse
922 1119 1514 1209 occasionatam,
1605 1115 1736 1190 sed
1819 1115 2027 1187 Deus

487 1230 877 1326 diligendo
911 1255 1020 1325 se,
1054 1232 1631 1329 praedestinavit
1682 1230 1874 1304 alios
1932 1228 2023 1301 ad

486 1371 595 1422 se.
631 1348 912 1423 Tamen
959 1349 1022 1422 si
1071 1349 1399 1422 Trinitas
1454 1345 1807 1446 praevidit
1867 1368 2030 1442 pas-

487 1465 781 1539 sionem
812 1476 989 1540 ante
1015 1467 1795 1564 praedestinationem,
1825 1462 2028 1560 quod

488 1606 640 1655 non
721 1583 976 1671 cred0‚
1066 1594 1243 1657 ωηο
1313 1584 1455 1656 hoc
1522 1581 1671 1656 dici
1739 1589 2024 1679 posset.

491 1700 638 1773 Sed
682 1700 937 1797 passio
981 1700 1259 1774 Christi
1317 1724 1471 1774 non
1532 1700 1670 1773 fuit
1702 1699 2032 1796 praevisa

490 1826 666 1892 ante
776 1816 1526 1914 praedestinationem
1647 1815 2027 1907 omnium,

491 1936 675 2032 quia
712 1945 886 2033 post
928 1937 1257 2032 lapsum,
1302 1943 1375 2006 et
1434 1941 1603 2031 post
1642 1931 2035 2030 praedesti-

492 2053 882 2126 nationem
918 2053 1363 2144 electorum,
1399 2060 1472 2123 et
1530 2060 1700 2148 post
1749 2047 2033 2146 praevi-

492 2170 789 2245 sionem
849 2168 1114 2266 gratiae
1183 2167 1437 2242 finalis
1531 2167 1861 2266 praevisa
1920 2175 2034 2241 est

494 2285 718 2384 quasi
768 2285 845 2357 in
907 2295 1179 2381 quarto
1231 2282 1544 2357 instanti
1604 2282 2031 2357 secundum

501 2404 805 2478 niodum
851 2401 1328 2497 intelligendi
1394 2409 1795 2492 nostrum3
1862 2398 2032 2473 ideo

495 2546 646 2595 non
695 2521 831 2594 fuit
871 2542 1106 2592 causa
1145 2516 1842 2615 praedestinationis
1892 2515 2035 2589 ali-

495 2661 853 2736 quorum,
892 2637 1073 2733 quia
1114 2635 1584 2731 sequebatur
1634 2632 2036 2731 praedesti-

494 2755 909 2828 nationem.

588 2871 700 2945 Ad
730 2871 1050 2968 primam
1088 2868 1464 2943 rationem
1498 2866 2028 2964 principalem,

495 2996 743 3087 potest
772 2987 919 3060 dici
966 2986 1171 3083 quod
1222 2986 1284 3057 si
1345 2983 1695 3057 Christus
1757 2981 2035 3055 meruit

492 3115 786 3181 tantum
856 3103 1283 3180 secundum
1338 3100 1765 3200 portionem
1838 3097 2034 3173 infe-

492 3227 802 3318 riorern,
847 3234 1031 3296 tunc
1073 3219 1465 3297 beatitudo
1506 3218 1855 3292 omnium
1892 3216 2034 3290 fuit

493 3343 741 3438 majus
772 3343 1059 3416 bonum
1096 3338 1513 3413 formaliter
1543 3359 1773 3434 quam
1815 3333 2033 3409 meri-

494 3472 652 3537 tum
715 3459 997 3534 Christi
1067 3457 1490 3532 formaliter
1575 3478 1664 3529 ex
1734 3454 2029 3528 ratione

492 3589 706 3655 actus
738 3574 1163 3651 secundum
1197 3596 1306 3648 se.
1344 3572 1423 3647 Si
1480 3594 1663 3646 vero
1733 3570 2030 3645 dicatur

495 3695 865 3772 meruisse
919 3702 1214 3767 tantum
1268 3689 1696 3765 secundum
1757 3688 2033 3786 portio-

490 3839 667 3890 nem
701 3810 1207 3910 superiorem,
1253 3816 1328 3883 et
1367 3809 1512 3881 hoc
1544 3807 1746 3880 circa
1776 3816 2034 3881 creata

491 3933 569 4005 in
604 3930 882 4021 VerbO,
942 3927 1194 4002 adhuc
1256 3924 1525 3998 melior
1587 3922 1728 3995 fuit
1776 3921 2030 3995 fruitio

490 4050 898 4138 bonorum,
937 4067 1114 4141 quae
1154 4040 1599 4114 immediate
1660 4038 1905 4113 tendit
1952 4038 2029 4111 in

490 4166 723 4241 finem
765 4163 1150 4239 ultimum.
1191 4159 1270 4233 Si
1304 4167 1559 4232 autem
1595 4157 2034 4231 merebatur

491 4280 810 4356 fruendo
842 4279 1033 4369 De0,
1077 4285 1259 4348 ωηο
1323 4282 1571 4372 potest
1621 4271 1768 4345 dici
1824 4272 2030 4368 quod

493 4399 842 4474 meritum
888 4395 1054 4491 ejus
1108 4391 1434 4466 maxime
1496 4399 1845 4486 respectu
1907 4388 2034 4462 ob-

480 4515 661 4613 jecti
697 4510 1028 4587 beatifici
1060 4519 1171 4583 est
1216 4509 1465 4605 majus
1496 4506 1785 4579 bonum
1820 4504 2028 4578 omni

493 4631 812 4732 praemio
855 4628 1209 4718 aliorum,
1246 4635 1320 4699 et
1349 4633 1533 4697 ωηο
1575 4631 1822 4720 potest
1882 4620 2028 4694 dici

493 4751 697 4851 quod
733 4771 884 4822 non
933 4755 1046 4819 est
1089 4742 1235 4816 nisi
1283 4764 1374 4816 ex
1434 4763 1643 4814 mera
1694 4738 2032 4812 liberali-

125 4858 429 4909 P‘aemium
495 4878 640 4945 tate
695 4864 865 4957 Dei,
946 4862 1148 4960 quod
1227 4858 1634 4958 praemium
1701 4855 2030 4952 alicujus

143 4936 262 5048 ἷξε
286 4934 434 5057 ¹333·
491 4982 788 5063 excedit
822 4979 1174 5055 meritum
1210 4977 1402 5073 ejuS,
1441 4973 1749 5071 quando
1794 4995 2032 5047 mere-

137 5049 258 5098 lius
281 5061 439 5098 men·
1659 5090 1672 5103 .
1799 5089 1812 5102 .

255 5117 328 5161 ⁸0·
493 5113 614 5178 tur
645 5097 998 5196 sibiipsi3
1045 5094 1171 5169 sed
1211 5091 1519 5192 quando
1578 5089 1896 5186 ahquid,
1951 5097 2030 5162 ut

493 5241 822 5319 persona
886 5213 1188 5309 dignior
1260 5218 1594 5283 meretur
1668 5205 1826 5299 alii,
1874 5229 2027 5278 non

490 5345 790 5436 oportet
818 5331 1222 5432 praemium
1268 5327 1634 5403 excedere
1669 5325 2026 5399 meritum

491 5476 842 5554 personae
875 5447 1248 5545 dignioris
1293 5443 1681 5518 merentis.

248 5607 354 5674 14·
588 5571 698 5645 Ad
734 5565 1186 5648 secundum,
1243 5585 1413 5635 cum
1450 5559 1798 5655 arguitur
1826 5557 2029 5655 quod

142 5695 234 5746 Ad
277 5709 460 5748 “0⁰⁰-
497 5688 855 5764 meritum
889 5682 1167 5757 Christi
1210 5680 1349 5755 fuit
1381 5680 1670 5754 bonum
1705 5677 2029 5763 finitum,

129 2882 220 2931 Ad
253 2894 460 2944 argum.

129 2950 182 2995 1.
207 2946 264 2994 in
290 2944 460 2994 initio.

3547 483 3675 551 407

2136 656 2212 719 et
2268 657 2664 743 peccatum
2763 648 3178 744 infinitum,
3263 652 3670 727 dicendum
3736 674 3882 747 qum.
3922 680 4026 752 gne-

2137 764 2344 861 quod
2412 765 2585 839 licet
2665 767 3017 842 meritum
3083 770 3305 843 fuerit
3371 769 3669 845 [initum
3733 743 4001 853 ”tigifuffl'

2137 881 2544 973 intensive,
2584 894 2656 957 ct
2687 885 3083 981 conjunxit
3142 911 3315 961 cum
3375 888 3671 982 objecto
3703 869 3999 985 „2222ssssssst

2139 999 2470 1093 infinito,
2539 1011 2612 1076 et
2670 1002 2809 1076 fuit
2861 1003 3247 1079 infinitum
3303 1005 3674 1080 termina-
3706 995 3758 1037 “t
3800 994 4028 1104 {¹„⁰[¹,¹,¹f²¹'³‘

2142 1117 2319 1210 tive,
2357 1127 2430 1192 et
2472 1119 2823 1194 similiter
2855 1131 2969 1194 est
3008 1123 3099 1196 de
3133 1133 3302 1197 actu
3359 1122 3679 1198 demeri-

2141 1233 2363 1327 torio,
2429 1234 2561 1332 qui
2620 1237 2892 1309 avertit
2967 1261 3010 1311 a
3078 1238 3279 1312 bono
3338 1238 3673 1312 infinito,

2143 1349 2363 1423 Unde
2405 1361 2619 1425 actus
2663 1353 2952 1448 peccati
3030 1364 3323 1429 tantum
3405 1356 3684 1430 dicitur

2141 1464 2493 1539 infinitus
2528 1490 2617 1540 ex
2662 1469 2956 1542 ratione
3025 1471 3332 1544 termini
3394 1496 3438 1545 α
3504 1496 3680 1569 qu0,

2143 1580 2342 1653 sicut
2403 1581 2785 1655 diceretur
2852 1586 3236 1682 corruptio
3314 1585 3495 1659 boni
3564 1585 3687 1658 in-

2144 1695 2385 1769 finita.
2435 1697 2651 1772 Unde
2686 1700 2985 1773 aversio
3018 1723 3063 1774 a
3112 1700 3314 1774 bono
3383 1701 3684 1774 infinito

2144 1814 2218 1887 in
2255 1824 2427 1889 actu
2473 1818 2790 1913 peccati,
2852 1818 3128 1891 dicitur
3177 1842 3344 1893 esse
3399 1822 3722 1894 malum'

2144 1931 2562 2027 infinitum,
2635 1944 2707 2009 et
2804 1936 2947 2008 hoc
3031 1935 3488 2032 inquantum
3576 1947 3690 2011 est

2145 2075 2497 2125 recessus
2539 2076 2673 2150 per
2705 2063 2956 2127 actum
2994 2077 3038 2128 a
3087 2054 3289 2128 bono
3353 2053 3683 2149 infinito,

2149 2192 2301 2241 non
2364 2168 2545 2266 quia
2610 2178 2722 2243 est
2789 2193 3144 2243 accessus
3213 2172 3303 2245 ad
3376 2172 3683 2269 aliquod

2152 2286 2465 2372 malum,
2565 2285 2768 2382 quod
2852 2284 2944 2359 de
3018 2300 3294 2361 natura
3360 2311 3501 2361 sua
3576 2298 3690 2362 est

2152 2403 2438 2475 malum
2472 2400 2890 2495 infinitum,
2927 2411 3000 2477 et
3031 2404 3174 2476 hoc
3217 2404 3443 2477 modo
3498 2404 3690 2479 dici-

2154 2529 2273 2591 tur
2304 2517 2530 2594 etiam
2597 2519 2949 2593 meritum
3028 2518 3446 2613 infinitum,
3511 2522 3693 2617 quia

2149 2638 2241 2713 ad
2289 2638 2700 2712 terminum
2735 2636 3125 2710 inlinitum
3170 2639 3429 2735 aliquo
3467 2639 3689 2713 modo

2147 2753 2575 2851 conjungit,
2612 2754 2809 2827 sicut
2866 2777 2904 2827 e
2957 2762 3224 2829 contra
3287 2765 3685 2852 peccatum

2146 2871 2427 2944 dicitur
2485 2869 2904 2963 infinitum,
2961 2870 3165 2968 quod
3217 2893 3261 2944 a
3309 2871 3510 2945 bono
3565 2871 3689 2943 in-

2147 2989 2363 3064 finito
2406 2989 2775 3086 disjungit
2805 3000 2879 3063 et
2910 2998 3239 3085 separat.

2245 3107 2353 3181 Ad
2459 3106 2765 3182 tertium
2850 3105 3289 3199 dicendum,
3371 3106 3682 3203 quando
3778 3125 3978 3175 Auler-

2146 3224 2496 3321 arguitur
2589 3223 2794 3320 quod
2883 3246 3111 3321 prena
3200 3221 3456 3297 debita
3543 3223 3684 3296 fuit
3797 3194 4003 3321 iige‘ffi,

2144 3338 2474 3434 infinita,
2553 3339 2722 3414 dico
2793 3339 2996 3435 quod
3065 3362 3333 3413 verum
3391 3349 3530 3433 est,
3619 3339 3683 3413 si
3759 3318 4008 3426 ωὲἳῗξῗῑὲ

3766 3453 3875 3488 110ss
3908 3454 3996 3489 De·

2143 3458 2502 3531 voluntas
2596 3454 2928 3530 finaliter
3029 3466 3514 3553 permaneret
3609 3458 3683 3528 in
3765 3503 3996 3551 cessario

2146 3583 2484 3672 peccato,
2530 3598 2681 3647 non
2729 3574 2931 3672 quod
2975 3572 3255 3669 injuste
3292 3574 3594 3660 faceret,
3624 3575 3684 3648 si
3769 3566 3994 3615 ”mmm-

2143 3691 2454 3790 puniret
2500 3714 2633 3789 per
2670 3713 2990 3777 annum,
3045 3699 3120 3764 et
3162 3699 3332 3787 post
3390 3690 3689 3765 annihi-

2145 3810 2336 3882 laret
2414 3816 2916 3906 peccatorem.
3023 3806 3168 3880 Sed
3240 3806 3423 3902 quia
3489 3807 3688 3880 sicut

2144 3927 2454 4023 quando
2551 3925 2832 4022 aliquis
2944 3935 3057 3998 est
3151 3925 3227 3997 in
3325 3925 3681 4016 termine,

2145 4052 2406 4119 manet
2496 4044 2763 4117 eodem
2865 4042 3117 4135 modo,
3186 4041 3294 4115 sic
3371 4042 3683 4138 quando

2147 4170 2404 4235 manet
2443 4161 2519 4232 in
2567 4182 2792 4255 poena
2835 4159 2908 4230 in
2955 4157 3311 4243 termium
3378 4181 3688 4254 semper

2150 4286 2428 4350 manet.
2517 4274 3053 4372 Respondetur
3134 4274 3390 4370 itaque
3477 4275 3683 4370 quod

2147 4394 2277 4467 illa
2309 4416 2536 4491 poena
2569 4391 2822 4465 debita
2883 4401 2996 4464 est
3062 4389 3363 4463 infinita
3422 4400 3685 4464 exten-

2146 4513 2307 4586 sive
2359 4512 2450 4585 de
2515 4512 2731 4598 facto,
2788 4533 2940 4582 non
3012 4519 3260 4582 tamen
3337 4508 3437 4580 ita
3496 4506 3684 4603 quin

2146 4630 2296 4704 alio
2336 4630 2558 4702 modo
2592 4628 2832 4726 possit
2864 4627 3071 4701 Deus
3103 4624 3378 4724 punire
3424 4652 3442 4717 3
3481 4624 3684 4699 unde

2146 4752 2567 4820 commutat
2643 4767 2848 4840 saepe
2927 4742 3146 4815 istam
3233 4741 3308 4814 in
3378 4763 3685 4838 paenam

2149 4864 2645 4960 temporalem
2691 4861 2896 4934 illius
2943 4883 3315 4956 personae.

2242 4978 2351 5049 Ad
2422 4986 2811 5073 quartum,
2874 4974 3284 5047 dicendum
3354 4973 3555 5068 quod
3623 4971 3685 5044 si
3834 5027 3913 5092 15

2146 5093 2550 5190 praemium
2631 5092 3010 5188 passionis
3100 5090 3361 5164 debuit
3456 5089 3680 5162 tribui
3744 5115 3821 5163 Aa
3859 5075 4016 5178 (μίαν-

2145 5210 2567 5285 secundum
2596 5209 2970 5304 justitiam
3024 5207 3677 5299 commutativam,
3715 5180 4011 5289 fflffiffipffij

2145 5350 2300 5401 non
2340 5336 2592 5423 posset
2628 5334 2805 5397 ωηο
2843 5324 2986 5396 nisi
3038 5325 3327 5398 bonum
3380 5321 3677 5393 finitum
3716 5308 4018 5427 “gssgffiss‘

2147 5443 2494 5535 retribui,
2577 5452 2650 5516 et
2708 5442 2815 5514 sic
2886 5465 3037 5513 non
3100 5451 3357 5539 posset
3407 5438 3681 5512 mereri
3717 5427 4040 5540 tssi‘gffivfljg

2146 5585 2284 5660 pro
2335 5558 2681 5632 infinitis.
2749 5559 2897 5632 Sed
2961 5558 3143 5654 quia
3210 5557 3417 5629 Deus
3479 5554 3687 5627 retri-

2155 5678 2320 5752 buit
2361 5676 2786 5751 secundum
2831 5674 3207 5771 justitiam
3260 5670 3688 5747 distributi-
