<?xml version="1.0" encoding="UTF-8"?>
<!DOCTYPE html PUBLIC "-//W3C//DTD XHTML 1.0 Transitional//EN"
    "http://www.w3.org/TR/xhtml1/DTD/xhtml1-transitional.dtd">
<html xmlns="http://www.w3.org/1999/xhtml" xml:lang="en" lang="en">
 <head>
  <title>
</title>
<meta http-equiv="Content-Type" content="text/html;charset=utf-8" />
  <meta name='ocr-system' content='tesseract 3.04.00' />
  <meta name='ocr-capabilities' content='ocr_page ocr_carea ocr_par ocr_line ocrx_word'/>
</head>
<body>
  <div class='ocr_page' id='page_1' title='image "./joannisdunsscot00waddgoog_0570.png"; bbox 0 0 4295 6326; ppageno 0'>
   <div class='ocr_carea' id='block_1_1' title="bbox 230 3063 638 3126">
    <p class='ocr_par' dir='ltr' id='par_1_1' title="bbox 230 3063 638 3126">
     <span class='ocr_line' id='line_1_1' title="bbox 230 3063 638 3126; baseline -0.005 -12"><span class='ocrx_word' id='word_1_1' title='bbox 230 3076 235 3081; x_wconf 84' lang='grc'><em>·</em></span> <span class='ocrx_word' id='word_1_2' title='bbox 324 3066 415 3126; x_wconf 78' lang='lat' dir='ltr'>gni</span> <span class='ocrx_word' id='word_1_3' title='bbox 446 3063 638 3115; x_wconf 79' lang='lat' dir='ltr'>divisio</span> 
     </span>
    </p>
   </div>
   <div class='ocr_carea' id='block_1_2' title="bbox 666 373 795 443">
    <p class='ocr_par' dir='ltr' id='par_1_2' title="bbox 666 373 795 443">
     <span class='ocr_line' id='line_1_2' title="bbox 666 373 795 443; baseline -0.031 0"><span class='ocrx_word' id='word_1_4' title='bbox 666 373 795 443; x_wconf 71' lang='lat'>546</span> 
     </span>
    </p>
   </div>
   <div class='ocr_carea' id='block_1_3' title="bbox 318 535 2223 5675">
    <p class='ocr_par' dir='ltr' id='par_1_3' title="bbox 318 535 2223 5675">
     <span class='ocr_line' id='line_1_3' title="bbox 667 535 2214 639; baseline -0.006 -22"><span class='ocrx_word' id='word_1_5' title='bbox 667 544 846 618; x_wconf 90' lang='lat' dir='ltr'>dere</span> <span class='ocrx_word' id='word_1_6' title='bbox 888 553 963 618; x_wconf 88' lang='lat' dir='ltr'>et</span> <span class='ocrx_word' id='word_1_7' title='bbox 1002 562 1464 639; x_wconf 81' lang='lat' dir='ltr'>cognoscere</span> <span class='ocrx_word' id='word_1_8' title='bbox 1506 535 1953 629; x_wconf 90' lang='lat' dir='ltr'>invisibilia,</span> <span class='ocrx_word' id='word_1_9' title='bbox 1989 544 2061 611; x_wconf 91' lang='lat' dir='ltr'>et</span> <span class='ocrx_word' id='word_1_10' title='bbox 2092 559 2214 610; x_wconf 85' lang='lat' dir='ltr'>ex-</span> 
     </span>
     <span class='ocr_line' id='line_1_4' title="bbox 668 653 2213 758; baseline -0.007 -21"><span class='ocrx_word' id='word_1_11' title='bbox 668 661 943 737; x_wconf 84' lang='lat' dir='ltr'>citetur</span> <span class='ocrx_word' id='word_1_12' title='bbox 1036 659 1289 758; x_wconf 86' lang='lat' dir='ltr'>quoad</span> <span class='ocrx_word' id='word_1_13' title='bbox 1377 655 1731 731; x_wconf 82' lang='lat' dir='ltr'>effectum</span> <span class='ocrx_word' id='word_1_14' title='bbox 1818 653 2213 749; x_wconf 89' lang='lat' dir='ltr'>obliquata</span> 
     </span>
     <span class='ocr_line' id='line_1_5' title="bbox 673 769 2205 852; baseline -0.006 -1"><span class='ocrx_word' id='word_1_15' title='bbox 673 777 960 852; x_wconf 89' lang='lat' dir='ltr'>malitia</span> <span class='ocrx_word' id='word_1_16' title='bbox 1004 778 1098 851; x_wconf 89' lang='lat' dir='ltr'>ad</span> <span class='ocrx_word' id='word_1_17' title='bbox 1141 774 1491 851; x_wconf 86' lang='lat' dir='ltr'>devotius</span> <span class='ocrx_word' id='word_1_18' title='bbox 1558 773 1771 846; x_wconf 75' lang='lat' dir='ltr'>illurn</span> <span class='ocrx_word' id='word_1_19' title='bbox 1854 769 2205 845; x_wconf 79' lang='lat' dir='ltr'>effectum</span> 
     </span>
     <span class='ocr_line' id='line_1_6' title="bbox 666 890 2007 991; baseline -0.008 -21"><span class='ocrx_word' id='word_1_20' title='bbox 666 895 1077 970; x_wconf 86' lang='lat' dir='ltr'>invisibilis</span> <span class='ocrx_word' id='word_1_21' title='bbox 1117 893 1383 991; x_wconf 76' lang='lat' dir='ltr'>gratiae</span> <span class='ocrx_word' id='word_1_22' title='bbox 1424 890 2007 965; x_wconf 87' lang='lat' dir='ltr'>admittendum.</span> 
     </span>
     <span class='ocr_line' id='line_1_7' title="bbox 438 1005 2207 1112; baseline -0.006 -24"><span class='ocrx_word' id='word_1_23' title='bbox 438 1046 501 1112; x_wconf 49' lang='lat'>3,</span> <span class='ocrx_word' id='word_1_24' title='bbox 766 1013 975 1089; x_wconf 86' lang='lat' dir='ltr'>Istud</span> <span class='ocrx_word' id='word_1_25' title='bbox 1007 1021 1263 1088; x_wconf 89' lang='lat' dir='ltr'>autem</span> <span class='ocrx_word' id='word_1_26' title='bbox 1296 1010 1405 1084; x_wconf 90' lang='lat' dir='ltr'>sic</span> <span class='ocrx_word' id='word_1_27' title='bbox 1451 1034 1495 1083; x_wconf 91' lang='lat' dir='ltr'>a</span> <span class='ocrx_word' id='word_1_28' title='bbox 1550 1008 1712 1083; x_wconf 92' lang='lat' dir='ltr'>Deo</span> <span class='ocrx_word' id='word_1_29' title='bbox 1773 1005 2207 1081; x_wconf 88' lang='lat' dir='ltr'>institutum</span> 
     </span>
     <span class='ocr_line' id='line_1_8' title="bbox 667 1123 2209 1228; baseline -0.006 -23"><span class='ocrx_word' id='word_1_30' title='bbox 667 1133 819 1207; x_wconf 92' lang='lat' dir='ltr'>duo</span> <span class='ocrx_word' id='word_1_31' title='bbox 850 1131 1236 1228; x_wconf 89' lang='lat' dir='ltr'>importat,</span> <span class='ocrx_word' id='word_1_32' title='bbox 1282 1127 1574 1204; x_wconf 85' lang='lat' dir='ltr'>scilicet</span> <span class='ocrx_word' id='word_1_33' title='bbox 1629 1132 2061 1223; x_wconf 87' lang='lat' dir='ltr'>respectum</span> <span class='ocrx_word' id='word_1_34' title='bbox 2114 1123 2209 1197; x_wconf 89' lang='lat' dir='ltr'>ad</span> 
     </span>
     <span class='ocr_line' id='line_1_9' title="bbox 667 1241 2210 1347; baseline -0.006 -22"><span class='ocrx_word' id='word_1_35' title='bbox 667 1251 1054 1347; x_wconf 88' lang='lat' dir='ltr'>signatum</span> <span class='ocrx_word' id='word_1_36' title='bbox 1117 1247 1319 1345; x_wconf 92' lang='lat' dir='ltr'>quod</span> <span class='ocrx_word' id='word_1_37' title='bbox 1354 1245 1633 1342; x_wconf 88' lang='lat' dir='ltr'>signat,</span> <span class='ocrx_word' id='word_1_38' title='bbox 1668 1252 1743 1318; x_wconf 88' lang='lat' dir='ltr'>et</span> <span class='ocrx_word' id='word_1_39' title='bbox 1786 1244 1878 1318; x_wconf 89' lang='lat' dir='ltr'>ad</span> <span class='ocrx_word' id='word_1_40' title='bbox 1931 1241 2210 1316; x_wconf 80' lang='lat' dir='ltr'>funda-</span> 
     </span>
     <span class='ocr_line' id='line_1_10' title="bbox 668 1360 2213 1461; baseline -0.008 -19"><span class='ocrx_word' id='word_1_41' title='bbox 668 1376 1043 1460; x_wconf 86' lang='lat' dir='ltr'>mentum,</span> <span class='ocrx_word' id='word_1_42' title='bbox 1090 1365 1167 1437; x_wconf 90' lang='lat' dir='ltr'>in</span> <span class='ocrx_word' id='word_1_43' title='bbox 1210 1387 1363 1461; x_wconf 93' lang='lat' dir='ltr'>quo</span> <span class='ocrx_word' id='word_1_44' title='bbox 1424 1371 1537 1437; x_wconf 92' lang='lat' dir='ltr'>est</span> <span class='ocrx_word' id='word_1_45' title='bbox 1614 1369 2006 1458; x_wconf 89' lang='lat' dir='ltr'>respectus</span> <span class='ocrx_word' id='word_1_46' title='bbox 2075 1360 2213 1432; x_wconf 91' lang='lat' dir='ltr'>hu-</span> 
     </span>
     <span class='ocr_line' id='line_1_11' title="bbox 655 1476 2212 1582; baseline -0.007 -23"><span class='ocrx_word' id='word_1_47' title='bbox 655 1493 786 1582; x_wconf 85' lang='lat' dir='ltr'>jus</span> <span class='ocrx_word' id='word_1_48' title='bbox 814 1482 1043 1580; x_wconf 90' lang='lat' dir='ltr'>signi.</span> <span class='ocrx_word' id='word_1_49' title='bbox 1093 1480 1309 1556; x_wconf 91' lang='lat' dir='ltr'>Unde</span> <span class='ocrx_word' id='word_1_50' title='bbox 1364 1479 1672 1575; x_wconf 90' lang='lat' dir='ltr'>signum</span> <span class='ocrx_word' id='word_1_51' title='bbox 1729 1476 2006 1550; x_wconf 91' lang='lat' dir='ltr'>dicitur</span> <span class='ocrx_word' id='word_1_52' title='bbox 2046 1498 2212 1549; x_wconf 91' lang='lat' dir='ltr'>res-</span> 
     </span>
     <span class='ocr_line' id='line_1_12' title="bbox 667 1595 2214 1701; baseline -0.008 -23"><span class='ocrx_word' id='word_1_53' title='bbox 667 1602 962 1701; x_wconf 88' lang='lat' dir='ltr'>pective</span> <span class='ocrx_word' id='word_1_54' title='bbox 1004 1600 1097 1674; x_wconf 88' lang='lat' dir='ltr'>ad</span> <span class='ocrx_word' id='word_1_55' title='bbox 1130 1597 1440 1694; x_wconf 81' lang='lat' dir='ltr'>aliquod</span> <span class='ocrx_word' id='word_1_56' title='bbox 1473 1595 1889 1692; x_wconf 90' lang='lat' dir='ltr'>signatum,</span> <span class='ocrx_word' id='word_1_57' title='bbox 1935 1601 2015 1667; x_wconf 89' lang='lat' dir='ltr'>ut</span> <span class='ocrx_word' id='word_1_58' title='bbox 2071 1616 2214 1689; x_wconf 84' lang='lat' dir='ltr'>pa-</span> 
     </span>
     <span class='ocr_line' id='line_1_13' title="bbox 514 1707 2211 1812; baseline -0.007 -18"><span class='ocrx_word' id='word_1_59' title='bbox 514 1800 568 1812; x_wconf 32' lang='lat' dir='ltr'>ss</span> <span class='ocrx_word' id='word_1_60' title='bbox 666 1728 781 1793; x_wconf 82' lang='lat' dir='ltr'>ter</span> <span class='ocrx_word' id='word_1_61' title='bbox 810 1717 904 1791; x_wconf 89' lang='lat' dir='ltr'>ad</span> <span class='ocrx_word' id='word_1_62' title='bbox 937 1715 1180 1788; x_wconf 84' lang='lat' dir='ltr'>filium</span> <span class='ocrx_word' id='word_1_63' title='bbox 1229 1738 1244 1801; x_wconf 91' lang='lat'>;</span> <span class='ocrx_word' id='word_1_64' title='bbox 1300 1722 1373 1787; x_wconf 87' lang='lat' dir='ltr'>et</span> <span class='ocrx_word' id='word_1_65' title='bbox 1430 1725 1544 1786; x_wconf 89' lang='lat' dir='ltr'>est</span> <span class='ocrx_word' id='word_1_66' title='bbox 1601 1710 1828 1785; x_wconf 89' lang='lat' dir='ltr'>etiam</span> <span class='ocrx_word' id='word_1_67' title='bbox 1882 1707 2211 1801; x_wconf 81' lang='lat' dir='ltr'>alicujus</span> 
     </span>
     <span class='ocr_line' id='line_1_14' title="bbox 352 1802 2213 1928; baseline -0.01 -12"><span class='ocrx_word' id='word_1_68' title='bbox 352 1802 608 1928; x_wconf 35' lang='lat' dir='ltr'>negatio</span> <span class='ocrx_word' id='word_1_69' title='bbox 670 1831 1103 1910; x_wconf 90' lang='lat' dir='ltr'>necessario</span> <span class='ocrx_word' id='word_1_70' title='bbox 1141 1839 1221 1904; x_wconf 93' lang='lat' dir='ltr'>ut</span> <span class='ocrx_word' id='word_1_71' title='bbox 1276 1826 1781 1919; x_wconf 79' lang='lat' dir='ltr'>fundamenti,</span> <span class='ocrx_word' id='word_1_72' title='bbox 1834 1825 2032 1900; x_wconf 91' lang='lat' dir='ltr'>sicut</span> <span class='ocrx_word' id='word_1_73' title='bbox 2073 1848 2213 1922; x_wconf 87' lang='lat' dir='ltr'>pa-</span> 
     </span>
     <span class='ocr_line' id='line_1_15' title="bbox 675 1941 2211 2049; baseline -0.007 -24"><span class='ocrx_word' id='word_1_74' title='bbox 675 1962 776 2027; x_wconf 91' lang='lat' dir='ltr'>tet</span> <span class='ocrx_word' id='word_1_75' title='bbox 806 1974 942 2049; x_wconf 92' lang='lat' dir='ltr'>per</span> <span class='ocrx_word' id='word_1_76' title='bbox 962 1949 1129 2046; x_wconf 89' lang='lat' dir='ltr'>ejus</span> <span class='ocrx_word' id='word_1_77' title='bbox 1169 1944 1723 2030; x_wconf 87' lang='lat' dir='ltr'>definitionem,</span> <span class='ocrx_word' id='word_1_78' title='bbox 1770 1965 1994 2042; x_wconf 87' lang='lat' dir='ltr'>quam</span> <span class='ocrx_word' id='word_1_79' title='bbox 2041 1941 2211 2015; x_wconf 90' lang='lat' dir='ltr'>Ma—</span> 
     </span>
     <span class='ocr_line' id='line_1_16' title="bbox 671 2056 2206 2165; baseline -0.007 -25"><span class='ocrx_word' id='word_1_80' title='bbox 671 2069 908 2165; x_wconf 87' lang='lat' dir='ltr'>gister</span> <span class='ocrx_word' id='word_1_81' title='bbox 938 2065 1279 2160; x_wconf 81' lang='lat' dir='ltr'>assignat</span> <span class='ocrx_word' id='word_1_82' title='bbox 1305 2061 1382 2134; x_wconf 93' lang='lat' dir='ltr'>in</span> <span class='ocrx_word' id='word_1_83' title='bbox 1410 2060 1658 2135; x_wconf 86' lang='lat' dir='ltr'>littera</span> <span class='ocrx_word' id='word_1_84' title='bbox 1689 2060 1898 2151; x_wconf 78' lang='lat' dir='ltr'>:Est‚</span> <span class='ocrx_word' id='word_1_85' title='bbox 1928 2056 2206 2156; x_wconf 89' lang='lat' dir='ltr'>inquit,</span> 
     </span>
     <span class='ocr_line' id='line_1_17' title="bbox 666 2174 2205 2281; baseline -0.008 -23"><span class='ocrx_word' id='word_1_86' title='bbox 666 2186 973 2281; x_wconf 74' lang='lat' dir='ltr'>siqnum</span> <span class='ocrx_word' id='word_1_87' title='bbox 1014 2204 1133 2254; x_wconf 80' lang='lat' dir='ltr'>res</span> <span class='ocrx_word' id='word_1_88' title='bbox 1173 2177 1460 2276; x_wconf 80' lang='lat' dir='ltr'>aliqua,</span> <span class='ocrx_word' id='word_1_89' title='bbox 1490 2179 1786 2273; x_wconf 68' lang='lat' dir='ltr'>praeter</span> <span class='ocrx_word' id='word_1_90' title='bbox 1845 2174 2205 2273; x_wconf 81' lang='lat' dir='ltr'>speciem,</span> 
     </span>
     <span class='ocr_line' id='line_1_18' title="bbox 669 2287 2218 2394; baseline -0.006 -23"><span class='ocrx_word' id='word_1_91' title='bbox 669 2320 899 2394; x_wconf 77' lang='lat' dir='ltr'>quam</span> <span class='ocrx_word' id='word_1_92' title='bbox 941 2294 1223 2392; x_wconf 74' lang='lat' dir='ltr'>inyerit</span> <span class='ocrx_word' id='word_1_93' title='bbox 1241 2291 1613 2385; x_wconf 66' lang='lat' dir='ltr'>sensibtw,</span> <span class='ocrx_word' id='word_1_94' title='bbox 1644 2289 1947 2388; x_wconf 83' lang='lat' dir='ltr'>aliquid</span> <span class='ocrx_word' id='word_1_95' title='bbox 1994 2287 2218 2364; x_wconf 75' lang='lat' dir='ltr'>alind</span> 
     </span>
     <span class='ocr_line' id='line_1_19' title="bbox 669 2407 2205 2510; baseline -0.007 -22"><span class='ocrx_word' id='word_1_96' title='bbox 669 2438 767 2489; x_wconf 65' lang='lat' dir='ltr'>ea:</span> <span class='ocrx_word' id='word_1_97' title='bbox 803 2437 883 2487; x_wconf 78' lang='lat' dir='ltr'>se</span> <span class='ocrx_word' id='word_1_98' title='bbox 910 2413 1209 2510; x_wconf 80' lang='lat' dir='ltr'>faciens</span> <span class='ocrx_word' id='word_1_99' title='bbox 1242 2411 1322 2484; x_wconf 82' lang='lat' dir='ltr'>in</span> <span class='ocrx_word' id='word_1_100' title='bbox 1365 2409 1877 2506; x_wconf 74' lang='lat' dir='ltr'>coqnz&#39;tionem</span> <span class='ocrx_word' id='word_1_101' title='bbox 1917 2407 2205 2481; x_wconf 81' lang='lat' dir='ltr'>venire.</span> 
     </span>
     <span class='ocr_line' id='line_1_20' title="bbox 672 2526 2209 2626; baseline -0.007 -19"><span class='ocrx_word' id='word_1_102' title='bbox 672 2536 976 2607; x_wconf 87' lang='lat' dir='ltr'>Etcum</span> <span class='ocrx_word' id='word_1_103' title='bbox 1021 2530 1331 2626; x_wconf 89' lang='lat' dir='ltr'>signum</span> <span class='ocrx_word' id='word_1_104' title='bbox 1399 2530 1544 2601; x_wconf 90' lang='lat' dir='ltr'>hoc</span> <span class='ocrx_word' id='word_1_105' title='bbox 1602 2527 1754 2600; x_wconf 91' lang='lat' dir='ltr'>duo</span> <span class='ocrx_word' id='word_1_106' title='bbox 1825 2526 2209 2623; x_wconf 83' lang='lat' dir='ltr'>importet,</span> 
     </span>
     <span class='ocr_line' id='line_1_21' title="bbox 670 2642 2216 2741; baseline -0.005 -17"><span class='ocrx_word' id='word_1_107' title='bbox 670 2650 791 2724; x_wconf 88' lang='lat' dir='ltr'>vel</span> <span class='ocrx_word' id='word_1_108' title='bbox 893 2645 1330 2723; x_wconf 90' lang='lat' dir='ltr'>necessario</span> <span class='ocrx_word' id='word_1_109' title='bbox 1454 2645 1817 2741; x_wconf 87' lang='lat' dir='ltr'>requirat,</span> <span class='ocrx_word' id='word_1_110' title='bbox 1923 2642 2216 2717; x_wconf 89' lang='lat' dir='ltr'>scilicet</span> 
     </span>
     <span class='ocr_line' id='line_1_22' title="bbox 672 2761 2215 2845; baseline -0.006 -4"><span class='ocrx_word' id='word_1_111' title='bbox 672 2766 1259 2841; x_wconf 81' lang='lat' dir='ltr'>fundamentum</span> <span class='ocrx_word' id='word_1_112' title='bbox 1300 2771 1374 2837; x_wconf 91' lang='lat' dir='ltr'>et</span> <span class='ocrx_word' id='word_1_113' title='bbox 1430 2762 1902 2845; x_wconf 78' lang='lat' dir='ltr'>relationem,</span> <span class='ocrx_word' id='word_1_114' title='bbox 1936 2783 2027 2834; x_wconf 89' lang='lat' dir='ltr'>ex</span> <span class='ocrx_word' id='word_1_115' title='bbox 2068 2761 2215 2832; x_wconf 90' lang='lat' dir='ltr'>hoc</span> 
     </span>
     <span class='ocr_line' id='line_1_23' title="bbox 670 2873 2213 2977; baseline -0.006 -21"><span class='ocrx_word' id='word_1_116' title='bbox 670 2880 1020 2977; x_wconf 87' lang='lat' dir='ltr'>sequitur</span> <span class='ocrx_word' id='word_1_117' title='bbox 1095 2876 1300 2976; x_wconf 91' lang='lat' dir='ltr'>quod</span> <span class='ocrx_word' id='word_1_118' title='bbox 1395 2899 1488 2950; x_wconf 85' lang='lat' dir='ltr'>ex</span> <span class='ocrx_word' id='word_1_119' title='bbox 1537 2886 1749 2972; x_wconf 91' lang='lat' dir='ltr'>parte</span> <span class='ocrx_word' id='word_1_120' title='bbox 1813 2873 2213 2969; x_wconf 90' lang='lat' dir='ltr'>utriusque</span> 
     </span>
     <span class='ocr_line' id='line_1_24' title="bbox 669 2996 2220 3099; baseline -0.005 -24"><span class='ocrx_word' id='word_1_121' title='bbox 669 3009 917 3099; x_wconf 88' lang='lat' dir='ltr'>potest</span> <span class='ocrx_word' id='word_1_122' title='bbox 947 2996 1342 3094; x_wconf 84' lang='lat' dir='ltr'>distingui.</span> <span class='ocrx_word' id='word_1_123' title='bbox 1384 2998 1491 3069; x_wconf 84' lang='lat' dir='ltr'>Ex</span> <span class='ocrx_word' id='word_1_124' title='bbox 1539 3004 1752 3093; x_wconf 89' lang='lat' dir='ltr'>parte</span> <span class='ocrx_word' id='word_1_125' title='bbox 1808 3004 2066 3069; x_wconf 88' lang='lat' dir='ltr'>autem</span> <span class='ocrx_word' id='word_1_126' title='bbox 2108 3015 2220 3067; x_wconf 88' lang='lat' dir='ltr'>re-</span> 
     </span>
     <span class='ocr_line' id='line_1_25' title="bbox 318 3110 2212 3240; baseline -0.008 -43"><span class='ocrx_word' id='word_1_127' title='bbox 318 3128 376 3240; x_wconf 51' lang='lat' dir='ltr'>in,</span> <span class='ocrx_word' id='word_1_128' title='bbox 404 3133 616 3240; x_wconf 50' lang='lat' dir='ltr'>naturat-</span> <span class='ocrx_word' id='word_1_129' title='bbox 672 3116 1005 3209; x_wconf 89' lang='lat' dir='ltr'>lationis,</span> <span class='ocrx_word' id='word_1_130' title='bbox 1079 3138 1311 3213; x_wconf 87' lang='lat' dir='ltr'>quam</span> <span class='ocrx_word' id='word_1_131' title='bbox 1407 3112 1762 3210; x_wconf 87' lang='lat' dir='ltr'>importat</span> <span class='ocrx_word' id='word_1_132' title='bbox 1876 3110 2212 3208; x_wconf 89' lang='lat' dir='ltr'>signum,</span> 
     </span>
     <span class='ocr_line' id='line_1_26' title="bbox 338 3199 2220 3329; baseline -0.004 -22"><span class='ocrx_word' id='word_1_133' title='bbox 338 3199 614 3317; x_wconf 61' lang='lat' dir='ltr'>pssc‘iiuam.</span> <span class='ocrx_word' id='word_1_134' title='bbox 669 3233 1169 3329; x_wconf 89' lang='lat' dir='ltr'>distinguitur</span> <span class='ocrx_word' id='word_1_135' title='bbox 1230 3231 1539 3326; x_wconf 89' lang='lat' dir='ltr'>signum</span> <span class='ocrx_word' id='word_1_136' title='bbox 1603 3229 1851 3327; x_wconf 92' lang='lat' dir='ltr'>primo</span> <span class='ocrx_word' id='word_1_137' title='bbox 1948 3228 2023 3300; x_wconf 93' lang='lat' dir='ltr'>in</span> <span class='ocrx_word' id='word_1_138' title='bbox 2110 3226 2220 3300; x_wconf 88' lang='lat' dir='ltr'>si-</span> 
     </span>
     <span class='ocr_line' id='line_1_27' title="bbox 670 3343 2223 3449; baseline -0.007 -23"><span class='ocrx_word' id='word_1_139' title='bbox 670 3374 909 3449; x_wconf 90' lang='lat' dir='ltr'>gnum</span> <span class='ocrx_word' id='word_1_140' title='bbox 954 3348 1328 3432; x_wconf 83' lang='lat' dir='ltr'>naturale,</span> <span class='ocrx_word' id='word_1_141' title='bbox 1367 3346 1571 3443; x_wconf 89' lang='lat' dir='ltr'>quod</span> <span class='ocrx_word' id='word_1_142' title='bbox 1627 3344 2077 3419; x_wconf 87' lang='lat' dir='ltr'>naturaliter</span> <span class='ocrx_word' id='word_1_143' title='bbox 2126 3343 2223 3416; x_wconf 93' lang='lat' dir='ltr'>si-</span> 
     </span>
     <span class='ocr_line' id='line_1_28' title="bbox 673 3463 2222 3568; baseline -0.006 -23"><span class='ocrx_word' id='word_1_144' title='bbox 673 3468 1014 3568; x_wconf 80' lang='lat' dir='ltr'>gnificat,</span> <span class='ocrx_word' id='word_1_145' title='bbox 1059 3478 1132 3543; x_wconf 91' lang='lat' dir='ltr'>et</span> <span class='ocrx_word' id='word_1_146' title='bbox 1163 3466 1523 3564; x_wconf 87' lang='lat' dir='ltr'>importat</span> <span class='ocrx_word' id='word_1_147' title='bbox 1555 3463 2004 3538; x_wconf 89' lang='lat' dir='ltr'>relationem</span> <span class='ocrx_word' id='word_1_148' title='bbox 2047 3484 2222 3537; x_wconf 91' lang='lat' dir='ltr'>rea-</span> 
     </span>
     <span class='ocr_line' id='line_1_29' title="bbox 673 3579 2222 3681; baseline -0.007 -18"><span class='ocrx_word' id='word_1_149' title='bbox 673 3591 821 3665; x_wconf 89' lang='lat' dir='ltr'>lem</span> <span class='ocrx_word' id='word_1_150' title='bbox 882 3587 975 3661; x_wconf 90' lang='lat' dir='ltr'>ad</span> <span class='ocrx_word' id='word_1_151' title='bbox 1044 3585 1385 3681; x_wconf 86' lang='lat' dir='ltr'>signata3</span> <span class='ocrx_word' id='word_1_152' title='bbox 1441 3592 1600 3656; x_wconf 91' lang='lat' dir='ltr'>tum</span> <span class='ocrx_word' id='word_1_153' title='bbox 1680 3581 1937 3673; x_wconf 88' lang='lat' dir='ltr'>etiam,</span> <span class='ocrx_word' id='word_1_154' title='bbox 1982 3580 2057 3652; x_wconf 91' lang='lat' dir='ltr'>in</span> <span class='ocrx_word' id='word_1_155' title='bbox 2117 3579 2222 3652; x_wconf 92' lang='lat' dir='ltr'>si-</span> 
     </span>
     <span class='ocr_line' id='line_1_30' title="bbox 674 3698 2218 3801; baseline -0.006 -23"><span class='ocrx_word' id='word_1_156' title='bbox 674 3726 916 3801; x_wconf 90' lang='lat' dir='ltr'>gnum</span> <span class='ocrx_word' id='word_1_157' title='bbox 969 3700 1061 3776; x_wconf 89' lang='lat' dir='ltr'>ad</span> <span class='ocrx_word' id='word_1_158' title='bbox 1121 3698 1487 3798; x_wconf 90' lang='lat' dir='ltr'>placitum</span> <span class='ocrx_word' id='word_1_159' title='bbox 1553 3706 1876 3789; x_wconf 81' lang='lat' dir='ltr'>tanturn,</span> <span class='ocrx_word' id='word_1_160' title='bbox 1923 3705 1995 3771; x_wconf 90' lang='lat' dir='ltr'>et</span> <span class='ocrx_word' id='word_1_161' title='bbox 2060 3719 2218 3768; x_wconf 93' lang='lat' dir='ltr'>non</span> 
     </span>
     <span class='ocr_line' id='line_1_31' title="bbox 674 3813 2219 3915; baseline -0.007 -18"><span class='ocrx_word' id='word_1_162' title='bbox 674 3821 1053 3912; x_wconf 89' lang='lat' dir='ltr'>naturale,</span> <span class='ocrx_word' id='word_1_163' title='bbox 1099 3817 1303 3914; x_wconf 89' lang='lat' dir='ltr'>quod</span> <span class='ocrx_word' id='word_1_164' title='bbox 1346 3816 1705 3915; x_wconf 89' lang='lat' dir='ltr'>importat</span> <span class='ocrx_word' id='word_1_165' title='bbox 1767 3813 2219 3888; x_wconf 86' lang='lat' dir='ltr'>relationem</span> 
     </span>
     <span class='ocr_line' id='line_1_32' title="bbox 676 3933 2217 4031; baseline -0.007 -17"><span class='ocrx_word' id='word_1_166' title='bbox 676 3939 1031 4031; x_wconf 90' lang='lat' dir='ltr'>rationis,</span> <span class='ocrx_word' id='word_1_167' title='bbox 1071 3944 1607 4010; x_wconf 84' lang='lat' dir='ltr'>utsuntvoces</span> <span class='ocrx_word' id='word_1_168' title='bbox 1649 3944 1723 4007; x_wconf 89' lang='lat' dir='ltr'>et</span> <span class='ocrx_word' id='word_1_169' title='bbox 1765 3942 2004 4006; x_wconf 88' lang='lat' dir='ltr'>nutus</span> <span class='ocrx_word' id='word_1_170' title='bbox 2043 3933 2217 4004; x_wconf 88' lang='lat' dir='ltr'>Mo—</span> 
     </span>
     <span class='ocr_line' id='line_1_33' title="bbox 673 4051 2220 4150; baseline -0.005 -19"><span class='ocrx_word' id='word_1_171' title='bbox 673 4059 1128 4147; x_wconf 89' lang='lat' dir='ltr'>nachorum,</span> <span class='ocrx_word' id='word_1_172' title='bbox 1165 4053 1350 4150; x_wconf 89' lang='lat' dir='ltr'>quia</span> <span class='ocrx_word' id='word_1_173' title='bbox 1382 4052 1528 4126; x_wconf 87' lang='lat' dir='ltr'>ista</span> <span class='ocrx_word' id='word_1_174' title='bbox 1567 4062 1891 4148; x_wconf 90' lang='lat' dir='ltr'>possunt</span> <span class='ocrx_word' id='word_1_175' title='bbox 1922 4051 2220 4147; x_wconf 84' lang='lat' dir='ltr'>signifi—</span> 
     </span>
     <span class='ocr_line' id='line_1_34' title="bbox 672 4167 2220 4265; baseline -0.005 -16"><span class='ocrx_word' id='word_1_176' title='bbox 672 4197 844 4249; x_wconf 92' lang='lat' dir='ltr'>care</span> <span class='ocrx_word' id='word_1_177' title='bbox 877 4172 1054 4264; x_wconf 89' lang='lat' dir='ltr'>alia,</span> <span class='ocrx_word' id='word_1_178' title='bbox 1099 4171 1298 4244; x_wconf 88' lang='lat' dir='ltr'>sicut</span> <span class='ocrx_word' id='word_1_179' title='bbox 1356 4169 1527 4260; x_wconf 86' lang='lat' dir='ltr'>ista,</span> <span class='ocrx_word' id='word_1_180' title='bbox 1563 4167 1627 4241; x_wconf 87' lang='lat' dir='ltr'>si</span> <span class='ocrx_word' id='word_1_181' title='bbox 1685 4169 2019 4265; x_wconf 84' lang='lat' dir='ltr'>placeret</span> <span class='ocrx_word' id='word_1_182' title='bbox 2058 4169 2220 4242; x_wconf 91' lang='lat' dir='ltr'>ins-</span> 
     </span>
     <span class='ocr_line' id='line_1_35' title="bbox 673 4289 1365 4378; baseline -0.012 -13"><span class='ocrx_word' id='word_1_183' title='bbox 673 4289 1185 4378; x_wconf 82' lang='lat' dir='ltr'>titutionibuS,</span> <span class='ocrx_word' id='word_1_184' title='bbox 1221 4296 1365 4361; x_wconf 91' lang='lat' dir='ltr'>etc.</span> 
     </span>
     <span class='ocr_line' id='line_1_36' title="bbox 329 4388 2212 4515; baseline -0.005 -32"><span class='ocrx_word' id='word_1_185' title='bbox 329 4388 643 4515; x_wconf 40' lang='lat' dir='ltr'>,525⁰ssssss</span> <span class='ocrx_word' id='word_1_186' title='bbox 769 4405 940 4480; x_wconf 85' lang='lat' dir='ltr'>Alia</span> <span class='ocrx_word' id='word_1_187' title='bbox 979 4411 1093 4478; x_wconf 88' lang='lat' dir='ltr'>est</span> <span class='ocrx_word' id='word_1_188' title='bbox 1131 4400 1403 4474; x_wconf 88' lang='lat' dir='ltr'>divisio</span> <span class='ocrx_word' id='word_1_189' title='bbox 1467 4399 1667 4495; x_wconf 90' lang='lat' dir='ltr'>signi</span> <span class='ocrx_word' id='word_1_190' title='bbox 1727 4399 1804 4472; x_wconf 91' lang='lat' dir='ltr'>in</span> <span class='ocrx_word' id='word_1_191' title='bbox 1873 4400 2212 4494; x_wconf 90' lang='lat' dir='ltr'>signum,</span> 
     </span>
     <span class='ocr_line' id='line_1_37' title="bbox 330 4515 2215 4629; baseline -0.004 -30"><span class='ocrx_word' id='word_1_192' title='bbox 330 4515 506 4629; x_wconf 50' lang='lat' dir='ltr'>⁹5⁰0}ss</span> <span class='ocrx_word' id='word_1_193' title='bbox 532 4515 645 4628; x_wconf 61' lang='grc' dir='ltr'>ξξῆ·</span> <span class='ocrx_word' id='word_1_194' title='bbox 675 4523 877 4623; x_wconf 91' lang='lat' dir='ltr'>quod</span> <span class='ocrx_word' id='word_1_195' title='bbox 921 4541 1225 4617; x_wconf 88' lang='lat' dir='ltr'>semper</span> <span class='ocrx_word' id='word_1_196' title='bbox 1256 4518 1486 4591; x_wconf 86' lang='lat' dir='ltr'>habet</span> <span class='ocrx_word' id='word_1_197' title='bbox 1537 4540 1767 4591; x_wconf 88' lang='lat' dir='ltr'>suum</span> <span class='ocrx_word' id='word_1_198' title='bbox 1827 4517 2215 4612; x_wconf 89' lang='lat' dir='ltr'>signatum</span> 
     </span>
     <span class='ocr_line' id='line_1_38' title="bbox 347 4634 2219 4734; baseline -0.005 -18"><span class='ocrx_word' id='word_1_199' title='bbox 347 4638 609 4691; x_wconf 65' lang='lat' dir='ltr'>ineffiffl·</span> <span class='ocrx_word' id='word_1_200' title='bbox 675 4662 966 4729; x_wconf 89' lang='lat' dir='ltr'>secum,</span> <span class='ocrx_word' id='word_1_201' title='bbox 1013 4644 1386 4734; x_wconf 88' lang='lat' dir='ltr'>quantum</span> <span class='ocrx_word' id='word_1_202' title='bbox 1417 4641 1530 4706; x_wconf 88' lang='lat' dir='ltr'>est</span> <span class='ocrx_word' id='word_1_203' title='bbox 1575 4655 1668 4705; x_wconf 86' lang='lat' dir='ltr'>ex</span> <span class='ocrx_word' id='word_1_204' title='bbox 1708 4643 1920 4729; x_wconf 87' lang='lat' dir='ltr'>parte</span> <span class='ocrx_word' id='word_1_205' title='bbox 1954 4634 2101 4725; x_wconf 91' lang='lat' dir='ltr'>sui,</span> <span class='ocrx_word' id='word_1_206' title='bbox 2144 4643 2219 4708; x_wconf 89' lang='lat' dir='ltr'>et</span> 
     </span>
     <span class='ocr_line' id='line_1_39' title="bbox 671 4750 2209 4850; baseline -0.007 -18"><span class='ocrx_word' id='word_1_207' title='bbox 671 4759 821 4846; x_wconf 75' lang='lat' dir='ltr'>tale</span> <span class='ocrx_word' id='word_1_208' title='bbox 887 4755 1193 4850; x_wconf 90' lang='lat' dir='ltr'>signum</span> <span class='ocrx_word' id='word_1_209' title='bbox 1265 4761 1379 4826; x_wconf 91' lang='lat' dir='ltr'>est</span> <span class='ocrx_word' id='word_1_210' title='bbox 1434 4772 1705 4824; x_wconf 85' lang='lat' dir='ltr'>verum</span> <span class='ocrx_word' id='word_1_211' title='bbox 1783 4760 1857 4824; x_wconf 90' lang='lat' dir='ltr'>et</span> <span class='ocrx_word' id='word_1_212' title='bbox 1915 4750 2209 4839; x_wconf 75' lang='lat' dir='ltr'>efficaX‚</span> 
     </span>
     <span class='ocr_line' id='line_1_40' title="bbox 672 4865 2215 4967; baseline -0.006 -18"><span class='ocrx_word' id='word_1_213' title='bbox 672 4873 870 4949; x_wconf 82' lang='lat' dir='ltr'>sicut</span> <span class='ocrx_word' id='word_1_214' title='bbox 900 4869 1208 4967; x_wconf 85' lang='lat' dir='ltr'>eclipsis</span> <span class='ocrx_word' id='word_1_215' title='bbox 1250 4876 1363 4940; x_wconf 91' lang='lat' dir='ltr'>est</span> <span class='ocrx_word' id='word_1_216' title='bbox 1402 4865 1709 4962; x_wconf 80' lang='lat' dir='ltr'>signum</span> <span class='ocrx_word' id='word_1_217' title='bbox 1777 4865 2044 4941; x_wconf 81' lang='lat' dir='ltr'>efficax</span> <span class='ocrx_word' id='word_1_218' title='bbox 2097 4867 2215 4941; x_wconf 87' lang='lat' dir='ltr'>in-</span> 
     </span>
     <span class='ocr_line' id='line_1_41' title="bbox 669 4982 2216 5088; baseline -0.005 -24"><span class='ocrx_word' id='word_1_219' title='bbox 669 4986 1190 5088; x_wconf 89' lang='lat' dir='ltr'>terpositionis</span> <span class='ocrx_word' id='word_1_220' title='bbox 1255 4982 1474 5058; x_wconf 84' lang='lat' dir='ltr'>terrae</span> <span class='ocrx_word' id='word_1_221' title='bbox 1542 4983 1740 5057; x_wconf 91' lang='lat' dir='ltr'>inter</span> <span class='ocrx_word' id='word_1_222' title='bbox 1812 4983 2068 5057; x_wconf 88' lang='lat' dir='ltr'>Solem</span> <span class='ocrx_word' id='word_1_223' title='bbox 2139 4992 2216 5057; x_wconf 89' lang='lat' dir='ltr'>et</span> 
     </span>
     <span class='ocr_line' id='line_1_42' title="bbox 667 5099 2213 5198; baseline -0.005 -15"><span class='ocrx_word' id='word_1_224' title='bbox 667 5109 1007 5198; x_wconf 83' lang='lat' dir='ltr'>Luna1n3</span> <span class='ocrx_word' id='word_1_225' title='bbox 1054 5103 1264 5178; x_wconf 88' lang='lat' dir='ltr'>etita</span> <span class='ocrx_word' id='word_1_226' title='bbox 1303 5110 1417 5174; x_wconf 90' lang='lat' dir='ltr'>est</span> <span class='ocrx_word' id='word_1_227' title='bbox 1479 5099 1831 5174; x_wconf 86' lang='lat' dir='ltr'>similiter</span> <span class='ocrx_word' id='word_1_228' title='bbox 1889 5101 1980 5174; x_wconf 89' lang='lat' dir='ltr'>de</span> <span class='ocrx_word' id='word_1_229' title='bbox 2041 5101 2213 5177; x_wconf 90' lang='lat' dir='ltr'>aliis</span> 
     </span>
     <span class='ocr_line' id='line_1_43' title="bbox 666 5217 2206 5322; baseline -0.005 -23"><span class='ocrx_word' id='word_1_230' title='bbox 666 5224 909 5322; x_wconf 88' lang='lat' dir='ltr'>signis</span> <span class='ocrx_word' id='word_1_231' title='bbox 934 5219 1442 5296; x_wconf 89' lang='lat' dir='ltr'>naturalibus.</span> <span class='ocrx_word' id='word_1_232' title='bbox 1473 5217 1698 5291; x_wconf 82' lang='lat' dir='ltr'>Aliud</span> <span class='ocrx_word' id='word_1_233' title='bbox 1723 5229 1836 5292; x_wconf 90' lang='lat' dir='ltr'>est</span> <span class='ocrx_word' id='word_1_234' title='bbox 1867 5218 2206 5314; x_wconf 89' lang='lat' dir='ltr'>siguum,</span> 
     </span>
     <span class='ocr_line' id='line_1_44' title="bbox 665 5336 2214 5441; baseline -0.005 -23"><span class='ocrx_word' id='word_1_235' title='bbox 665 5342 870 5441; x_wconf 91' lang='lat' dir='ltr'>quod</span> <span class='ocrx_word' id='word_1_236' title='bbox 913 5363 1065 5413; x_wconf 88' lang='lat' dir='ltr'>non</span> <span class='ocrx_word' id='word_1_237' title='bbox 1112 5337 1340 5410; x_wconf 86' lang='lat' dir='ltr'>habet</span> <span class='ocrx_word' id='word_1_238' title='bbox 1389 5358 1615 5409; x_wconf 86' lang='lat' dir='ltr'>suurn</span> <span class='ocrx_word' id='word_1_239' title='bbox 1657 5336 2041 5430; x_wconf 87' lang='lat' dir='ltr'>signatum</span> <span class='ocrx_word' id='word_1_240' title='bbox 2101 5361 2214 5412; x_wconf 89' lang='lat' dir='ltr'>se-</span> 
     </span>
     <span class='ocr_line' id='line_1_45' title="bbox 664 5452 2210 5553; baseline -0.018 -17"><span class='ocrx_word' id='word_1_241' title='bbox 664 5485 870 5552; x_wconf 85' lang='lat' dir='ltr'>cum,</span> <span class='ocrx_word' id='word_1_242' title='bbox 909 5453 1337 5553; x_wconf 88' lang='lat' dir='ltr'>cujusmodi</span> <span class='ocrx_word' id='word_1_243' title='bbox 1381 5452 1688 5548; x_wconf 86' lang='lat' dir='ltr'>signum</span> <span class='ocrx_word' id='word_1_244' title='bbox 1722 5462 1838 5529; x_wconf 88' lang='lat' dir='ltr'>est</span> <span class='ocrx_word' id='word_1_245' title='bbox 1868 5454 2210 5553; x_wconf 74' lang='lat' dir='ltr'>proposi-</span> 
     </span>
     <span class='ocr_line' id='line_1_46' title="bbox 666 5570 2211 5675; baseline -0.005 -21"><span class='ocrx_word' id='word_1_246' title='bbox 666 5581 767 5654; x_wconf 92' lang='lat' dir='ltr'>tio</span> <span class='ocrx_word' id='word_1_247' title='bbox 812 5598 1043 5675; x_wconf 79' lang='lat' dir='ltr'>quain</span> <span class='ocrx_word' id='word_1_248' title='bbox 1102 5570 1588 5670; x_wconf 81' lang='lat' dir='ltr'>proferimuS,</span> <span class='ocrx_word' id='word_1_249' title='bbox 1645 5571 1829 5668; x_wconf 86' lang='lat' dir='ltr'>quia</span> <span class='ocrx_word' id='word_1_250' title='bbox 1888 5596 2038 5647; x_wconf 92' lang='lat' dir='ltr'>non</span> <span class='ocrx_word' id='word_1_251' title='bbox 2097 5583 2211 5648; x_wconf 91' lang='lat' dir='ltr'>est</span> 
     </span>
    </p>
   </div>
   <div class='ocr_carea' id='block_1_4' title="bbox 339 1165 607 1353">
    <p class='ocr_par' dir='ltr' id='par_1_4' title="bbox 339 1165 607 1353">
     <span class='ocr_line' id='line_1_47' title="bbox 365 1165 589 1224; baseline -0.013 -10"><span class='ocrx_word' id='word_1_252' title='bbox 365 1165 589 1224; x_wconf 64' lang='lat' dir='ltr'>Signum</span> 
     </span>
     <span class='ocr_line' id='line_1_48' title="bbox 431 1226 540 1275; baseline -0.009 0"><span class='ocrx_word' id='word_1_253' title='bbox 431 1226 540 1275; x_wconf 87' lang='lat' dir='ltr'>duo</span> 
     </span>
     <span class='ocr_line' id='line_1_49' title="bbox 339 1290 607 1353; baseline -0.011 -14"><span class='ocrx_word' id='word_1_254' title='bbox 339 1290 607 1353; x_wconf 81' lang='lat' dir='ltr'>importat.</span> 
     </span>
    </p>
   </div>
   <div class='ocr_carea' id='block_1_5' title="bbox 335 2998 621 3053">
    <p class='ocr_par' dir='ltr' id='par_1_5' title="bbox 335 2998 621 3053">
     <span class='ocr_line' id='line_1_50' title="bbox 335 2998 621 3053; baseline -0.003 -4"><span class='ocrx_word' id='word_1_255' title='bbox 335 3000 514 3053; x_wconf 72' lang='lat' dir='ltr'>Prima</span> <span class='ocrx_word' id='word_1_256' title='bbox 547 2998 621 3048; x_wconf 72' lang='lat' dir='ltr'>si·</span> 
     </span>
    </p>
   </div>
   <div class='ocr_carea' id='block_1_6' title="bbox 2085 360 2499 432">
    <p class='ocr_par' dir='ltr' id='par_1_6' title="bbox 2085 360 2499 432">
     <span class='ocr_line' id='line_1_51' title="bbox 2085 360 2499 432; baseline 0.007 -3"><span class='ocrx_word' id='word_1_257' title='bbox 2085 361 2327 430; x_wconf 83' lang='lat' dir='ltr'>LIBRI</span> <span class='ocrx_word' id='word_1_258' title='bbox 2374 360 2499 432; x_wconf 89' lang='lat' dir='ltr'>IV.</span> 
     </span>
    </p>
   </div>
   <div class='ocr_carea' id='block_1_7' title="bbox 2319 528 4217 1926">
    <p class='ocr_par' dir='ltr' id='par_1_7' title="bbox 2319 528 4217 1926">
     <span class='ocr_line' id='line_1_52' title="bbox 2325 528 3866 631; baseline -0.003 -26"><span class='ocrx_word' id='word_1_259' title='bbox 2325 534 2400 606; x_wconf 89' lang='lat' dir='ltr'>in</span> <span class='ocrx_word' id='word_1_260' title='bbox 2436 541 2806 631; x_wconf 86' lang='lat' dir='ltr'>potestate</span> <span class='ocrx_word' id='word_1_261' title='bbox 2839 541 3098 606; x_wconf 90' lang='lat' dir='ltr'>nostra</span> <span class='ocrx_word' id='word_1_262' title='bbox 3125 531 3330 628; x_wconf 87' lang='lat' dir='ltr'>quod</span> <span class='ocrx_word' id='word_1_263' title='bbox 3356 532 3498 605; x_wconf 84' lang='lat' dir='ltr'>tale</span> <span class='ocrx_word' id='word_1_264' title='bbox 3529 528 3866 625; x_wconf 85' lang='lat' dir='ltr'>signum,</span> 
     </span>
     <span class='ocr_line' id='line_1_53' title="bbox 2327 649 3873 749; baseline -0.005 -25"><span class='ocrx_word' id='word_1_265' title='bbox 2327 660 2405 724; x_wconf 97' lang='lat' dir='ltr'>ut</span> <span class='ocrx_word' id='word_1_266' title='bbox 2464 651 2907 749; x_wconf 83' lang='lat' dir='ltr'>propositio,</span> <span class='ocrx_word' id='word_1_267' title='bbox 2988 673 3249 725; x_wconf 89' lang='lat' dir='ltr'>secum</span> <span class='ocrx_word' id='word_1_268' title='bbox 3321 649 3600 724; x_wconf 79' lang='lat' dir='ltr'>habeat</span> <span class='ocrx_word' id='word_1_269' title='bbox 3713 669 3873 720; x_wconf 86' lang='lat' dir='ltr'>rem</span> 
     </span>
     <span class='ocr_line' id='line_1_54' title="bbox 2323 765 3872 863; baseline -0.006 -21"><span class='ocrx_word' id='word_1_270' title='bbox 2323 789 2554 863; x_wconf 79' lang='lat' dir='ltr'>quain</span> <span class='ocrx_word' id='word_1_271' title='bbox 2597 766 3009 863; x_wconf 85' lang='lat' dir='ltr'>significat,</span> <span class='ocrx_word' id='word_1_272' title='bbox 3055 777 3129 841; x_wconf 89' lang='lat' dir='ltr'>et</span> <span class='ocrx_word' id='word_1_273' title='bbox 3160 768 3304 840; x_wconf 90' lang='lat' dir='ltr'>hoc</span> <span class='ocrx_word' id='word_1_274' title='bbox 3347 765 3656 861; x_wconf 89' lang='lat' dir='ltr'>signum</span> <span class='ocrx_word' id='word_1_275' title='bbox 3721 786 3872 834; x_wconf 90' lang='lat' dir='ltr'>non</span> 
     </span>
     <span class='ocr_line' id='line_1_55' title="bbox 2322 881 3873 984; baseline -0.005 -23"><span class='ocrx_word' id='word_1_276' title='bbox 2322 896 2437 961; x_wconf 91' lang='lat' dir='ltr'>est</span> <span class='ocrx_word' id='word_1_277' title='bbox 2504 909 2809 984; x_wconf 88' lang='lat' dir='ltr'>semper</span> <span class='ocrx_word' id='word_1_278' title='bbox 2885 909 3186 979; x_wconf 88' lang='lat' dir='ltr'>verum,</span> <span class='ocrx_word' id='word_1_279' title='bbox 3246 884 3379 959; x_wconf 90' lang='lat' dir='ltr'>sed</span> <span class='ocrx_word' id='word_1_280' title='bbox 3456 881 3873 980; x_wconf 87' lang='lat' dir='ltr'>aliquando</span> 
     </span>
     <span class='ocr_line' id='line_1_56' title="bbox 2325 1004 2630 1078; baseline 0.003 -2"><span class='ocrx_word' id='word_1_281' title='bbox 2325 1004 2630 1078; x_wconf 81' lang='lat' dir='ltr'>falsum.</span> 
     </span>
     <span class='ocr_line' id='line_1_57' title="bbox 2416 1114 4217 1245; baseline -0.004 -51"><span class='ocrx_word' id='word_1_282' title='bbox 2416 1121 2666 1195; x_wconf 89' lang='lat' dir='ltr'>Tertia</span> <span class='ocrx_word' id='word_1_283' title='bbox 2707 1121 2936 1196; x_wconf 90' lang='lat' dir='ltr'>etiam</span> <span class='ocrx_word' id='word_1_284' title='bbox 2970 1130 3083 1195; x_wconf 90' lang='lat' dir='ltr'>est</span> <span class='ocrx_word' id='word_1_285' title='bbox 3116 1120 3390 1194; x_wconf 87' lang='lat' dir='ltr'>divisio</span> <span class='ocrx_word' id='word_1_286' title='bbox 3434 1118 3636 1215; x_wconf 87' lang='lat' dir='ltr'>signi</span> <span class='ocrx_word' id='word_1_287' title='bbox 3669 1117 3746 1190; x_wconf 91' lang='lat' dir='ltr'>in</span> <span class='ocrx_word' id='word_1_288' title='bbox 3781 1116 3873 1189; x_wconf 91' lang='lat' dir='ltr'>si·</span> <span class='ocrx_word' id='word_1_289' title='bbox 3902 1114 4217 1245; x_wconf 43' lang='lat' dir='ltr'>gll&#39;ffissigi}</span> 
     </span>
     <span class='ocr_line' id='line_1_58' title="bbox 2320 1240 3873 1337; baseline 0 -26"><span class='ocrx_word' id='word_1_290' title='bbox 2320 1263 2558 1335; x_wconf 93' lang='lat' dir='ltr'>gnum</span> <span class='ocrx_word' id='word_1_291' title='bbox 2595 1240 3269 1315; x_wconf 86' lang='lat' dir='ltr'>rememorativum</span> <span class='ocrx_word' id='word_1_292' title='bbox 3301 1248 3648 1337; x_wconf 90' lang='lat' dir='ltr'>respectu</span> <span class='ocrx_word' id='word_1_293' title='bbox 3685 1261 3873 1336; x_wconf 82' lang='lat' dir='ltr'>prae-</span> 
     </span>
     <span class='ocr_line' id='line_1_59' title="bbox 2323 1358 3867 1457; baseline 0.001 -27"><span class='ocrx_word' id='word_1_294' title='bbox 2323 1358 2519 1433; x_wconf 90' lang='lat' dir='ltr'>teriti</span> <span class='ocrx_word' id='word_1_295' title='bbox 2568 1359 2803 1446; x_wconf 86' lang='lat' dir='ltr'>;etin</span> <span class='ocrx_word' id='word_1_296' title='bbox 2872 1360 3453 1457; x_wconf 89' lang='lat' dir='ltr'>prognosticum</span> <span class='ocrx_word' id='word_1_297' title='bbox 3514 1368 3867 1455; x_wconf 85' lang='lat' dir='ltr'>respectu</span> 
     </span>
     <span class='ocr_line' id='line_1_60' title="bbox 2319 1474 3872 1572; baseline -0.001 -24"><span class='ocrx_word' id='word_1_298' title='bbox 2319 1474 2554 1551; x_wconf 87' lang='lat' dir='ltr'>futuri</span> <span class='ocrx_word' id='word_1_299' title='bbox 2576 1503 2596 1570; x_wconf 92' lang='lat'>;</span> <span class='ocrx_word' id='word_1_300' title='bbox 2650 1485 2725 1551; x_wconf 90' lang='lat' dir='ltr'>et</span> <span class='ocrx_word' id='word_1_301' title='bbox 2781 1476 2859 1549; x_wconf 91' lang='lat' dir='ltr'>in</span> <span class='ocrx_word' id='word_1_302' title='bbox 2928 1476 3237 1572; x_wconf 90' lang='lat' dir='ltr'>signum</span> <span class='ocrx_word' id='word_1_303' title='bbox 3326 1474 3872 1550; x_wconf 88' lang='lat' dir='ltr'>demonstrati-</span> 
     </span>
     <span class='ocr_line' id='line_1_61' title="bbox 2321 1592 3362 1690; baseline 0 -26"><span class='ocrx_word' id='word_1_304' title='bbox 2321 1615 2504 1665; x_wconf 89' lang='lat' dir='ltr'>vum</span> <span class='ocrx_word' id='word_1_305' title='bbox 2545 1602 2897 1689; x_wconf 89' lang='lat' dir='ltr'>respectu</span> <span class='ocrx_word' id='word_1_306' title='bbox 2933 1592 3362 1690; x_wconf 77' lang='lat' dir='ltr'>praesentis.</span> 
     </span>
     <span class='ocr_line' id='line_1_62' title="bbox 2416 1710 4099 1808; baseline -0.001 -26"><span class='ocrx_word' id='word_1_307' title='bbox 2416 1710 2529 1783; x_wconf 89' lang='lat' dir='ltr'>Ad</span> <span class='ocrx_word' id='word_1_308' title='bbox 2562 1710 3069 1807; x_wconf 87' lang='lat' dir='ltr'>propositum,</span> <span class='ocrx_word' id='word_1_309' title='bbox 3101 1711 3271 1784; x_wconf 91' lang='lat' dir='ltr'>dico</span> <span class='ocrx_word' id='word_1_310' title='bbox 3305 1710 3511 1808; x_wconf 89' lang='lat' dir='ltr'>quod</span> <span class='ocrx_word' id='word_1_311' title='bbox 3559 1710 3867 1805; x_wconf 89' lang='lat' dir='ltr'>signum</span> <span class='ocrx_word' id='word_1_312' title='bbox 4035 1733 4099 1798; x_wconf 68' lang='lat'>4,</span> 
     </span>
     <span class='ocr_line' id='line_1_63' title="bbox 2319 1828 4197 1926; baseline -0.001 -26"><span class='ocrx_word' id='word_1_313' title='bbox 2319 1828 2753 1903; x_wconf 89' lang='lat' dir='ltr'>institutum</span> <span class='ocrx_word' id='word_1_314' title='bbox 2806 1852 2852 1904; x_wconf 91' lang='lat' dir='ltr'>a</span> <span class='ocrx_word' id='word_1_315' title='bbox 2916 1830 3077 1904; x_wconf 88' lang='lat' dir='ltr'>Deo</span> <span class='ocrx_word' id='word_1_316' title='bbox 3136 1830 3230 1904; x_wconf 89' lang='lat' dir='ltr'>ad</span> <span class='ocrx_word' id='word_1_317' title='bbox 3281 1829 3866 1926; x_wconf 85' lang='lat' dir='ltr'>significandam</span> <span class='ocrx_word' id='word_1_318' title='bbox 3924 1849 4088 1908; x_wconf 73' lang='lat' dir='ltr'>Quaie</span> <span class='ocrx_word' id='word_1_319' title='bbox 4126 1851 4197 1899; x_wconf 73' lang='lat' dir='ltr'>sit</span> 
     </span>
    </p>
   </div>
   <div class='ocr_carea' id='block_1_8' title="bbox 2319 1913 4192 2042">
    <p class='ocr_par' dir='ltr' id='par_1_8' title="bbox 2319 1913 4192 2042">
     <span class='ocr_line' id='line_1_64' title="bbox 2319 1913 4192 2042; baseline 0.004 -25"><span class='ocrx_word' id='word_1_320' title='bbox 2319 1945 2671 2042; x_wconf 90' lang='lat' dir='ltr'>gratiam,</span> <span class='ocrx_word' id='word_1_321' title='bbox 2718 1969 2872 2018; x_wconf 90' lang='lat' dir='ltr'>non</span> <span class='ocrx_word' id='word_1_322' title='bbox 2946 1954 3060 2020; x_wconf 91' lang='lat' dir='ltr'>est</span> <span class='ocrx_word' id='word_1_323' title='bbox 3126 1946 3433 2042; x_wconf 91' lang='lat' dir='ltr'>signum</span> <span class='ocrx_word' id='word_1_324' title='bbox 3488 1945 3865 2039; x_wconf 86' lang='lat' dir='ltr'>naturale,</span> <span class='ocrx_word' id='word_1_325' title='bbox 3956 1913 4192 2035; x_wconf 51' lang='lat' dir='ltr'>ssgssg‘a</span> 
     </span>
    </p>
   </div>
   <div class='ocr_carea' id='block_1_9' title="bbox 2319 2036 4201 5562">
    <p class='ocr_par' dir='ltr' id='par_1_9' title="bbox 2319 2036 4201 5562">
     <span class='ocr_line' id='line_1_65' title="bbox 2320 2036 4201 2162; baseline 0.001 -25"><span class='ocrx_word' id='word_1_326' title='bbox 2320 2062 2504 2161; x_wconf 86' lang='lat' dir='ltr'>quia</span> <span class='ocrx_word' id='word_1_327' title='bbox 2537 2065 2676 2137; x_wconf 88' lang='lat' dir='ltr'>tale</span> <span class='ocrx_word' id='word_1_328' title='bbox 2709 2063 3016 2160; x_wconf 90' lang='lat' dir='ltr'>signum</span> <span class='ocrx_word' id='word_1_329' title='bbox 3056 2088 3212 2138; x_wconf 89' lang='lat' dir='ltr'>non</span> <span class='ocrx_word' id='word_1_330' title='bbox 3257 2071 3512 2162; x_wconf 90' lang='lat' dir='ltr'>posset</span> <span class='ocrx_word' id='word_1_331' title='bbox 3550 2086 3717 2138; x_wconf 90' lang='lat' dir='ltr'>esse</span> <span class='ocrx_word' id='word_1_332' title='bbox 3751 2085 3872 2137; x_wconf 81' lang='lat' dir='ltr'>ve·</span> <span class='ocrx_word' id='word_1_333' title='bbox 3899 2036 4201 2153; x_wconf 53' lang='lat' dir='ltr'>D‘Zffitiffi‘ff‘</span> 
     </span>
     <span class='ocr_line' id='line_1_66' title="bbox 2320 2180 3866 2279; baseline 0.001 -26"><span class='ocrx_word' id='word_1_334' title='bbox 2320 2204 2492 2254; x_wconf 91' lang='lat' dir='ltr'>rum</span> <span class='ocrx_word' id='word_1_335' title='bbox 2546 2191 2924 2278; x_wconf 85' lang='lat' dir='ltr'>quantum</span> <span class='ocrx_word' id='word_1_336' title='bbox 2959 2191 3075 2256; x_wconf 85' lang='lat' dir='ltr'>est</span> <span class='ocrx_word' id='word_1_337' title='bbox 3113 2205 3205 2256; x_wconf 87' lang='lat' dir='ltr'>ex</span> <span class='ocrx_word' id='word_1_338' title='bbox 3236 2192 3449 2279; x_wconf 88' lang='lat' dir='ltr'>parte</span> <span class='ocrx_word' id='word_1_339' title='bbox 3510 2180 3657 2271; x_wconf 85' lang='lat' dir='ltr'>sui,</span> <span class='ocrx_word' id='word_1_340' title='bbox 3699 2180 3866 2255; x_wconf 92' lang='lat' dir='ltr'>sine</span> 
     </span>
     <span class='ocr_line' id='line_1_67' title="bbox 2320 2295 3870 2395; baseline -0.001 -25"><span class='ocrx_word' id='word_1_341' title='bbox 2320 2295 2620 2393; x_wconf 86' lang='lat' dir='ltr'>signato</span> <span class='ocrx_word' id='word_1_342' title='bbox 2661 2319 2754 2370; x_wconf 86' lang='lat' dir='ltr'>ex</span> <span class='ocrx_word' id='word_1_343' title='bbox 2796 2307 3073 2372; x_wconf 90' lang='lat' dir='ltr'>natura</span> <span class='ocrx_word' id='word_1_344' title='bbox 3116 2297 3253 2383; x_wconf 89' lang='lat' dir='ltr'>rei,</span> <span class='ocrx_word' id='word_1_345' title='bbox 3287 2298 3472 2395; x_wconf 89' lang='lat' dir='ltr'>quia</span> <span class='ocrx_word' id='word_1_346' title='bbox 3503 2297 3746 2370; x_wconf 85' lang='lat' dir='ltr'>oritur</span> <span class='ocrx_word' id='word_1_347' title='bbox 3776 2320 3870 2371; x_wconf 84' lang='lat' dir='ltr'>ex</span> 
     </span>
     <span class='ocr_line' id='line_1_68' title="bbox 2322 2413 3870 2510; baseline 0.001 -25"><span class='ocrx_word' id='word_1_348' title='bbox 2322 2421 2598 2486; x_wconf 87' lang='lat' dir='ltr'>natura</span> <span class='ocrx_word' id='word_1_349' title='bbox 2637 2436 2954 2506; x_wconf 82' lang='lat' dir='ltr'>rerum3</span> <span class='ocrx_word' id='word_1_350' title='bbox 3013 2413 3147 2488; x_wconf 89' lang='lat' dir='ltr'>sed</span> <span class='ocrx_word' id='word_1_351' title='bbox 3206 2414 3531 2510; x_wconf 88' lang='lat' dir='ltr'>gratiam</span> <span class='ocrx_word' id='word_1_352' title='bbox 3594 2414 3870 2487; x_wconf 84' lang='lat' dir='ltr'>Sacra-</span> 
     </span>
     <span class='ocr_line' id='line_1_69' title="bbox 2325 2529 3871 2625; baseline 0.001 -24"><span class='ocrx_word' id='word_1_353' title='bbox 2325 2538 2669 2603; x_wconf 90' lang='lat' dir='ltr'>mentum</span> <span class='ocrx_word' id='word_1_354' title='bbox 2706 2553 2857 2603; x_wconf 93' lang='lat' dir='ltr'>non</span> <span class='ocrx_word' id='word_1_355' title='bbox 2905 2529 3137 2605; x_wconf 90' lang='lat' dir='ltr'>habet</span> <span class='ocrx_word' id='word_1_356' title='bbox 3183 2538 3265 2603; x_wconf 92' lang='lat' dir='ltr'>ut</span> <span class='ocrx_word' id='word_1_357' title='bbox 3323 2530 3710 2625; x_wconf 85' lang='lat' dir='ltr'>signatum</span> <span class='ocrx_word' id='word_1_358' title='bbox 3780 2554 3871 2605; x_wconf 84' lang='lat' dir='ltr'>ex</span> 
     </span>
     <span class='ocr_line' id='line_1_70' title="bbox 2325 2645 3872 2739; baseline 0.001 -22"><span class='ocrx_word' id='word_1_359' title='bbox 2325 2655 2601 2720; x_wconf 88' lang='lat' dir='ltr'>natura</span> <span class='ocrx_word' id='word_1_360' title='bbox 2633 2645 2772 2739; x_wconf 89' lang='lat' dir='ltr'>rei,</span> <span class='ocrx_word' id='word_1_361' title='bbox 2837 2646 2969 2721; x_wconf 91' lang='lat' dir='ltr'>sed</span> <span class='ocrx_word' id='word_1_362' title='bbox 3012 2670 3105 2721; x_wconf 87' lang='lat' dir='ltr'>ex</span> <span class='ocrx_word' id='word_1_363' title='bbox 3171 2646 3680 2721; x_wconf 90' lang='lat' dir='ltr'>institutione.</span> <span class='ocrx_word' id='word_1_364' title='bbox 3715 2647 3872 2721; x_wconf 80' lang='lat' dir='ltr'>Nec</span> 
     </span>
     <span class='ocr_line' id='line_1_71' title="bbox 2324 2761 3872 2860; baseline 0.001 -25"><span class='ocrx_word' id='word_1_365' title='bbox 2324 2771 2439 2835; x_wconf 89' lang='lat' dir='ltr'>est</span> <span class='ocrx_word' id='word_1_366' title='bbox 2495 2761 2801 2857; x_wconf 90' lang='lat' dir='ltr'>signum</span> <span class='ocrx_word' id='word_1_367' title='bbox 2885 2762 3189 2859; x_wconf 79' lang='lat' dir='ltr'>falsum,</span> <span class='ocrx_word' id='word_1_368' title='bbox 3247 2763 3429 2860; x_wconf 88' lang='lat' dir='ltr'>quia</span> <span class='ocrx_word' id='word_1_369' title='bbox 3483 2775 3686 2852; x_wconf 82' lang='lat' dir='ltr'>tunc,</span> <span class='ocrx_word' id='word_1_370' title='bbox 3756 2764 3872 2836; x_wconf 76' lang='lat' dir='ltr'>vel</span> 
     </span>
     <span class='ocr_line' id='line_1_72' title="bbox 2324 2877 3872 2977; baseline 0 -27"><span class='ocrx_word' id='word_1_371' title='bbox 2324 2877 2606 2951; x_wconf 83' lang='lat' dir='ltr'>frustra</span> <span class='ocrx_word' id='word_1_372' title='bbox 2645 2888 3138 2973; x_wconf 88' lang='lat' dir='ltr'>statueretur,</span> <span class='ocrx_word' id='word_1_373' title='bbox 3205 2880 3388 2977; x_wconf 89' lang='lat' dir='ltr'>quia</span> <span class='ocrx_word' id='word_1_374' title='bbox 3442 2881 3704 2954; x_wconf 91' lang='lat' dir='ltr'>nullus</span> <span class='ocrx_word' id='word_1_375' title='bbox 3765 2878 3872 2952; x_wconf 91' lang='lat' dir='ltr'>illi</span> 
     </span>
     <span class='ocr_line' id='line_1_73' title="bbox 2327 2993 3874 3090; baseline 0.001 -23"><span class='ocrx_word' id='word_1_376' title='bbox 2327 2993 2547 3090; x_wconf 92' lang='lat' dir='ltr'>signo</span> <span class='ocrx_word' id='word_1_377' title='bbox 2590 2995 2988 3087; x_wconf 84' lang='lat' dir='ltr'>crederet3</span> <span class='ocrx_word' id='word_1_378' title='bbox 3038 2998 3154 3070; x_wconf 89' lang='lat' dir='ltr'>vel</span> <span class='ocrx_word' id='word_1_379' title='bbox 3224 2996 3286 3070; x_wconf 92' lang='lat' dir='ltr'>si</span> <span class='ocrx_word' id='word_1_380' title='bbox 3343 2997 3699 3070; x_wconf 88' lang='lat' dir='ltr'>credatur</span> <span class='ocrx_word' id='word_1_381' title='bbox 3765 2996 3874 3069; x_wconf 89' lang='lat' dir='ltr'>illi</span> 
     </span>
     <span class='ocr_line' id='line_1_74' title="bbox 2327 3112 3872 3210; baseline 0.001 -25"><span class='ocrx_word' id='word_1_382' title='bbox 2327 3112 2550 3209; x_wconf 89' lang='lat' dir='ltr'>signo</span> <span class='ocrx_word' id='word_1_383' title='bbox 2620 3113 2826 3210; x_wconf 85' lang='lat' dir='ltr'>quod</span> <span class='ocrx_word' id='word_1_384' title='bbox 2915 3112 3298 3210; x_wconf 82' lang='lat' dir='ltr'>significet</span> <span class='ocrx_word' id='word_1_385' title='bbox 3378 3114 3729 3209; x_wconf 82' lang='lat' dir='ltr'>gratiam,</span> <span class='ocrx_word' id='word_1_386' title='bbox 3805 3124 3872 3188; x_wconf 85' lang='lat' dir='ltr'>et</span> 
     </span>
     <span class='ocr_line' id='line_1_75' title="bbox 2328 3234 4014 3332; baseline 0.001 -26"><span class='ocrx_word' id='word_1_387' title='bbox 2328 3234 2574 3330; x_wconf 87' lang='lat' dir='ltr'>gratia</span> <span class='ocrx_word' id='word_1_388' title='bbox 2605 3258 2758 3308; x_wconf 93' lang='lat' dir='ltr'>non</span> <span class='ocrx_word' id='word_1_389' title='bbox 2812 3234 3064 3327; x_wconf 89' lang='lat' dir='ltr'>datur,</span> <span class='ocrx_word' id='word_1_390' title='bbox 3125 3257 3268 3309; x_wconf 90' lang='lat' dir='ltr'>nec</span> <span class='ocrx_word' id='word_1_391' title='bbox 3330 3237 3878 3332; x_wconf 86' lang='lat' dir='ltr'>correspondet</span> <span class='ocrx_word' id='word_1_392' title='bbox 3991 3295 4014 3307; x_wconf 71' lang='grc'><strong><em>,</em></strong></span> 
     </span>
     <span class='ocr_line' id='line_1_76' title="bbox 2328 3349 3881 3447; baseline 0.004 -23"><span class='ocrx_word' id='word_1_393' title='bbox 2328 3349 2748 3446; x_wconf 88' lang='lat' dir='ltr'>signatum,</span> <span class='ocrx_word' id='word_1_394' title='bbox 2819 3373 3002 3447; x_wconf 91' lang='lat' dir='ltr'>ergo</span> <span class='ocrx_word' id='word_1_395' title='bbox 3036 3351 3246 3425; x_wconf 91' lang='lat' dir='ltr'>Deus</span> <span class='ocrx_word' id='word_1_396' title='bbox 3279 3350 3412 3425; x_wconf 92' lang='lat' dir='ltr'>illo</span> <span class='ocrx_word' id='word_1_397' title='bbox 3473 3351 3694 3447; x_wconf 89' lang='lat' dir='ltr'>signo</span> <span class='ocrx_word' id='word_1_398' title='bbox 3743 3352 3881 3430; x_wconf 81' lang='lat' dir='ltr'>de-</span> 
     </span>
     <span class='ocr_line' id='line_1_77' title="bbox 2328 3466 3877 3566; baseline 0.002 -28"><span class='ocrx_word' id='word_1_399' title='bbox 2328 3466 2616 3564; x_wconf 89' lang='lat' dir='ltr'>ciperet</span> <span class='ocrx_word' id='word_1_400' title='bbox 2694 3467 3071 3542; x_wconf 91' lang='lat' dir='ltr'>homines.</span> <span class='ocrx_word' id='word_1_401' title='bbox 3111 3470 3243 3542; x_wconf 90' lang='lat' dir='ltr'>Est</span> <span class='ocrx_word' id='word_1_402' title='bbox 3310 3492 3492 3566; x_wconf 89' lang='lat' dir='ltr'>ergo</span> <span class='ocrx_word' id='word_1_403' title='bbox 3570 3469 3877 3564; x_wconf 82' lang='lat' dir='ltr'>signum</span> 
     </span>
     <span class='ocr_line' id='line_1_78' title="bbox 2328 3587 3883 3686; baseline 0.001 -27"><span class='ocrx_word' id='word_1_404' title='bbox 2328 3609 2596 3660; x_wconf 88' lang='lat' dir='ltr'>verum</span> <span class='ocrx_word' id='word_1_405' title='bbox 2633 3587 2929 3661; x_wconf 90' lang='lat' dir='ltr'>habens</span> <span class='ocrx_word' id='word_1_406' title='bbox 2980 3611 3243 3662; x_wconf 90' lang='lat' dir='ltr'>secum</span> <span class='ocrx_word' id='word_1_407' title='bbox 3295 3611 3601 3685; x_wconf 89' lang='lat' dir='ltr'>semper</span> <span class='ocrx_word' id='word_1_408' title='bbox 3640 3612 3883 3686; x_wconf 85' lang='lat' dir='ltr'>quan-</span> 
     </span>
     <span class='ocr_line' id='line_1_79' title="bbox 2328 3704 3881 3802; baseline 0.003 -27"><span class='ocrx_word' id='word_1_409' title='bbox 2328 3711 2491 3776; x_wconf 87' lang='lat' dir='ltr'>tum</span> <span class='ocrx_word' id='word_1_410' title='bbox 2546 3712 2660 3777; x_wconf 87' lang='lat' dir='ltr'>est</span> <span class='ocrx_word' id='word_1_411' title='bbox 2716 3727 2808 3778; x_wconf 89' lang='lat' dir='ltr'>ex</span> <span class='ocrx_word' id='word_1_412' title='bbox 2867 3713 3083 3802; x_wconf 89' lang='lat' dir='ltr'>parte</span> <span class='ocrx_word' id='word_1_413' title='bbox 3162 3704 3280 3778; x_wconf 90' lang='lat' dir='ltr'>sui</span> <span class='ocrx_word' id='word_1_414' title='bbox 3324 3730 3549 3779; x_wconf 90' lang='lat' dir='ltr'>suum</span> <span class='ocrx_word' id='word_1_415' title='bbox 3613 3707 3881 3801; x_wconf 88' lang='lat' dir='ltr'>signa-</span> 
     </span>
     <span class='ocr_line' id='line_1_80' title="bbox 2329 3821 3873 3920; baseline 0.004 -28"><span class='ocrx_word' id='word_1_416' title='bbox 2329 3829 2514 3906; x_wconf 89' lang='lat' dir='ltr'>tum,</span> <span class='ocrx_word' id='word_1_417' title='bbox 2577 3832 2660 3894; x_wconf 90' lang='lat' dir='ltr'>ut</span> <span class='ocrx_word' id='word_1_418' title='bbox 2714 3821 3036 3916; x_wconf 85' lang='lat' dir='ltr'>gratiam</span> <span class='ocrx_word' id='word_1_419' title='bbox 3116 3846 3347 3919; x_wconf 88' lang='lat' dir='ltr'>quam</span> <span class='ocrx_word' id='word_1_420' title='bbox 3440 3823 3873 3920; x_wconf 85' lang='lat' dir='ltr'>significat;</span> 
     </span>
     <span class='ocr_line' id='line_1_81' title="bbox 2330 3935 3877 4032; baseline 0.003 -24"><span class='ocrx_word' id='word_1_421' title='bbox 2330 3935 2744 4032; x_wconf 89' lang='lat' dir='ltr'>aliquando</span> <span class='ocrx_word' id='word_1_422' title='bbox 2783 3946 3034 4011; x_wconf 86' lang='lat' dir='ltr'>tamen</span> <span class='ocrx_word' id='word_1_423' title='bbox 3098 3961 3251 4010; x_wconf 89' lang='lat' dir='ltr'>non</span> <span class='ocrx_word' id='word_1_424' title='bbox 3311 3939 3538 4012; x_wconf 86' lang='lat' dir='ltr'>habet</span> <span class='ocrx_word' id='word_1_425' title='bbox 3615 3965 3877 4014; x_wconf 88' lang='lat' dir='ltr'>secum</span> 
     </span>
     <span class='ocr_line' id='line_1_82' title="bbox 2329 4050 3880 4151; baseline 0.004 -28"><span class='ocrx_word' id='word_1_426' title='bbox 2329 4051 2398 4123; x_wconf 91' lang='lat' dir='ltr'>id</span> <span class='ocrx_word' id='word_1_427' title='bbox 2437 4052 2641 4148; x_wconf 90' lang='lat' dir='ltr'>quod</span> <span class='ocrx_word' id='word_1_428' title='bbox 2701 4050 3114 4147; x_wconf 84' lang='lat' dir='ltr'>significat,</span> <span class='ocrx_word' id='word_1_429' title='bbox 3157 4063 3238 4127; x_wconf 88' lang='lat' dir='ltr'>ut</span> <span class='ocrx_word' id='word_1_430' title='bbox 3290 4055 3616 4151; x_wconf 87' lang='lat' dir='ltr'>gratiam</span> <span class='ocrx_word' id='word_1_431' title='bbox 3678 4055 3880 4129; x_wconf 82' lang='lat' dir='ltr'>invi-</span> 
     </span>
     <span class='ocr_line' id='line_1_83' title="bbox 2327 4168 3876 4269; baseline 0.005 -30"><span class='ocrx_word' id='word_1_432' title='bbox 2327 4168 2656 4257; x_wconf 85' lang='lat' dir='ltr'>sibilem,</span> <span class='ocrx_word' id='word_1_433' title='bbox 2696 4169 2880 4266; x_wconf 90' lang='lat' dir='ltr'>quia</span> <span class='ocrx_word' id='word_1_434' title='bbox 2908 4170 3327 4266; x_wconf 91' lang='lat' dir='ltr'>aliquando</span> <span class='ocrx_word' id='word_1_435' title='bbox 3375 4173 3523 4246; x_wconf 89' lang='lat' dir='ltr'>tale</span> <span class='ocrx_word' id='word_1_436' title='bbox 3565 4173 3876 4269; x_wconf 87' lang='lat' dir='ltr'>signum</span> 
     </span>
     <span class='ocr_line' id='line_1_84' title="bbox 2326 4287 3876 4382; baseline 0.005 -24"><span class='ocrx_word' id='word_1_437' title='bbox 2326 4296 2573 4382; x_wconf 87' lang='lat' dir='ltr'>potest</span> <span class='ocrx_word' id='word_1_438' title='bbox 2666 4287 3032 4361; x_wconf 87' lang='lat' dir='ltr'>adhibere</span> <span class='ocrx_word' id='word_1_439' title='bbox 3116 4290 3434 4382; x_wconf 87' lang='lat' dir='ltr'>nolenti,</span> <span class='ocrx_word' id='word_1_440' title='bbox 3512 4290 3630 4364; x_wconf 80' lang='lat' dir='ltr'>vel</span> <span class='ocrx_word' id='word_1_441' title='bbox 3705 4290 3876 4367; x_wconf 84' lang='lat' dir='ltr'>sicle</span> 
     </span>
     <span class='ocr_line' id='line_1_85' title="bbox 2326 4403 3875 4504; baseline 0.005 -29"><span class='ocrx_word' id='word_1_442' title='bbox 2326 4403 2833 4491; x_wconf 84' lang='lat' dir='ltr'>antecedenti,</span> <span class='ocrx_word' id='word_1_443' title='bbox 2895 4413 2976 4476; x_wconf 86' lang='lat' dir='ltr'>ut</span> <span class='ocrx_word' id='word_1_444' title='bbox 3025 4403 3611 4479; x_wconf 85' lang='lat' dir='ltr'>Sacramentum</span> <span class='ocrx_word' id='word_1_445' title='bbox 3678 4409 3875 4504; x_wconf 92' lang='lat' dir='ltr'>Bap—</span> 
     </span>
     <span class='ocr_line' id='line_1_86' title="bbox 2326 4518 3874 4611; baseline 0.006 -21"><span class='ocrx_word' id='word_1_446' title='bbox 2326 4518 2557 4611; x_wconf 86' lang='lat' dir='ltr'>tismi,</span> <span class='ocrx_word' id='word_1_447' title='bbox 2622 4528 2692 4592; x_wconf 86' lang='lat' dir='ltr'>et</span> <span class='ocrx_word' id='word_1_448' title='bbox 2723 4528 2907 4592; x_wconf 91' lang='lat' dir='ltr'>tunc</span> <span class='ocrx_word' id='word_1_449' title='bbox 2940 4543 3095 4593; x_wconf 93' lang='lat' dir='ltr'>non</span> <span class='ocrx_word' id='word_1_450' title='bbox 3147 4522 3582 4597; x_wconf 88' lang='lat' dir='ltr'>necessario</span> <span class='ocrx_word' id='word_1_451' title='bbox 3644 4525 3874 4599; x_wconf 89' lang='lat' dir='ltr'>habet</span> 
     </span>
     <span class='ocr_line' id='line_1_87' title="bbox 2326 4634 3874 4738; baseline 0.003 -30"><span class='ocrx_word' id='word_1_452' title='bbox 2326 4658 2589 4708; x_wconf 88' lang='lat' dir='ltr'>secum</span> <span class='ocrx_word' id='word_1_453' title='bbox 2633 4634 2836 4732; x_wconf 87' lang='lat' dir='ltr'>quod</span> <span class='ocrx_word' id='word_1_454' title='bbox 2897 4635 3153 4730; x_wconf 87' lang='lat' dir='ltr'>signat</span> <span class='ocrx_word' id='word_1_455' title='bbox 3198 4648 3507 4735; x_wconf 88' lang='lat' dir='ltr'>propter</span> <span class='ocrx_word' id='word_1_456' title='bbox 3557 4639 3874 4738; x_wconf 86' lang='lat' dir='ltr'>impedi-</span> 
     </span>
     <span class='ocr_line' id='line_1_88' title="bbox 2327 4752 3871 4850; baseline 0.006 -28"><span class='ocrx_word' id='word_1_457' title='bbox 2327 4759 2701 4842; x_wconf 89' lang='lat' dir='ltr'>mentum,</span> <span class='ocrx_word' id='word_1_458' title='bbox 2750 4775 2903 4824; x_wconf 92' lang='lat' dir='ltr'>non</span> <span class='ocrx_word' id='word_1_459' title='bbox 2938 4752 3088 4844; x_wconf 91' lang='lat' dir='ltr'>sui,</span> <span class='ocrx_word' id='word_1_460' title='bbox 3120 4752 3301 4849; x_wconf 91' lang='lat' dir='ltr'>quia</span> <span class='ocrx_word' id='word_1_461' title='bbox 3333 4765 3708 4850; x_wconf 89' lang='lat' dir='ltr'>quantum</span> <span class='ocrx_word' id='word_1_462' title='bbox 3756 4769 3871 4832; x_wconf 79' lang='lat' dir='ltr'>est</span> 
     </span>
     <span class='ocr_line' id='line_1_89' title="bbox 2322 4869 3863 4970; baseline 0.005 -29"><span class='ocrx_word' id='word_1_463' title='bbox 2322 4891 2413 4941; x_wconf 87' lang='lat' dir='ltr'>ex</span> <span class='ocrx_word' id='word_1_464' title='bbox 2445 4891 2553 4958; x_wconf 89' lang='lat' dir='ltr'>se,</span> <span class='ocrx_word' id='word_1_465' title='bbox 2587 4891 2891 4966; x_wconf 89' lang='lat' dir='ltr'>semper</span> <span class='ocrx_word' id='word_1_466' title='bbox 2923 4869 3153 4943; x_wconf 88' lang='lat' dir='ltr'>habet</span> <span class='ocrx_word' id='word_1_467' title='bbox 3219 4893 3481 4946; x_wconf 88' lang='lat' dir='ltr'>secum</span> <span class='ocrx_word' id='word_1_468' title='bbox 3541 4875 3863 4970; x_wconf 85' lang='lat' dir='ltr'>gratiam</span> 
     </span>
     <span class='ocr_line' id='line_1_90' title="bbox 2323 4983 3864 5084; baseline 0.007 -29"><span class='ocrx_word' id='word_1_469' title='bbox 2323 4983 2788 5059; x_wconf 89' lang='lat' dir='ltr'>invisibilem</span> <span class='ocrx_word' id='word_1_470' title='bbox 2894 5008 3124 5082; x_wconf 83' lang='lat' dir='ltr'>quam</span> <span class='ocrx_word' id='word_1_471' title='bbox 3239 4986 3648 5084; x_wconf 85' lang='lat' dir='ltr'>significat,</span> <span class='ocrx_word' id='word_1_472' title='bbox 3730 4995 3864 5066; x_wconf 89' lang='lat' dir='ltr'>sed</span> 
     </span>
     <span class='ocr_line' id='line_1_91' title="bbox 2321 5109 3867 5211; baseline 0.007 -32"><span class='ocrx_word' id='word_1_473' title='bbox 2321 5118 2631 5206; x_wconf 90' lang='lat' dir='ltr'>propter</span> <span class='ocrx_word' id='word_1_474' title='bbox 2672 5109 3309 5207; x_wconf 90' lang='lat' dir='ltr'>impedimentum</span> <span class='ocrx_word' id='word_1_475' title='bbox 3367 5114 3612 5211; x_wconf 89' lang='lat' dir='ltr'>ipsius</span> <span class='ocrx_word' id='word_1_476' title='bbox 3671 5119 3867 5192; x_wconf 87' lang='lat' dir='ltr'>reci-</span> 
     </span>
     <span class='ocr_line' id='line_1_92' title="bbox 2321 5225 3862 5324; baseline 0.009 -29"><span class='ocrx_word' id='word_1_477' title='bbox 2321 5225 2625 5322; x_wconf 90' lang='lat' dir='ltr'>pientis.</span> <span class='ocrx_word' id='word_1_478' title='bbox 2677 5227 2886 5301; x_wconf 88' lang='lat' dir='ltr'>Istud</span> <span class='ocrx_word' id='word_1_479' title='bbox 2946 5227 3151 5301; x_wconf 90' lang='lat' dir='ltr'>enim</span> <span class='ocrx_word' id='word_1_480' title='bbox 3221 5229 3529 5324; x_wconf 88' lang='lat' dir='ltr'>signum</span> <span class='ocrx_word' id='word_1_481' title='bbox 3590 5232 3693 5306; x_wconf 89' lang='lat' dir='ltr'>ita</span> <span class='ocrx_word' id='word_1_482' title='bbox 3749 5245 3862 5309; x_wconf 89' lang='lat' dir='ltr'>est</span> 
     </span>
     <span class='ocr_line' id='line_1_93' title="bbox 2319 5341 3859 5447; baseline 0.008 -35"><span class='ocrx_word' id='word_1_483' title='bbox 2319 5364 2589 5415; x_wconf 89' lang='lat' dir='ltr'>verum</span> <span class='ocrx_word' id='word_1_484' title='bbox 2624 5354 2699 5415; x_wconf 90' lang='lat' dir='ltr'>et</span> <span class='ocrx_word' id='word_1_485' title='bbox 2737 5341 3030 5431; x_wconf 78' lang='lat' dir='ltr'>efficax,</span> <span class='ocrx_word' id='word_1_486' title='bbox 3086 5344 3262 5419; x_wconf 86' lang='lat' dir='ltr'>licet</span> <span class='ocrx_word' id='word_1_487' title='bbox 3302 5347 3395 5420; x_wconf 90' lang='lat' dir='ltr'>ad</span> <span class='ocrx_word' id='word_1_488' title='bbox 3463 5349 3859 5447; x_wconf 89' lang='lat' dir='ltr'>placitum,</span> 
     </span>
     <span class='ocr_line' id='line_1_94' title="bbox 2319 5458 3866 5562; baseline 0.008 -32"><span class='ocrx_word' id='word_1_489' title='bbox 2319 5458 2524 5553; x_wconf 93' lang='lat' dir='ltr'>quod</span> <span class='ocrx_word' id='word_1_490' title='bbox 2567 5482 2872 5557; x_wconf 91' lang='lat' dir='ltr'>semper</span> <span class='ocrx_word' id='word_1_491' title='bbox 2911 5460 3143 5533; x_wconf 90' lang='lat' dir='ltr'>habet</span> <span class='ocrx_word' id='word_1_492' title='bbox 3199 5484 3462 5536; x_wconf 85' lang='lat' dir='ltr'>secum</span> <span class='ocrx_word' id='word_1_493' title='bbox 3495 5466 3700 5562; x_wconf 92' lang='lat' dir='ltr'>quod</span> <span class='ocrx_word' id='word_1_494' title='bbox 3759 5469 3866 5542; x_wconf 91' lang='lat' dir='ltr'>si-</span> 
     </span>
    </p>
   </div>
   <div class='ocr_carea' id='block_1_10' title="bbox 2318 5578 3860 5682">
    <p class='ocr_par' dir='ltr' id='par_1_10' title="bbox 2318 5578 3860 5682">
     <span class='ocr_line' id='line_1_95' title="bbox 2318 5578 3860 5682; baseline 0.009 -35"><span class='ocrx_word' id='word_1_495' title='bbox 2318 5584 2528 5671; x_wconf 88' lang='lat' dir='ltr'>gnat,</span> <span class='ocrx_word' id='word_1_496' title='bbox 2628 5585 2700 5650; x_wconf 88' lang='lat' dir='ltr'>et</span> <span class='ocrx_word' id='word_1_497' title='bbox 2805 5601 2956 5650; x_wconf 90' lang='lat' dir='ltr'>non</span> <span class='ocrx_word' id='word_1_498' title='bbox 3049 5578 3252 5674; x_wconf 89' lang='lat' dir='ltr'>quod</span> <span class='ocrx_word' id='word_1_499' title='bbox 3392 5583 3860 5682; x_wconf 84' lang='lat' dir='ltr'>quandoque</span> 
     </span>
    </p>
   </div>
  </div>
 </body>
</html>
