<?xml version="1.0" encoding="UTF-8"?>
<!DOCTYPE html PUBLIC "-//W3C//DTD XHTML 1.0 Transitional//EN"
    "http://www.w3.org/TR/xhtml1/DTD/xhtml1-transitional.dtd">
<html xmlns="http://www.w3.org/1999/xhtml" xml:lang="en" lang="en">
 <head>
  <title>
</title>
<meta http-equiv="Content-Type" content="text/html;charset=utf-8" />
  <meta name='ocr-system' content='tesseract 3.04.00' />
  <meta name='ocr-capabilities' content='ocr_page ocr_carea ocr_par ocr_line ocrx_word'/>
</head>
<body>
  <div class='ocr_page' id='page_1' title='image "./joannisdunsscot00waddgoog_0650.png"; bbox 0 0 4295 6326; ppageno 0'>
   <div class='ocr_carea' id='block_1_1' title="bbox 314 2806 640 2867">
    <p class='ocr_par' dir='ltr' id='par_1_1' title="bbox 314 2806 640 2867">
     <span class='ocr_line' id='line_1_1' title="bbox 314 2806 640 2867; baseline -0.015 -11"><span class='ocrx_word' id='word_1_1' title='bbox 314 2806 458 2867; x_wconf 80' lang='lat' dir='ltr'>Argu</span> <span class='ocrx_word' id='word_1_2' title='bbox 478 2806 640 2853; x_wconf 86' lang='lat' dir='ltr'>ment.</span> 
     </span>
    </p>
   </div>
   <div class='ocr_carea' id='block_1_2' title="bbox 359 2867 609 2932">
    <p class='ocr_par' dir='ltr' id='par_1_2' title="bbox 359 2867 609 2932">
     <span class='ocr_line' id='line_1_2' title="bbox 359 2867 609 2932; baseline -0.012 -15"><span class='ocrx_word' id='word_1_3' title='bbox 359 2867 609 2932; x_wconf 80' lang='lat' dir='ltr'>primum.</span> 
     </span>
    </p>
   </div>
   <div class='ocr_carea' id='block_1_3' title="bbox 318 3172 640 3224">
    <p class='ocr_par' dir='ltr' id='par_1_3' title="bbox 318 3172 640 3224">
     <span class='ocr_line' id='line_1_3' title="bbox 318 3172 640 3224; baseline -0.006 0"><span class='ocrx_word' id='word_1_4' title='bbox 318 3172 640 3224; x_wconf 83' lang='lat' dir='ltr'>Secundum.</span> 
     </span>
    </p>
   </div>
   <div class='ocr_carea' id='block_1_4' title="bbox 349 3640 611 3818">
    <p class='ocr_par' dir='ltr' id='par_1_4' title="bbox 349 3640 611 3818">
     <span class='ocr_line' id='line_1_4' title="bbox 349 3640 611 3715; baseline 0.004 -26"><span class='ocrx_word' id='word_1_5' title='bbox 349 3640 506 3689; x_wconf 82' lang='lat' dir='ltr'>Ratio</span> <span class='ocrx_word' id='word_1_6' title='bbox 538 3640 611 3715; x_wconf 34' lang='lat' dir='ltr'>‘ad</span> 
     </span>
     <span class='ocr_line' id='line_1_5' title="bbox 358 3716 574 3765; baseline -0.009 -13"><span class='ocrx_word' id='word_1_7' title='bbox 358 3716 574 3765; x_wconf 77' lang='lat' dir='ltr'>opposi-</span> 
     </span>
     <span class='ocr_line' id='line_1_6' title="bbox 416 3771 551 3818; baseline 0.022 -3"><span class='ocrx_word' id='word_1_8' title='bbox 416 3771 551 3818; x_wconf 75' lang='lat' dir='ltr'>tum.</span> 
     </span>
    </p>
   </div>
   <div class='ocr_carea' id='block_1_5' title="bbox 442 5430 506 5496">
    <p class='ocr_par' dir='ltr' id='par_1_5' title="bbox 442 5430 506 5496">
     <span class='ocr_line' id='line_1_7' title="bbox 442 5430 506 5496; baseline 0.031 -2"><span class='ocrx_word' id='word_1_9' title='bbox 442 5430 506 5496; x_wconf 99' lang='grc'>2.</span> 
     </span>
    </p>
   </div>
   <div class='ocr_carea' id='block_1_6' title="bbox 323 5543 613 5735">
    <p class='ocr_par' dir='ltr' id='par_1_6' title="bbox 323 5543 613 5735">
     <span class='ocr_line' id='line_1_8' title="bbox 352 5543 612 5594; baseline 0 -1"><span class='ocrx_word' id='word_1_10' title='bbox 352 5543 479 5594; x_wconf 82' lang='lat' dir='ltr'>Tria</span> <span class='ocrx_word' id='word_1_11' title='bbox 535 5557 612 5593; x_wconf 87' lang='lat' dir='ltr'>re</span> 
     </span>
     <span class='ocr_line' id='line_1_9' title="bbox 323 5608 613 5669; baseline 0 -14"><span class='ocrx_word' id='word_1_12' title='bbox 323 5608 613 5669; x_wconf 85' lang='lat' dir='ltr'>quiruntur</span> 
     </span>
     <span class='ocr_line' id='line_1_10' title="bbox 356 5668 611 5735; baseline 0.009 -18"><span class='ocrx_word' id='word_1_13' title='bbox 356 5672 409 5717; x_wconf 86' lang='lat' dir='ltr'>in</span> <span class='ocrx_word' id='word_1_14' title='bbox 446 5668 611 5735; x_wconf 84' lang='lat' dir='ltr'>bapti-</span> 
     </span>
    </p>
   </div>
   <div class='ocr_carea' id='block_1_7' title="bbox 266 5926 449 6003">
    <p class='ocr_par' dir='ltr' id='par_1_7' title="bbox 266 5926 449 6003">
     <span class='ocr_line' id='line_1_11' title="bbox 266 5926 449 6003; baseline -0.011 -6"><span class='ocrx_word' id='word_1_15' title='bbox 266 5926 449 6003; x_wconf 46' lang='grc' dir='ltr'>Ὗ</span> 
     </span>
    </p>
   </div>
   <div class='ocr_carea' id='block_1_8' title="bbox 664 410 792 477">
    <p class='ocr_par' dir='ltr' id='par_1_8' title="bbox 664 410 792 477">
     <span class='ocr_line' id='line_1_12' title="bbox 664 410 792 477; baseline 0 0"><span class='ocrx_word' id='word_1_16' title='bbox 664 410 792 477; x_wconf 81' lang='grc'>622</span> 
     </span>
    </p>
   </div>
   <div class='ocr_carea' id='block_1_9' title="bbox 2087 392 2496 463">
    <p class='ocr_par' dir='ltr' id='par_1_9' title="bbox 2087 392 2496 463">
     <span class='ocr_line' id='line_1_13' title="bbox 2087 392 2496 463; baseline -0.005 0"><span class='ocrx_word' id='word_1_17' title='bbox 2087 394 2328 463; x_wconf 85' lang='lat' dir='ltr'>LIBRI</span> <span class='ocrx_word' id='word_1_18' title='bbox 2377 392 2496 462; x_wconf 89' lang='lat' dir='ltr'>lv.</span> 
     </span>
    </p>
   </div>
   <div class='ocr_carea' id='block_1_10' title="bbox 1372 908 3162 1118">
    <p class='ocr_par' dir='ltr' id='par_1_10' title="bbox 1372 908 3162 1118">
     <span class='ocr_line' id='line_1_14' title="bbox 1372 908 3162 1118; baseline -0.007 1"><span class='ocrx_word' id='word_1_19' title='bbox 1372 919 1623 1118; x_wconf 89' lang='lat' dir='ltr'>DI</span> <span class='ocrx_word' id='word_1_20' title='bbox 1640 912 2540 1117; x_wconf 84' lang='lat' dir='ltr'>STlNCTI</span> <span class='ocrx_word' id='word_1_21' title='bbox 2559 908 2713 1112; x_wconf 84' lang='lat' dir='ltr'>O</span> <span class='ocrx_word' id='word_1_22' title='bbox 2852 908 3162 1109; x_wconf 86' lang='lat' dir='ltr'>VI.</span> 
     </span>
    </p>
   </div>
   <div class='ocr_carea' id='block_1_11' title="bbox 1185 1676 1687 1755">
    <p class='ocr_par' dir='ltr' id='par_1_11' title="bbox 1185 1676 1687 1755">
     <span class='ocr_line' id='line_1_15' title="bbox 1185 1676 1687 1755; baseline -0.006 -13"><span class='ocrx_word' id='word_1_23' title='bbox 1185 1679 1237 1755; x_wconf 85' lang='lat' dir='ltr'><strong>Q</strong></span> <span class='ocrx_word' id='word_1_24' title='bbox 1254 1676 1584 1742; x_wconf 76' lang='lat' dir='ltr'>UAEs-Tto</span> <span class='ocrx_word' id='word_1_25' title='bbox 1642 1677 1687 1740; x_wconf 91' lang='lat' dir='ltr'>l.</span> 
     </span>
    </p>
   </div>
   <div class='ocr_carea' id='block_1_12' title="bbox 678 1837 2217 1928">
    <p class='ocr_par' dir='ltr' id='par_1_12' title="bbox 678 1837 2217 1928">
     <span class='ocr_line' id='line_1_16' title="bbox 678 1837 2217 1928; baseline -0.007 -12"><span class='ocrx_word' id='word_1_26' title='bbox 678 1852 923 1918; x_wconf 77' lang='lat' dir='ltr'>Utrum</span> <span class='ocrx_word' id='word_1_27' title='bbox 973 1844 1161 1913; x_wconf 79' lang='lat' dir='ltr'>solus</span> <span class='ocrx_word' id='word_1_28' title='bbox 1194 1844 1525 1914; x_wconf 78' lang='lat' dir='ltr'><strong><em>Sacerdos</em></strong></span> <span class='ocrx_word' id='word_1_29' title='bbox 1553 1843 1768 1928; x_wconf 75' lang='lat' dir='ltr'>possit</span> <span class='ocrx_word' id='word_1_30' title='bbox 1803 1842 2153 1927; x_wconf 75' lang='lat' dir='ltr'>baptizare</span> <span class='ocrx_word' id='word_1_31' title='bbox 2177 1837 2217 1905; x_wconf 82' lang='lat'><em>?</em></span> 
     </span>
    </p>
   </div>
   <div class='ocr_carea' id='block_1_13' title="bbox 671 2034 2216 2250">
    <p class='ocr_par' dir='ltr' id='par_1_13' title="bbox 671 2034 2213 2250">
     <span class='ocr_line' id='line_1_17' title="bbox 671 2034 2213 2106; baseline -0.002 -14"><span class='ocrx_word' id='word_1_32' title='bbox 671 2035 860 2092; x_wconf 80' lang='lat' dir='ltr'>Aleos.</span> <span class='ocrx_word' id='word_1_33' title='bbox 897 2037 947 2090; x_wconf 80' lang='lat'>4.</span> <span class='ocrx_word' id='word_1_34' title='bbox 980 2052 1034 2106; x_wconf 86' lang='lat' dir='ltr'>p.</span> <span class='ocrx_word' id='word_1_35' title='bbox 1067 2050 1120 2106; x_wconf 88' lang='lat' dir='ltr'>q.</span> <span class='ocrx_word' id='word_1_36' title='bbox 1158 2036 1242 2090; x_wconf 84' lang='lat'>16.</span> <span class='ocrx_word' id='word_1_37' title='bbox 1277 2052 1349 2091; x_wconf 88' lang='lat' dir='ltr'>m.</span> <span class='ocrx_word' id='word_1_38' title='bbox 1385 2052 1421 2089; x_wconf 91' lang='lat'>1.</span> <span class='ocrx_word' id='word_1_39' title='bbox 1458 2035 1523 2091; x_wconf 94' lang='lat' dir='ltr'>D.</span> <span class='ocrx_word' id='word_1_40' title='bbox 1561 2039 1767 2090; x_wconf 81' lang='lat' dir='ltr'>Bonav.</span> <span class='ocrx_word' id='word_1_41' title='bbox 1801 2034 1856 2088; x_wconf 84' lang='lat' dir='ltr'>d.</span> <span class='ocrx_word' id='word_1_42' title='bbox 1887 2035 1941 2088; x_wconf 88' lang='lat'>5.</span> <span class='ocrx_word' id='word_1_43' title='bbox 1991 2051 2045 2089; x_wconf 82' lang='lat' dir='ltr'>a.</span> <span class='ocrx_word' id='word_1_44' title='bbox 2090 2052 2127 2089; x_wconf 89' lang='lat'>1.</span> <span class='ocrx_word' id='word_1_45' title='bbox 2161 2050 2213 2106; x_wconf 88' lang='lat' dir='ltr'>q.</span> 
     </span>
     <span class='ocr_line' id='line_1_18' title="bbox 740 2106 2216 2178; baseline -0.001 -16"><span class='ocrx_word' id='word_1_46' title='bbox 740 2123 779 2162; x_wconf 84' lang='grc' dir='ltr'><strong>ι.</strong></span> <span class='ocrx_word' id='word_1_47' title='bbox 819 2106 1095 2163; x_wconf 81' lang='lat' dir='ltr'>Richard.</span> <span class='ocrx_word' id='word_1_48' title='bbox 1133 2113 1240 2162; x_wconf 83' lang='lat' dir='ltr'>art.</span> <span class='ocrx_word' id='word_1_49' title='bbox 1275 2107 1325 2161; x_wconf 81' lang='lat'>4.</span> <span class='ocrx_word' id='word_1_50' title='bbox 1360 2123 1410 2178; x_wconf 80' lang='lat' dir='ltr'>q.</span> <span class='ocrx_word' id='word_1_51' title='bbox 1443 2108 1496 2162; x_wconf 81' lang='lat'>2.</span> <span class='ocrx_word' id='word_1_52' title='bbox 1533 2108 1595 2161; x_wconf 90' lang='lat' dir='ltr'>D.</span> <span class='ocrx_word' id='word_1_53' title='bbox 1631 2107 1840 2162; x_wconf 86' lang='lat' dir='ltr'>Thom.</span> <span class='ocrx_word' id='word_1_54' title='bbox 1876 2106 1930 2162; x_wconf 79' lang='lat' dir='ltr'>d.</span> <span class='ocrx_word' id='word_1_55' title='bbox 1980 2107 2034 2162; x_wconf 87' lang='lat'>5.</span> <span class='ocrx_word' id='word_1_56' title='bbox 2085 2122 2136 2177; x_wconf 86' lang='lat' dir='ltr'>q.</span> <span class='ocrx_word' id='word_1_57' title='bbox 2176 2123 2216 2163; x_wconf 90' lang='lat'>1.</span> 
     </span>
     <span class='ocr_line' id='line_1_19' title="bbox 739 2178 2214 2250; baseline -0.001 -17"><span class='ocrx_word' id='word_1_58' title='bbox 739 2196 792 2233; x_wconf 86' lang='lat' dir='ltr'>a.</span> <span class='ocrx_word' id='word_1_59' title='bbox 823 2180 873 2233; x_wconf 83' lang='lat'>2.</span> <span class='ocrx_word' id='word_1_60' title='bbox 911 2182 960 2234; x_wconf 80' lang='lat' dir='ltr'>et</span> <span class='ocrx_word' id='word_1_61' title='bbox 992 2180 1043 2234; x_wconf 92' lang='lat'>3.</span> <span class='ocrx_word' id='word_1_62' title='bbox 1080 2195 1133 2249; x_wconf 85' lang='lat' dir='ltr'>p.</span> <span class='ocrx_word' id='word_1_63' title='bbox 1165 2197 1215 2250; x_wconf 83' lang='lat' dir='ltr'>q.</span> <span class='ocrx_word' id='word_1_64' title='bbox 1241 2179 1330 2235; x_wconf 84' lang='lat'>67.</span> <span class='ocrx_word' id='word_1_65' title='bbox 1362 2188 1470 2233; x_wconf 80' lang='lat' dir='ltr'>art.</span> <span class='ocrx_word' id='word_1_66' title='bbox 1512 2179 1564 2232; x_wconf 87' lang='lat'>3.</span> <span class='ocrx_word' id='word_1_67' title='bbox 1598 2182 1760 2234; x_wconf 79' lang='lat' dir='ltr'>Suar.</span> <span class='ocrx_word' id='word_1_68' title='bbox 1797 2178 1931 2234; x_wconf 74' lang='lat' dir='ltr'>thid.</span> <span class='ocrx_word' id='word_1_69' title='bbox 1966 2179 2019 2233; x_wconf 90' lang='lat' dir='ltr'>d.</span> <span class='ocrx_word' id='word_1_70' title='bbox 2042 2178 2134 2232; x_wconf 88' lang='grc'>2.3</span> <span class='ocrx_word' id='word_1_71' title='bbox 2170 2194 2214 2233; x_wconf 73' lang='lat' dir='ltr'>s.</span> 
     </span>
    </p>
   </div>
   <div class='ocr_carea' id='block_1_14' title="bbox 742 2250 1551 2322">
    <p class='ocr_par' dir='ltr' id='par_1_14' title="bbox 742 2250 1551 2322">
     <span class='ocr_line' id='line_1_20' title="bbox 742 2250 1551 2322; baseline 0.002 -18"><span class='ocrx_word' id='word_1_72' title='bbox 742 2269 779 2305; x_wconf 89' lang='lat'>1.</span> <span class='ocrx_word' id='word_1_73' title='bbox 816 2250 974 2307; x_wconf 86' lang='lat' dir='ltr'>Scot.</span> <span class='ocrx_word' id='word_1_74' title='bbox 1008 2253 1065 2306; x_wconf 77' lang='lat' dir='ltr'>in</span> <span class='ocrx_word' id='word_1_75' title='bbox 1099 2251 1267 2307; x_wconf 73' lang='lat' dir='ltr'>Oxou.</span> <span class='ocrx_word' id='word_1_76' title='bbox 1304 2251 1470 2322; x_wconf 31' lang='lat' dir='ltr'>hic—q.</span> <span class='ocrx_word' id='word_1_77' title='bbox 1512 2266 1551 2306; x_wconf 93' lang='lat'>1.</span> 
     </span>
    </p>
   </div>
   <div class='ocr_carea' id='block_1_15' title="bbox 675 2445 2223 3817">
    <p class='ocr_par' dir='ltr' id='par_1_15' title="bbox 676 2445 2223 2781">
     <span class='ocr_line' id='line_1_21' title="bbox 772 2445 2222 2541; baseline -0.001 -21"><span class='ocrx_word' id='word_1_78' title='bbox 772 2447 989 2521; x_wconf 87' lang='lat' dir='ltr'>Circa</span> <span class='ocrx_word' id='word_1_79' title='bbox 1030 2445 1599 2520; x_wconf 78' lang='lat' dir='ltr'>distinctionem</span> <span class='ocrx_word' id='word_1_80' title='bbox 1645 2453 1964 2538; x_wconf 84' lang='lat' dir='ltr'>sextam,</span> <span class='ocrx_word' id='word_1_81' title='bbox 2001 2467 2222 2541; x_wconf 86' lang='lat' dir='ltr'>quae-</span> 
     </span>
     <span class='ocr_line' id='line_1_22' title="bbox 677 2561 2223 2638; baseline -0.003 0"><span class='ocrx_word' id='word_1_82' title='bbox 677 2590 759 2638; x_wconf 92' lang='lat' dir='ltr'>ro</span> <span class='ocrx_word' id='word_1_83' title='bbox 816 2562 907 2638; x_wconf 87' lang='lat' dir='ltr'>de</span> <span class='ocrx_word' id='word_1_84' title='bbox 957 2562 1356 2636; x_wconf 88' lang='lat' dir='ltr'>ministro:</span> <span class='ocrx_word' id='word_1_85' title='bbox 1433 2563 1701 2637; x_wconf 75' lang='lat' dir='ltr'>Utrum</span> <span class='ocrx_word' id='word_1_86' title='bbox 1744 2561 1950 2636; x_wconf 78' lang='lat' dir='ltr'>solus</span> <span class='ocrx_word' id='word_1_87' title='bbox 1979 2585 2223 2635; x_wconf 82' lang='lat' dir='ltr'>sacer-</span> 
     </span>
     <span class='ocr_line' id='line_1_23' title="bbox 676 2678 1637 2781; baseline -0.002 -24"><span class='ocrx_word' id='word_1_88' title='bbox 676 2683 810 2757; x_wconf 79' lang='lat' dir='ltr'>dos</span> <span class='ocrx_word' id='word_1_89' title='bbox 866 2683 1117 2781; x_wconf 71' lang='lat' dir='ltr'>possit</span> <span class='ocrx_word' id='word_1_90' title='bbox 1167 2678 1637 2779; x_wconf 70' lang='lat' dir='ltr'>baptizare?</span> 
     </span>
    </p>

    <p class='ocr_par' dir='ltr' id='par_1_16' title="bbox 675 2796 2221 3110">
     <span class='ocr_line' id='line_1_24' title="bbox 763 2796 2218 2897; baseline -0.004 -23"><span class='ocrx_word' id='word_1_91' title='bbox 763 2800 1131 2897; x_wconf 80' lang='lat' dir='ltr'>Arguitur</span> <span class='ocrx_word' id='word_1_92' title='bbox 1188 2799 1393 2896; x_wconf 87' lang='lat' dir='ltr'>quod</span> <span class='ocrx_word' id='word_1_93' title='bbox 1463 2798 1599 2891; x_wconf 87' lang='lat' dir='ltr'>sic,</span> <span class='ocrx_word' id='word_1_94' title='bbox 1663 2820 1799 2894; x_wconf 88' lang='lat' dir='ltr'>per</span> <span class='ocrx_word' id='word_1_95' title='bbox 1840 2796 2218 2870; x_wconf 88' lang='lat' dir='ltr'>Isidorum</span> 
     </span>
     <span class='ocr_line' id='line_1_25' title="bbox 678 2913 2221 3017; baseline -0.003 -26"><span class='ocrx_word' id='word_1_96' title='bbox 678 2916 810 2993; x_wconf 65' lang='lat' dir='ltr'>lib.</span> <span class='ocrx_word' id='word_1_97' title='bbox 870 2917 989 2989; x_wconf 84' lang='lat'>20.</span> <span class='ocrx_word' id='word_1_98' title='bbox 1044 2915 1388 3017; x_wconf 74' lang='lat' dir='ltr'>Etymol.</span> <span class='ocrx_word' id='word_1_99' title='bbox 1436 2938 1601 3011; x_wconf 74' lang='lat' dir='ltr'>cap.</span> <span class='ocrx_word' id='word_1_100' title='bbox 1639 2913 1757 2986; x_wconf 70' lang='lat'>223.</span> <span class='ocrx_word' id='word_1_101' title='bbox 1805 2923 1877 2988; x_wconf 91' lang='lat' dir='ltr'>et</span> <span class='ocrx_word' id='word_1_102' title='bbox 1910 2913 2221 3011; x_wconf 90' lang='lat' dir='ltr'>ponitur</span> 
     </span>
     <span class='ocr_line' id='line_1_26' title="bbox 675 3035 1085 3110; baseline -0.002 -2"><span class='ocrx_word' id='word_1_103' title='bbox 675 3036 750 3109; x_wconf 92' lang='lat' dir='ltr'>in</span> <span class='ocrx_word' id='word_1_104' title='bbox 815 3035 1085 3110; x_wconf 90' lang='lat' dir='ltr'>littera.</span> 
     </span>
    </p>

    <p class='ocr_par' dir='ltr' id='par_1_17' title="bbox 676 3150 2222 3607">
     <span class='ocr_line' id='line_1_27' title="bbox 774 3150 2222 3248; baseline -0.003 -19"><span class='ocrx_word' id='word_1_105' title='bbox 774 3155 990 3248; x_wconf 85' lang='lat' dir='ltr'><strong>Item,</strong></span> <span class='ocrx_word' id='word_1_106' title='bbox 1099 3153 1281 3228; x_wconf 88' lang='lat' dir='ltr'>solis</span> <span class='ocrx_word' id='word_1_107' title='bbox 1385 3150 1913 3227; x_wconf 88' lang='lat' dir='ltr'>sacerdotibus</span> <span class='ocrx_word' id='word_1_108' title='bbox 2006 3175 2222 3225; x_wconf 86' lang='lat' dir='ltr'>eom-</span> 
     </span>
     <span class='ocr_line' id='line_1_28' title="bbox 678 3269 2219 3371; baseline 0.001 -26"><span class='ocrx_word' id='word_1_109' title='bbox 678 3274 913 3347; x_wconf 89' lang='lat' dir='ltr'>missa</span> <span class='ocrx_word' id='word_1_110' title='bbox 966 3281 1080 3347; x_wconf 89' lang='lat' dir='ltr'>est</span> <span class='ocrx_word' id='word_1_111' title='bbox 1144 3281 1479 3371; x_wconf 89' lang='lat' dir='ltr'>potestas</span> <span class='ocrx_word' id='word_1_112' title='bbox 1551 3269 1981 3345; x_wconf 90' lang='lat' dir='ltr'>dimittendi</span> <span class='ocrx_word' id='word_1_113' title='bbox 2036 3296 2219 3370; x_wconf 89' lang='lat' dir='ltr'>pee-</span> 
     </span>
     <span class='ocr_line' id='line_1_29' title="bbox 676 3390 2219 3488; baseline 0.001 -23"><span class='ocrx_word' id='word_1_114' title='bbox 676 3401 870 3484; x_wconf 90' lang='lat' dir='ltr'>cata,</span> <span class='ocrx_word' id='word_1_115' title='bbox 926 3391 1154 3465; x_wconf 82' lang='lat' dir='ltr'>Joan.</span> <span class='ocrx_word' id='word_1_116' title='bbox 1198 3390 1316 3463; x_wconf 82' lang='lat'>30.</span> <span class='ocrx_word' id='word_1_117' title='bbox 1364 3390 1496 3465; x_wconf 88' lang='lat' dir='ltr'>sed</span> <span class='ocrx_word' id='word_1_118' title='bbox 1554 3390 1632 3463; x_wconf 90' lang='lat' dir='ltr'>in</span> <span class='ocrx_word' id='word_1_119' title='bbox 1672 3390 2065 3488; x_wconf 87' lang='lat' dir='ltr'>Baptismo</span> <span class='ocrx_word' id='word_1_120' title='bbox 2108 3416 2219 3467; x_wconf 91' lang='lat' dir='ltr'>re-</span> 
     </span>
     <span class='ocr_line' id='line_1_30' title="bbox 679 3507 1987 3607; baseline 0 -26"><span class='ocrx_word' id='word_1_121' title='bbox 679 3507 1085 3582; x_wconf 88' lang='lat' dir='ltr'>mittuntur</span> <span class='ocrx_word' id='word_1_122' title='bbox 1138 3518 1501 3607; x_wconf 84' lang='lat' dir='ltr'>peccata3</span> <span class='ocrx_word' id='word_1_123' title='bbox 1563 3531 1772 3603; x_wconf 80' lang='lat' dir='ltr'>erge,</span> <span class='ocrx_word' id='word_1_124' title='bbox 1845 3517 1987 3582; x_wconf 88' lang='lat' dir='ltr'>ete.</span> 
     </span>
    </p>

    <p class='ocr_par' dir='ltr' id='par_1_18' title="bbox 676 3624 2211 3817">
     <span class='ocr_line' id='line_1_31' title="bbox 776 3624 2211 3724; baseline -0.003 -25"><span class='ocrx_word' id='word_1_125' title='bbox 776 3624 1225 3723; x_wconf 82' lang='lat' dir='ltr'>Oppositum</span> <span class='ocrx_word' id='word_1_126' title='bbox 1287 3635 1489 3724; x_wconf 88' lang='lat' dir='ltr'>patet</span> <span class='ocrx_word' id='word_1_127' title='bbox 1556 3649 1692 3722; x_wconf 92' lang='lat' dir='ltr'>per</span> <span class='ocrx_word' id='word_1_128' title='bbox 1758 3625 2211 3721; x_wconf 81' lang='lat' dir='ltr'>Magistrum</span> 
     </span>
     <span class='ocr_line' id='line_1_32' title="bbox 676 3741 1099 3817; baseline -0.005 -2"><span class='ocrx_word' id='word_1_129' title='bbox 676 3741 753 3815; x_wconf 89' lang='lat' dir='ltr'>in</span> <span class='ocrx_word' id='word_1_130' title='bbox 825 3742 1099 3817; x_wconf 87' lang='lat' dir='ltr'>littera.</span> 
     </span>
    </p>
   </div>
   <div class='ocr_carea' id='block_1_16' title="bbox 1244 3960 1642 4033">
    <p class='ocr_par' dir='ltr' id='par_1_19' title="bbox 1244 3960 1642 4033">
     <span class='ocr_line' id='line_1_33' title="bbox 1244 3960 1642 4033; baseline 0.003 -17"><span class='ocrx_word' id='word_1_131' title='bbox 1244 3960 1642 4033; x_wconf 64' lang='lat' dir='ltr'>,seuotmu</span> 
     </span>
    </p>
   </div>
   <div class='ocr_carea' id='block_1_17' title="bbox 670 4109 2216 4542">
    <p class='ocr_par' dir='ltr' id='par_1_20' title="bbox 670 4109 2216 4542">
     <span class='ocr_line' id='line_1_34' title="bbox 747 4109 2214 4168; baseline -0.002 -1"><span class='ocrx_word' id='word_1_132' title='bbox 747 4113 1013 4168; x_wconf 82' lang='lat' dir='ltr'>Primum</span> <span class='ocrx_word' id='word_1_133' title='bbox 1047 4111 1264 4168; x_wconf 88' lang='lat' dir='ltr'>dictum</span> <span class='ocrx_word' id='word_1_134' title='bbox 1300 4128 1312 4166; x_wconf 91' lang='lat'>:</span> <span class='ocrx_word' id='word_1_135' title='bbox 1368 4111 1554 4166; x_wconf 75' lang='lat' dir='ltr'>Omnis</span> <span class='ocrx_word' id='word_1_136' title='bbox 1606 4110 1767 4165; x_wconf 76' lang='lat' dir='ltr'>homo</span> <span class='ocrx_word' id='word_1_137' title='bbox 1806 4109 2007 4165; x_wconf 77' lang='lat' dir='ltr'>habens</span> <span class='ocrx_word' id='word_1_138' title='bbox 2038 4110 2214 4166; x_wconf 80' lang='lat' dir='ltr'>virtu·</span> 
     </span>
     <span class='ocr_line' id='line_1_35' title="bbox 670 4200 2215 4272; baseline -0.003 -13"><span class='ocrx_word' id='word_1_139' title='bbox 670 4204 779 4260; x_wconf 64' lang='lat' dir='ltr'>tem</span> <span class='ocrx_word' id='word_1_140' title='bbox 810 4203 1070 4259; x_wconf 77' lang='lat' dir='ltr'>motivam</span> <span class='ocrx_word' id='word_1_141' title='bbox 1098 4203 1168 4258; x_wconf 84' lang='lat' dir='ltr'>ad</span> <span class='ocrx_word' id='word_1_142' title='bbox 1199 4202 1533 4272; x_wconf 80' lang='lat' dir='ltr'>lavandum,</span> <span class='ocrx_word' id='word_1_143' title='bbox 1578 4200 1875 4271; x_wconf 79' lang='lat' dir='ltr'><strong><em>loquelam,</em></strong></span> <span class='ocrx_word' id='word_1_144' title='bbox 1898 4203 1947 4255; x_wconf 83' lang='lat' dir='ltr'>et</span> <span class='ocrx_word' id='word_1_145' title='bbox 1978 4201 2215 4255; x_wconf 78' lang='lat' dir='ltr'>rationis</span> 
     </span>
     <span class='ocr_line' id='line_1_36' title="bbox 674 4289 2216 4365; baseline -0.003 -15"><span class='ocrx_word' id='word_1_146' title='bbox 674 4311 857 4363; x_wconf 77' lang='lat' dir='ltr'>usum,</span> <span class='ocrx_word' id='word_1_147' title='bbox 908 4294 1098 4349; x_wconf 73' lang='lat' dir='ltr'>valide</span> <span class='ocrx_word' id='word_1_148' title='bbox 1148 4293 1435 4365; x_wconf 73' lang='lat' dir='ltr'>baptizare</span> <span class='ocrx_word' id='word_1_149' title='bbox 1472 4295 1660 4363; x_wconf 78' lang='lat' dir='ltr'>potest.</span> <span class='ocrx_word' id='word_1_150' title='bbox 1711 4291 2038 4347; x_wconf 85' lang='lat' dir='ltr'>Secundum</span> <span class='ocrx_word' id='word_1_151' title='bbox 2089 4307 2101 4344; x_wconf 75' lang='grc' dir='ltr'><strong><em>ε</em></strong></span> <span class='ocrx_word' id='word_1_152' title='bbox 2154 4289 2216 4345; x_wconf 81' lang='lat' dir='ltr'>Si</span> 
     </span>
     <span class='ocr_line' id='line_1_37' title="bbox 673 4382 2214 4457; baseline -0.005 -14"><span class='ocrx_word' id='word_1_153' title='bbox 673 4387 911 4457; x_wconf 73' lang='lat' dir='ltr'>Anqelus</span> <span class='ocrx_word' id='word_1_154' title='bbox 944 4386 1272 4457; x_wconf 78' lang='lat' dir='ltr'>baptizaret,</span> <span class='ocrx_word' id='word_1_155' title='bbox 1323 4389 1549 4451; x_wconf 82' lang='lat' dir='ltr'>teneret,</span> <span class='ocrx_word' id='word_1_156' title='bbox 1600 4382 1733 4454; x_wconf 84' lang='lat' dir='ltr'>quia</span> <span class='ocrx_word' id='word_1_157' title='bbox 1783 4383 1831 4437; x_wconf 84' lang='lat' dir='ltr'>si</span> <span class='ocrx_word' id='word_1_158' title='bbox 1876 4382 2058 4437; x_wconf 77' lang='lat' dir='ltr'>bonus</span> <span class='ocrx_word' id='word_1_159' title='bbox 2104 4386 2214 4446; x_wconf 84' lang='lat' dir='ltr'>est,</span> 
     </span>
     <span class='ocr_line' id='line_1_38' title="bbox 674 4469 2214 4542; baseline -0.005 -11"><span class='ocrx_word' id='word_1_160' title='bbox 674 4477 728 4532; x_wconf 90' lang='lat' dir='ltr'>id</span> <span class='ocrx_word' id='word_1_161' title='bbox 765 4492 878 4532; x_wconf 87' lang='lat' dir='ltr'>non</span> <span class='ocrx_word' id='word_1_162' title='bbox 913 4476 1142 4542; x_wconf 77' lang='lat' dir='ltr'>taceret,</span> <span class='ocrx_word' id='word_1_163' title='bbox 1178 4474 1289 4530; x_wconf 84' lang='lat' dir='ltr'>nisi</span> <span class='ocrx_word' id='word_1_164' title='bbox 1321 4472 1417 4528; x_wconf 85' lang='lat' dir='ltr'>Dei</span> <span class='ocrx_word' id='word_1_165' title='bbox 1449 4472 1717 4528; x_wconf 84' lang='lat' dir='ltr'>mandato</span> <span class='ocrx_word' id='word_1_166' title='bbox 1749 4492 1764 4540; x_wconf 87' lang='lat'><strong>;</strong></span> <span class='ocrx_word' id='word_1_167' title='bbox 1823 4472 1893 4528; x_wconf 85' lang='lat' dir='ltr'>de</span> <span class='ocrx_word' id='word_1_168' title='bbox 1945 4469 2095 4526; x_wconf 80' lang='lat' dir='ltr'>malo</span> <span class='ocrx_word' id='word_1_169' title='bbox 2137 4474 2214 4524; x_wconf 84' lang='lat' dir='ltr'>ta·</span> 
     </span>
    </p>
   </div>
   <div class='ocr_carea' id='block_1_18' title="bbox 674 4563 2218 4721">
    <p class='ocr_par' dir='ltr' id='par_1_21' title="bbox 674 4563 2218 4721">
     <span class='ocr_line' id='line_1_39' title="bbox 674 4563 2218 4639; baseline -0.003 -15"><span class='ocrx_word' id='word_1_170' title='bbox 674 4584 809 4624; x_wconf 86' lang='lat' dir='ltr'>men</span> <span class='ocrx_word' id='word_1_171' title='bbox 842 4567 1317 4639; x_wconf 67' lang='lat' dir='ltr'>praesumendum</span> <span class='ocrx_word' id='word_1_172' title='bbox 1341 4570 1495 4622; x_wconf 84' lang='lat' dir='ltr'>esset</span> <span class='ocrx_word' id='word_1_173' title='bbox 1525 4563 1676 4635; x_wconf 88' lang='lat' dir='ltr'>quod</span> <span class='ocrx_word' id='word_1_174' title='bbox 1712 4563 1861 4619; x_wconf 82' lang='lat' dir='ltr'>mala</span> <span class='ocrx_word' id='word_1_175' title='bbox 1894 4563 2218 4619; x_wconf 83' lang='lat' dir='ltr'>intentione</span> 
     </span>
     <span class='ocr_line' id='line_1_40' title="bbox 675 4650 2216 4721; baseline -0.005 -12"><span class='ocrx_word' id='word_1_176' title='bbox 675 4655 906 4721; x_wconf 81' lang='lat' dir='ltr'>faceret,</span> <span class='ocrx_word' id='word_1_177' title='bbox 959 4652 1074 4708; x_wconf 85' lang='lat' dir='ltr'>nisi</span> <span class='ocrx_word' id='word_1_178' title='bbox 1112 4655 1399 4709; x_wconf 80' lang='lat' dir='ltr'>constaret</span> <span class='ocrx_word' id='word_1_179' title='bbox 1442 4652 1513 4707; x_wconf 84' lang='lat' dir='ltr'>de</span> <span class='ocrx_word' id='word_1_180' title='bbox 1555 4650 1654 4706; x_wconf 82' lang='lat' dir='ltr'>Dei</span> <span class='ocrx_word' id='word_1_181' title='bbox 1710 4650 1984 4705; x_wconf 79' lang='lat' dir='ltr'>mandato</span> <span class='ocrx_word' id='word_1_182' title='bbox 2025 4651 2095 4705; x_wconf 82' lang='lat' dir='ltr'>ad</span> <span class='ocrx_word' id='word_1_183' title='bbox 2131 4650 2216 4720; x_wconf 82' lang='lat' dir='ltr'>ip-</span> 
     </span>
    </p>
   </div>
   <div class='ocr_carea' id='block_1_19' title="bbox 672 4744 2220 5181">
    <p class='ocr_par' dir='ltr' id='par_1_22' title="bbox 672 4744 2220 5181">
     <span class='ocr_line' id='line_1_41' title="bbox 676 4744 2220 4812; baseline -0.003 -9"><span class='ocrx_word' id='word_1_184' title='bbox 676 4764 823 4803; x_wconf 82' lang='lat' dir='ltr'>sum.</span> <span class='ocrx_word' id='word_1_185' title='bbox 856 4747 1112 4803; x_wconf 86' lang='lat' dir='ltr'>Tertium</span> <span class='ocrx_word' id='word_1_186' title='bbox 1158 4764 1170 4800; x_wconf 93' lang='lat'>:</span> <span class='ocrx_word' id='word_1_187' title='bbox 1226 4746 1485 4801; x_wconf 77' lang='lat' dir='ltr'><strong><em>Sacerdos</em></strong></span> <span class='ocrx_word' id='word_1_188' title='bbox 1531 4751 1611 4801; x_wconf 83' lang='lat' dir='ltr'>est</span> <span class='ocrx_word' id='word_1_189' title='bbox 1658 4744 1912 4799; x_wconf 81' lang='lat' dir='ltr'>minister</span> <span class='ocrx_word' id='word_1_190' title='bbox 1961 4744 2220 4812; x_wconf 74' lang='lat' dir='ltr'>baptismi</span> 
     </span>
     <span class='ocr_line' id='line_1_42' title="bbox 672 4833 2220 4913; baseline -0.008 -13"><span class='ocrx_word' id='word_1_191' title='bbox 672 4863 741 4905; x_wconf 79' lang='lat' dir='ltr'>ex</span> <span class='ocrx_word' id='word_1_192' title='bbox 797 4842 997 4913; x_wconf 76' lang='lat' dir='ltr'>officie,</span> <span class='ocrx_word' id='word_1_193' title='bbox 1055 4850 1107 4895; x_wconf 84' lang='lat' dir='ltr'>et</span> <span class='ocrx_word' id='word_1_194' title='bbox 1164 4846 1222 4895; x_wconf 78' lang='lat' dir='ltr'>eo</span> <span class='ocrx_word' id='word_1_195' title='bbox 1274 4840 1492 4895; x_wconf 75' lang='lat' dir='ltr'>absente</span> <span class='ocrx_word' id='word_1_196' title='bbox 1550 4838 1846 4905; x_wconf 67' lang='lat' dir='ltr'>Diae-onus,</span> <span class='ocrx_word' id='word_1_197' title='bbox 1905 4840 2025 4906; x_wconf 82' lang='lat' dir='ltr'>post</span> <span class='ocrx_word' id='word_1_198' title='bbox 2074 4833 2220 4889; x_wconf 82' lang='lat' dir='ltr'>hunc</span> 
     </span>
     <span class='ocr_line' id='line_1_43' title="bbox 672 4925 2214 5001; baseline -0.01 -9"><span class='ocrx_word' id='word_1_199' title='bbox 672 4937 1057 4999; x_wconf 79' lang='lat' dir='ltr'>subdiaconus,</span> <span class='ocrx_word' id='word_1_200' title='bbox 1117 4940 1168 4985; x_wconf 83' lang='lat' dir='ltr'>et</span> <span class='ocrx_word' id='word_1_201' title='bbox 1218 4934 1331 5001; x_wconf 81' lang='lat' dir='ltr'>post</span> <span class='ocrx_word' id='word_1_202' title='bbox 1388 4929 1609 4983; x_wconf 77' lang='lat' dir='ltr'>clericos</span> <span class='ocrx_word' id='word_1_203' title='bbox 1645 4925 1842 4981; x_wconf 58' lang='lat' dir='ltr'>laicus</span> <span class='ocrx_word' id='word_1_204' title='bbox 1888 4925 2214 4987; x_wconf 84' lang='lat' dir='ltr'>Quartum:</span> 
     </span>
     <span class='ocr_line' id='line_1_44' title="bbox 676 5016 2214 5095; baseline -0.013 -11"><span class='ocrx_word' id='word_1_205' title='bbox 676 5030 992 5095; x_wconf 76' lang='lat' dir='ltr'>Conqruum</span> <span class='ocrx_word' id='word_1_206' title='bbox 1016 5025 1091 5079; x_wconf 81' lang='lat' dir='ltr'>est</span> <span class='ocrx_word' id='word_1_207' title='bbox 1124 5021 1365 5075; x_wconf 60' lang='lat' dir='ltr'>mar-&#39;me</span> <span class='ocrx_word' id='word_1_208' title='bbox 1393 5019 1571 5072; x_wconf 73' lang='lat' dir='ltr'>sulum</span> <span class='ocrx_word' id='word_1_209' title='bbox 1612 5016 1889 5070; x_wconf 67' lang='lat' dir='ltr'>hommem</span> <span class='ocrx_word' id='word_1_210' title='bbox 1930 5030 2044 5069; x_wconf 81' lang='lat' dir='ltr'>esse</span> <span class='ocrx_word' id='word_1_211' title='bbox 2079 5016 2214 5084; x_wconf 73' lang='lat' dir='ltr'>Bap-</span> 
     </span>
     <span class='ocr_line' id='line_1_45' title="bbox 672 5106 2219 5181; baseline -0.012 -4"><span class='ocrx_word' id='word_1_212' title='bbox 672 5122 826 5176; x_wconf 79' lang='lat' dir='ltr'>tismi</span> <span class='ocrx_word' id='word_1_213' title='bbox 858 5117 1191 5172; x_wconf 77' lang='lat' dir='ltr'>ministrum.</span> <span class='ocrx_word' id='word_1_214' title='bbox 1226 5112 1289 5167; x_wconf 85' lang='lat' dir='ltr'>Et</span> <span class='ocrx_word' id='word_1_215' title='bbox 1321 5111 1494 5181; x_wconf 85' lang='lat' dir='ltr'>hujus</span> <span class='ocrx_word' id='word_1_216' title='bbox 1530 5109 1605 5165; x_wconf 83' lang='lat' dir='ltr'>rei</span> <span class='ocrx_word' id='word_1_217' title='bbox 1661 5108 1821 5163; x_wconf 81' lang='lat' dir='ltr'>affert</span> <span class='ocrx_word' id='word_1_218' title='bbox 1873 5111 1987 5162; x_wconf 83' lang='lat' dir='ltr'>tres</span> <span class='ocrx_word' id='word_1_219' title='bbox 2043 5106 2219 5160; x_wconf 83' lang='lat' dir='ltr'>ratio-</span> 
     </span>
    </p>
   </div>
   <div class='ocr_carea' id='block_1_20' title="bbox 674 5231 797 5270">
    <p class='ocr_par' dir='ltr' id='par_1_23' title="bbox 674 5231 797 5270">
     <span class='ocr_line' id='line_1_46' title="bbox 674 5231 797 5270; baseline 0 -1"><span class='ocrx_word' id='word_1_220' title='bbox 674 5231 797 5270; x_wconf 67' lang='lat' dir='ltr'>neS-</span> 
     </span>
    </p>
   </div>
   <div class='ocr_carea' id='block_1_21' title="bbox 774 5382 2220 5493">
    <p class='ocr_par' dir='ltr' id='par_1_24' title="bbox 774 5382 2220 5493">
     <span class='ocr_line' id='line_1_47' title="bbox 774 5382 2220 5493; baseline -0.015 -23"><span class='ocrx_word' id='word_1_221' title='bbox 774 5392 1257 5493; x_wconf 82' lang='lat' dir='ltr'>Responde0‚</span> <span class='ocrx_word' id='word_1_222' title='bbox 1304 5384 1509 5484; x_wconf 90' lang='lat' dir='ltr'>quod</span> <span class='ocrx_word' id='word_1_223' title='bbox 1568 5382 1868 5455; x_wconf 90' lang='lat' dir='ltr'>nullum</span> <span class='ocrx_word' id='word_1_224' title='bbox 1930 5402 2220 5477; x_wconf 88' lang='lat' dir='ltr'>suppo-</span> 
     </span>
    </p>
   </div>
   <div class='ocr_carea' id='block_1_22' title="bbox 676 5498 2223 5594">
    <p class='ocr_par' dir='ltr' id='par_1_25' title="bbox 676 5498 2223 5594">
     <span class='ocr_line' id='line_1_48' title="bbox 676 5498 2223 5594; baseline -0.014 -4"><span class='ocrx_word' id='word_1_225' title='bbox 676 5517 905 5591; x_wconf 84' lang='lat' dir='ltr'>situm</span> <span class='ocrx_word' id='word_1_226' title='bbox 959 5505 1474 5584; x_wconf 84' lang='lat' dir='ltr'>intellectuale</span> <span class='ocrx_word' id='word_1_227' title='bbox 1532 5498 1964 5575; x_wconf 79' lang='lat' dir='ltr'>excluditur</span> <span class='ocrx_word' id='word_1_228' title='bbox 2022 5521 2061 5570; x_wconf 86' lang='lat' dir='ltr'>a</span> <span class='ocrx_word' id='word_1_229' title='bbox 2096 5520 2223 5594; x_wconf 89' lang='lat' dir='ltr'>po-</span> 
     </span>
    </p>
   </div>
   <div class='ocr_carea' id='block_1_23' title="bbox 679 5618 2221 5709">
    <p class='ocr_par' dir='ltr' id='par_1_26' title="bbox 679 5618 2221 5709">
     <span class='ocr_line' id='line_1_49' title="bbox 679 5618 2221 5709; baseline -0.014 -3"><span class='ocrx_word' id='word_1_230' title='bbox 679 5640 943 5709; x_wconf 83' lang='lat' dir='ltr'>testate</span> <span class='ocrx_word' id='word_1_231' title='bbox 1017 5619 1495 5699; x_wconf 79' lang='lat' dir='ltr'>ministrandi</span> <span class='ocrx_word' id='word_1_232' title='bbox 1560 5620 1701 5691; x_wconf 82' lang='lat' dir='ltr'>hoe</span> <span class='ocrx_word' id='word_1_233' title='bbox 1763 5618 2221 5689; x_wconf 74' lang='lat' dir='ltr'>Sacramen—</span> 
     </span>
    </p>
   </div>
   <div class='ocr_carea' id='block_1_24' title="bbox 2315 1391 4182 1510">
    <p class='ocr_par' dir='ltr' id='par_1_27' title="bbox 2315 1391 4182 1510">
     <span class='ocr_line' id='line_1_50' title="bbox 2315 1391 4182 1510; baseline -0.008 -35"><span class='ocrx_word' id='word_1_234' title='bbox 2315 1411 2478 1475; x_wconf 91' lang='lat' dir='ltr'>tum</span> <span class='ocrx_word' id='word_1_235' title='bbox 2542 1398 2857 1473; x_wconf 80' lang='lat' dir='ltr'>cuilibet</span> <span class='ocrx_word' id='word_1_236' title='bbox 2912 1395 3215 1472; x_wconf 88' lang='lat' dir='ltr'>alteria</span> <span class='ocrx_word' id='word_1_237' title='bbox 3268 1419 3348 1471; x_wconf 88' lang='lat' dir='ltr'>se</span> <span class='ocrx_word' id='word_1_238' title='bbox 3404 1396 3480 1468; x_wconf 90' lang='lat' dir='ltr'>in</span> <span class='ocrx_word' id='word_1_239' title='bbox 3543 1394 3865 1470; x_wconf 89' lang='lat' dir='ltr'>articulo</span> <span class='ocrx_word' id='word_1_240' title='bbox 3900 1391 4182 1510; x_wconf 55' lang='grc' dir='ltr'>Ζᾶῡξξοιξξξ·</span> 
     </span>
    </p>
   </div>
   <div class='ocr_carea' id='block_1_25' title="bbox 2321 1512 4170 1644">
    <p class='ocr_par' dir='ltr' id='par_1_28' title="bbox 2321 1512 4170 1644">
     <span class='ocr_line' id='line_1_51' title="bbox 2321 1512 4170 1644; baseline -0.016 -52"><span class='ocrx_word' id='word_1_241' title='bbox 2321 1515 2827 1603; x_wconf 80' lang='lat' dir='ltr'>necessitatis,</span> <span class='ocrx_word' id='word_1_242' title='bbox 2894 1514 3038 1588; x_wconf 92' lang='lat' dir='ltr'>nisi</span> <span class='ocrx_word' id='word_1_243' title='bbox 3099 1522 3410 1613; x_wconf 88' lang='lat' dir='ltr'>propter</span> <span class='ocrx_word' id='word_1_244' title='bbox 3484 1512 3860 1644; x_wconf 78' lang='lat' dir='ltr'>triplicem</span> <span class='ocrx_word' id='word_1_245' title='bbox 3913 1517 4170 1567; x_wconf 70' lang='lat' dir='ltr'>iocunoa</span> 
     </span>
    </p>
   </div>
   <div class='ocr_carea' id='block_1_26' title="bbox 2323 1632 3878 5714">
    <p class='ocr_par' dir='ltr' id='par_1_29' title="bbox 2323 1632 3878 5714">
     <span class='ocr_line' id='line_1_52' title="bbox 2323 1632 3869 1729; baseline -0.006 -18"><span class='ocrx_word' id='word_1_246' title='bbox 2323 1637 2700 1711; x_wconf 79' lang='lat' dir='ltr'>desectum</span> <span class='ocrx_word' id='word_1_247' title='bbox 2735 1633 3193 1707; x_wconf 74' lang='lat' dir='ltr'>naturalem.</span> <span class='ocrx_word' id='word_1_248' title='bbox 3223 1634 3371 1706; x_wconf 89' lang='lat' dir='ltr'>Aut</span> <span class='ocrx_word' id='word_1_249' title='bbox 3401 1632 3601 1707; x_wconf 89' lang='lat' dir='ltr'>enim</span> <span class='ocrx_word' id='word_1_250' title='bbox 3649 1653 3869 1729; x_wconf 88' lang='lat' dir='ltr'>prop·</span> 
     </span>
     <span class='ocr_line' id='line_1_53' title="bbox 2329 1746 3865 1843; baseline -0.007 -18"><span class='ocrx_word' id='word_1_251' title='bbox 2329 1761 2436 1825; x_wconf 90' lang='lat' dir='ltr'>ter</span> <span class='ocrx_word' id='word_1_252' title='bbox 2495 1750 2873 1824; x_wconf 88' lang='lat' dir='ltr'>desectum</span> <span class='ocrx_word' id='word_1_253' title='bbox 2921 1770 3107 1821; x_wconf 90' lang='lat' dir='ltr'>usus</span> <span class='ocrx_word' id='word_1_254' title='bbox 3148 1746 3492 1833; x_wconf 77' lang='lat' dir='ltr'>ratioriiS‚</span> <span class='ocrx_word' id='word_1_255' title='bbox 3553 1754 3865 1843; x_wconf 89' lang='lat' dir='ltr'>propter</span> 
     </span>
     <span class='ocr_line' id='line_1_54' title="bbox 2325 1860 3871 1965; baseline -0.007 -23"><span class='ocrx_word' id='word_1_256' title='bbox 2325 1889 2553 1965; x_wconf 90' lang='lat' dir='ltr'>quem</span> <span class='ocrx_word' id='word_1_257' title='bbox 2616 1888 2771 1938; x_wconf 88' lang='lat' dir='ltr'>non</span> <span class='ocrx_word' id='word_1_258' title='bbox 2840 1871 3091 1961; x_wconf 92' lang='lat' dir='ltr'>potest</span> <span class='ocrx_word' id='word_1_259' title='bbox 3138 1863 3422 1937; x_wconf 86' lang='lat' dir='ltr'>habere</span> <span class='ocrx_word' id='word_1_260' title='bbox 3504 1860 3871 1936; x_wconf 90' lang='lat' dir='ltr'>intentio-</span> 
     </span>
     <span class='ocr_line' id='line_1_55' title="bbox 2327 1980 3872 2081; baseline -0.007 -21"><span class='ocrx_word' id='word_1_261' title='bbox 2327 2009 2505 2060; x_wconf 89' lang='lat' dir='ltr'>nem</span> <span class='ocrx_word' id='word_1_262' title='bbox 2545 1981 3034 2081; x_wconf 85' lang='lat' dir='ltr'>baptizandi3</span> <span class='ocrx_word' id='word_1_263' title='bbox 3100 1990 3232 2055; x_wconf 87' lang='lat' dir='ltr'>aut</span> <span class='ocrx_word' id='word_1_264' title='bbox 3274 1980 3454 2079; x_wconf 89' lang='lat' dir='ltr'>quia</span> <span class='ocrx_word' id='word_1_265' title='bbox 3523 2003 3674 2053; x_wconf 91' lang='lat' dir='ltr'>non</span> <span class='ocrx_word' id='word_1_266' title='bbox 3731 2003 3872 2076; x_wconf 90' lang='lat' dir='ltr'>po-</span> 
     </span>
     <span class='ocr_line' id='line_1_56' title="bbox 2327 2098 3876 2198; baseline -0.005 -22"><span class='ocrx_word' id='word_1_267' title='bbox 2327 2111 2470 2177; x_wconf 88' lang='lat' dir='ltr'>test</span> <span class='ocrx_word' id='word_1_268' title='bbox 2538 2100 2779 2198; x_wconf 91' lang='lat' dir='ltr'>loqui,</span> <span class='ocrx_word' id='word_1_269' title='bbox 2847 2108 2924 2173; x_wconf 92' lang='lat' dir='ltr'>ut</span> <span class='ocrx_word' id='word_1_270' title='bbox 2965 2107 3275 2196; x_wconf 89' lang='lat' dir='ltr'>propter</span> <span class='ocrx_word' id='word_1_271' title='bbox 3328 2098 3705 2172; x_wconf 83' lang='lat' dir='ltr'>desectum</span> <span class='ocrx_word' id='word_1_272' title='bbox 3747 2119 3876 2170; x_wconf 91' lang='lat' dir='ltr'>na·</span> 
     </span>
     <span class='ocr_line' id='line_1_57' title="bbox 2330 2214 3876 2314; baseline -0.004 -22"><span class='ocrx_word' id='word_1_273' title='bbox 2330 2220 2655 2293; x_wconf 89' lang='lat' dir='ltr'>turalem</span> <span class='ocrx_word' id='word_1_274' title='bbox 2690 2216 3008 2314; x_wconf 64' lang='lat' dir='ltr'>linguae,</span> <span class='ocrx_word' id='word_1_275' title='bbox 3047 2216 3165 2291; x_wconf 86' lang='lat' dir='ltr'>vel</span> <span class='ocrx_word' id='word_1_276' title='bbox 3197 2214 3524 2312; x_wconf 86' lang='lat' dir='ltr'>alicujus</span> <span class='ocrx_word' id='word_1_277' title='bbox 3557 2214 3876 2288; x_wconf 89' lang='lat' dir='ltr'>alterius</span> 
     </span>
     <span class='ocr_line' id='line_1_58' title="bbox 2331 2330 3877 2431; baseline -0.004 -23"><span class='ocrx_word' id='word_1_278' title='bbox 2331 2333 2848 2419; x_wconf 88' lang='lat' dir='ltr'>instrumenti,</span> <span class='ocrx_word' id='word_1_279' title='bbox 2903 2332 3108 2431; x_wconf 89' lang='lat' dir='ltr'>quod</span> <span class='ocrx_word' id='word_1_280' title='bbox 3151 2332 3569 2430; x_wconf 82' lang='lat' dir='ltr'>requiritur</span> <span class='ocrx_word' id='word_1_281' title='bbox 3607 2331 3700 2404; x_wconf 92' lang='lat' dir='ltr'>ad</span> <span class='ocrx_word' id='word_1_282' title='bbox 3736 2330 3877 2404; x_wconf 81' lang='lat' dir='ltr'>for-</span> 
     </span>
     <span class='ocr_line' id='line_1_59' title="bbox 2337 2448 3876 2547; baseline -0.002 -23"><span class='ocrx_word' id='word_1_283' title='bbox 2337 2452 2696 2526; x_wconf 87' lang='lat' dir='ltr'>mandum</span> <span class='ocrx_word' id='word_1_284' title='bbox 2740 2450 3031 2543; x_wconf 83' lang='lat' dir='ltr'>verba3</span> <span class='ocrx_word' id='word_1_285' title='bbox 3091 2459 3222 2524; x_wconf 88' lang='lat' dir='ltr'>aut</span> <span class='ocrx_word' id='word_1_286' title='bbox 3262 2460 3571 2547; x_wconf 90' lang='lat' dir='ltr'>propter</span> <span class='ocrx_word' id='word_1_287' title='bbox 3619 2448 3876 2522; x_wconf 82' lang='lat' dir='ltr'>defec-</span> 
     </span>
     <span class='ocr_line' id='line_1_60' title="bbox 2334 2567 3874 2644; baseline -0.002 -1"><span class='ocrx_word' id='word_1_288' title='bbox 2334 2580 2494 2644; x_wconf 89' lang='lat' dir='ltr'>tum</span> <span class='ocrx_word' id='word_1_289' title='bbox 2624 2569 3314 2642; x_wconf 82' lang='lat' dir='ltr'>instrumentorum</span> <span class='ocrx_word' id='word_1_290' title='bbox 3438 2567 3874 2642; x_wconf 88' lang='lat' dir='ltr'>necessario</span> 
     </span>
     <span class='ocr_line' id='line_1_61' title="bbox 2333 2685 3878 2785; baseline 0.001 -25"><span class='ocrx_word' id='word_1_291' title='bbox 2333 2687 2876 2785; x_wconf 90' lang='lat' dir='ltr'>requisitorum</span> <span class='ocrx_word' id='word_1_292' title='bbox 2938 2686 3031 2759; x_wconf 90' lang='lat' dir='ltr'>ad</span> <span class='ocrx_word' id='word_1_293' title='bbox 3084 2685 3568 2761; x_wconf 88' lang='lat' dir='ltr'>collationem</span> <span class='ocrx_word' id='word_1_294' title='bbox 3643 2687 3878 2783; x_wconf 87' lang='lat' dir='ltr'>hujus</span> 
     </span>
     <span class='ocr_line' id='line_1_62' title="bbox 2331 2800 3870 2899; baseline -0.005 -21"><span class='ocrx_word' id='word_1_295' title='bbox 2331 2802 2832 2891; x_wconf 82' lang='lat' dir='ltr'>Sacramenti,</span> <span class='ocrx_word' id='word_1_296' title='bbox 2919 2811 3002 2875; x_wconf 93' lang='lat' dir='ltr'>ut</span> <span class='ocrx_word' id='word_1_297' title='bbox 3094 2809 3405 2899; x_wconf 87' lang='lat' dir='ltr'>propter</span> <span class='ocrx_word' id='word_1_298' title='bbox 3491 2800 3870 2875; x_wconf 79' lang='lat' dir='ltr'>delectum</span> 
     </span>
     <span class='ocr_line' id='line_1_63' title="bbox 2330 2916 3875 3015; baseline -0.003 -21"><span class='ocrx_word' id='word_1_299' title='bbox 2330 2920 2449 2994; x_wconf 87' lang='lat' dir='ltr'>vel</span> <span class='ocrx_word' id='word_1_300' title='bbox 2517 2917 3041 3015; x_wconf 82' lang='lat' dir='ltr'>impotentiam</span> <span class='ocrx_word' id='word_1_301' title='bbox 3105 2917 3182 2988; x_wconf 87' lang='lat' dir='ltr'>in</span> <span class='ocrx_word' id='word_1_302' title='bbox 3251 2916 3531 2991; x_wconf 83' lang='lat' dir='ltr'>virtute</span> <span class='ocrx_word' id='word_1_303' title='bbox 3587 2917 3875 2990; x_wconf 76' lang='lat' dir='ltr'>motiva</span> 
     </span>
     <span class='ocr_line' id='line_1_64' title="bbox 2332 3034 3875 3134; baseline 0 -24"><span class='ocrx_word' id='word_1_304' title='bbox 2332 3059 2732 3128; x_wconf 89' lang='lat' dir='ltr'>manuum,</span> <span class='ocrx_word' id='word_1_305' title='bbox 2811 3035 3093 3132; x_wconf 88' lang='lat' dir='ltr'>quibus</span> <span class='ocrx_word' id='word_1_306' title='bbox 3197 3034 3509 3108; x_wconf 88' lang='lat' dir='ltr'>deberet</span> <span class='ocrx_word' id='word_1_307' title='bbox 3593 3058 3875 3134; x_wconf 86' lang='lat' dir='ltr'>eorpus</span> 
     </span>
     <span class='ocr_line' id='line_1_65' title="bbox 2334 3153 3876 3252; baseline 0.001 -23"><span class='ocrx_word' id='word_1_308' title='bbox 2334 3166 2643 3252; x_wconf 80' lang='lat' dir='ltr'>tangere</span> <span class='ocrx_word' id='word_1_309' title='bbox 2677 3163 2749 3229; x_wconf 90' lang='lat' dir='ltr'>et</span> <span class='ocrx_word' id='word_1_310' title='bbox 2781 3154 3121 3228; x_wconf 89' lang='lat' dir='ltr'>abluere.</span> <span class='ocrx_word' id='word_1_311' title='bbox 3191 3153 3321 3227; x_wconf 87' lang='lat' dir='ltr'>lsti</span> <span class='ocrx_word' id='word_1_312' title='bbox 3358 3161 3506 3228; x_wconf 90' lang='lat' dir='ltr'>tres</span> <span class='ocrx_word' id='word_1_313' title='bbox 3535 3154 3876 3230; x_wconf 80' lang='lat' dir='ltr'>delectus</span> 
     </span>
     <span class='ocr_line' id='line_1_66' title="bbox 2330 3270 3878 3368; baseline 0 -21"><span class='ocrx_word' id='word_1_314' title='bbox 2330 3272 2557 3347; x_wconf 89' lang='lat' dir='ltr'>simul</span> <span class='ocrx_word' id='word_1_315' title='bbox 2632 3279 3103 3345; x_wconf 87' lang='lat' dir='ltr'>concurrunt</span> <span class='ocrx_word' id='word_1_316' title='bbox 3189 3270 3263 3343; x_wconf 91' lang='lat' dir='ltr'>in</span> <span class='ocrx_word' id='word_1_317' title='bbox 3334 3272 3701 3368; x_wconf 82' lang='lat' dir='ltr'>parvuliS,</span> <span class='ocrx_word' id='word_1_318' title='bbox 3803 3282 3878 3347; x_wconf 90' lang='lat' dir='ltr'>et</span> 
     </span>
     <span class='ocr_line' id='line_1_67' title="bbox 2329 3389 3877 3486; baseline 0.001 -22"><span class='ocrx_word' id='word_1_319' title='bbox 2329 3391 2499 3464; x_wconf 90' lang='lat' dir='ltr'>ideo</span> <span class='ocrx_word' id='word_1_320' title='bbox 2543 3389 2619 3461; x_wconf 90' lang='lat' dir='ltr'>in</span> <span class='ocrx_word' id='word_1_321' title='bbox 2676 3389 2805 3462; x_wconf 90' lang='lat' dir='ltr'>illa</span> <span class='ocrx_word' id='word_1_322' title='bbox 2848 3396 3071 3463; x_wconf 81' lang='lat' dir='ltr'>oetate</span> <span class='ocrx_word' id='word_1_323' title='bbox 3133 3412 3286 3463; x_wconf 89' lang='lat' dir='ltr'>non</span> <span class='ocrx_word' id='word_1_324' title='bbox 3349 3400 3674 3486; x_wconf 87' lang='lat' dir='ltr'>possunt</span> <span class='ocrx_word' id='word_1_325' title='bbox 3729 3393 3877 3465; x_wconf 87' lang='lat' dir='ltr'>hoc</span> 
     </span>
     <span class='ocr_line' id='line_1_68' title="bbox 2328 3504 3876 3605; baseline 0 -25"><span class='ocrx_word' id='word_1_326' title='bbox 2328 3507 2910 3581; x_wconf 81' lang='lat' dir='ltr'>Sacramentum</span> <span class='ocrx_word' id='word_1_327' title='bbox 2969 3504 3374 3590; x_wconf 64' lang='lat' dir='ltr'>conterre,</span> <span class='ocrx_word' id='word_1_328' title='bbox 3426 3507 3605 3581; x_wconf 91' lang='lat' dir='ltr'>licet</span> <span class='ocrx_word' id='word_1_329' title='bbox 3663 3519 3876 3605; x_wconf 89' lang='lat' dir='ltr'>post-</span> 
     </span>
     <span class='ocr_line' id='line_1_69' title="bbox 2328 3624 3873 3723; baseline 0.001 -23"><span class='ocrx_word' id='word_1_330' title='bbox 2328 3649 2555 3723; x_wconf 87' lang='lat' dir='ltr'>quam</span> <span class='ocrx_word' id='word_1_331' title='bbox 2668 3624 3076 3716; x_wconf 82' lang='lat' dir='ltr'>creverint,</span> <span class='ocrx_word' id='word_1_332' title='bbox 3194 3624 3487 3721; x_wconf 89' lang='lat' dir='ltr'>possint</span> <span class='ocrx_word' id='word_1_333' title='bbox 3588 3625 3873 3701; x_wconf 88' lang='lat' dir='ltr'>habere</span> 
     </span>
     <span class='ocr_line' id='line_1_70' title="bbox 2327 3740 3874 3839; baseline 0.001 -23"><span class='ocrx_word' id='word_1_334' title='bbox 2327 3741 2590 3816; x_wconf 87' lang='lat' dir='ltr'>omnia</span> <span class='ocrx_word' id='word_1_335' title='bbox 2640 3740 2796 3831; x_wconf 21' lang='lat' dir='ltr'>&#39;ista</span> <span class='ocrx_word' id='word_1_336' title='bbox 2862 3740 3119 3832; x_wconf 91' lang='lat' dir='ltr'>simul,</span> <span class='ocrx_word' id='word_1_337' title='bbox 3187 3740 3305 3813; x_wconf 85' lang='lat' dir='ltr'>vel</span> <span class='ocrx_word' id='word_1_338' title='bbox 3367 3741 3624 3839; x_wconf 88' lang='lat' dir='ltr'>aliqua</span> <span class='ocrx_word' id='word_1_339' title='bbox 3689 3742 3874 3817; x_wconf 90' lang='lat' dir='ltr'>isto-</span> 
     </span>
     <span class='ocr_line' id='line_1_71' title="bbox 2326 3858 3871 3935; baseline 0.001 -3"><span class='ocrx_word' id='word_1_340' title='bbox 2326 3884 2523 3934; x_wconf 87' lang='lat' dir='ltr'>rum.</span> <span class='ocrx_word' id='word_1_341' title='bbox 2619 3859 2702 3932; x_wconf 94' lang='lat' dir='ltr'>ln</span> <span class='ocrx_word' id='word_1_342' title='bbox 2781 3858 3065 3932; x_wconf 86' lang='lat' dir='ltr'>adultis</span> <span class='ocrx_word' id='word_1_343' title='bbox 3128 3869 3380 3932; x_wconf 89' lang='lat' dir='ltr'>autem</span> <span class='ocrx_word' id='word_1_344' title='bbox 3471 3869 3653 3933; x_wconf 93' lang='lat' dir='ltr'>sunt</span> <span class='ocrx_word' id='word_1_345' title='bbox 3748 3860 3871 3935; x_wconf 85' lang='lat' dir='ltr'>isti</span> 
     </span>
     <span class='ocr_line' id='line_1_72' title="bbox 2327 3973 3869 4072; baseline 0.002 -23"><span class='ocrx_word' id='word_1_346' title='bbox 2327 3976 2668 4051; x_wconf 80' lang='lat' dir='ltr'>desectus</span> <span class='ocrx_word' id='word_1_347' title='bbox 2719 3973 3056 4067; x_wconf 85' lang='lat' dir='ltr'>divisim,</span> <span class='ocrx_word' id='word_1_348' title='bbox 3120 3974 3301 4071; x_wconf 88' lang='lat' dir='ltr'>quia</span> <span class='ocrx_word' id='word_1_349' title='bbox 3363 3975 3644 4072; x_wconf 86' lang='lat' dir='ltr'>aliquis</span> <span class='ocrx_word' id='word_1_350' title='bbox 3713 4001 3869 4052; x_wconf 89' lang='lat' dir='ltr'>non</span> 
     </span>
     <span class='ocr_line' id='line_1_73' title="bbox 2326 4091 3870 4185; baseline 0.001 -19"><span class='ocrx_word' id='word_1_351' title='bbox 2326 4093 2556 4167; x_wconf 89' lang='lat' dir='ltr'>habet</span> <span class='ocrx_word' id='word_1_352' title='bbox 2609 4115 2831 4167; x_wconf 90' lang='lat' dir='ltr'>usum</span> <span class='ocrx_word' id='word_1_353' title='bbox 2908 4091 3252 4185; x_wconf 86' lang='lat' dir='ltr'>rationis,</span> <span class='ocrx_word' id='word_1_354' title='bbox 3317 4101 3389 4165; x_wconf 91' lang='lat' dir='ltr'>et</span> <span class='ocrx_word' id='word_1_355' title='bbox 3434 4101 3680 4167; x_wconf 89' lang='lat' dir='ltr'>tamen</span> <span class='ocrx_word' id='word_1_356' title='bbox 3732 4096 3870 4168; x_wconf 86' lang='lat' dir='ltr'>ha-</span> 
     </span>
     <span class='ocr_line' id='line_1_74' title="bbox 2325 4207 3868 4305; baseline 0 -23"><span class='ocrx_word' id='word_1_357' title='bbox 2325 4209 2451 4283; x_wconf 90' lang='lat' dir='ltr'>bet</span> <span class='ocrx_word' id='word_1_358' title='bbox 2499 4208 2674 4302; x_wconf 87' lang='lat' dir='ltr'>alia,</span> <span class='ocrx_word' id='word_1_359' title='bbox 2749 4218 2826 4282; x_wconf 90' lang='lat' dir='ltr'>ut</span> <span class='ocrx_word' id='word_1_360' title='bbox 2886 4207 3167 4301; x_wconf 81' lang='lat' dir='ltr'>fatuuS,</span> <span class='ocrx_word' id='word_1_361' title='bbox 3223 4207 3353 4305; x_wconf 90' lang='lat' dir='ltr'>qui</span> <span class='ocrx_word' id='word_1_362' title='bbox 3423 4209 3653 4283; x_wconf 89' lang='lat' dir='ltr'>habet</span> <span class='ocrx_word' id='word_1_363' title='bbox 3723 4209 3868 4282; x_wconf 86' lang='lat' dir='ltr'>lin-</span> 
     </span>
     <span class='ocr_line' id='line_1_75' title="bbox 2325 4324 3864 4422; baseline 0 -22"><span class='ocrx_word' id='word_1_364' title='bbox 2325 4351 2585 4422; x_wconf 81' lang='lat' dir='ltr'>guam,</span> <span class='ocrx_word' id='word_1_365' title='bbox 2631 4334 2703 4399; x_wconf 89' lang='lat' dir='ltr'>et</span> <span class='ocrx_word' id='word_1_366' title='bbox 2744 4325 2986 4422; x_wconf 82' lang='lat' dir='ltr'>ipsam</span> <span class='ocrx_word' id='word_1_367' title='bbox 3041 4324 3454 4421; x_wconf 89' lang='lat' dir='ltr'>potentiam</span> <span class='ocrx_word' id='word_1_368' title='bbox 3505 4327 3864 4401; x_wconf 86' lang='lat' dir='ltr'>motivam</span> 
     </span>
     <span class='ocr_line' id='line_1_76' title="bbox 2326 4442 3864 4539; baseline 0.002 -24"><span class='ocrx_word' id='word_1_369' title='bbox 2326 4443 2403 4515; x_wconf 91' lang='lat' dir='ltr'>in</span> <span class='ocrx_word' id='word_1_370' title='bbox 2474 4443 2851 4518; x_wconf 85' lang='lat' dir='ltr'>manibus.</span> <span class='ocrx_word' id='word_1_371' title='bbox 2955 4442 3250 4539; x_wconf 76' lang='lat' dir='ltr'>Aliquis</span> <span class='ocrx_word' id='word_1_372' title='bbox 3332 4443 3558 4516; x_wconf 86' lang='lat' dir='ltr'>habet</span> <span class='ocrx_word' id='word_1_373' title='bbox 3639 4469 3864 4518; x_wconf 86' lang='lat' dir='ltr'>usum</span> 
     </span>
     <span class='ocr_line' id='line_1_77' title="bbox 2328 4560 3865 4656; baseline 0.002 -23"><span class='ocrx_word' id='word_1_374' title='bbox 2328 4560 2673 4652; x_wconf 88' lang='lat' dir='ltr'>rationis,</span> <span class='ocrx_word' id='word_1_375' title='bbox 2722 4583 2873 4653; x_wconf 81' lang='lat' dir='ltr'>non</span> <span class='ocrx_word' id='word_1_376' title='bbox 2913 4569 3164 4633; x_wconf 88' lang='lat' dir='ltr'>tamen</span> <span class='ocrx_word' id='word_1_377' title='bbox 3205 4583 3425 4632; x_wconf 92' lang='lat' dir='ltr'>usum</span> <span class='ocrx_word' id='word_1_378' title='bbox 3466 4584 3865 4656; x_wconf 89' lang='lat' dir='ltr'>manuum,</span> 
     </span>
     <span class='ocr_line' id='line_1_78' title="bbox 2328 4676 3872 4776; baseline 0.001 -24"><span class='ocrx_word' id='word_1_379' title='bbox 2328 4686 2411 4752; x_wconf 85' lang='lat' dir='ltr'>ut</span> <span class='ocrx_word' id='word_1_380' title='bbox 2474 4700 2820 4763; x_wconf 88' lang='lat' dir='ltr'>maneus,</span> <span class='ocrx_word' id='word_1_381' title='bbox 2860 4678 2979 4750; x_wconf 85' lang='lat' dir='ltr'>vel</span> <span class='ocrx_word' id='word_1_382' title='bbox 3025 4676 3515 4774; x_wconf 87' lang='lat' dir='ltr'>paralyticus.</span> <span class='ocrx_word' id='word_1_383' title='bbox 3573 4680 3872 4776; x_wconf 77' lang='lat' dir='ltr'>Aliquis</span> 
     </span>
     <span class='ocr_line' id='line_1_79' title="bbox 2331 4793 3867 4890; baseline 0.003 -23"><span class='ocrx_word' id='word_1_384' title='bbox 2331 4796 2559 4869; x_wconf 87' lang='lat' dir='ltr'>babet</span> <span class='ocrx_word' id='word_1_385' title='bbox 2619 4818 2843 4867; x_wconf 89' lang='lat' dir='ltr'>usum</span> <span class='ocrx_word' id='word_1_386' title='bbox 2918 4793 3258 4882; x_wconf 83' lang='lat' dir='ltr'>rationiS,</span> <span class='ocrx_word' id='word_1_387' title='bbox 3333 4802 3406 4868; x_wconf 91' lang='lat' dir='ltr'>et</span> <span class='ocrx_word' id='word_1_388' title='bbox 3466 4820 3867 4890; x_wconf 87' lang='lat' dir='ltr'>manuum,</span> 
     </span>
     <span class='ocr_line' id='line_1_80' title="bbox 2333 4910 3866 5005; baseline 0.002 -22"><span class='ocrx_word' id='word_1_389' title='bbox 2333 4935 2483 4983; x_wconf 88' lang='lat' dir='ltr'>non</span> <span class='ocrx_word' id='word_1_390' title='bbox 2562 4919 2807 4983; x_wconf 86' lang='lat' dir='ltr'>tamen</span> <span class='ocrx_word' id='word_1_391' title='bbox 2887 4910 3199 5002; x_wconf 72' lang='lat' dir='ltr'>lingum,</span> <span class='ocrx_word' id='word_1_392' title='bbox 3275 4921 3355 4983; x_wconf 94' lang='lat' dir='ltr'>ut</span> <span class='ocrx_word' id='word_1_393' title='bbox 3418 4922 3724 5005; x_wconf 79' lang='lat' dir='ltr'>mutus3</span> <span class='ocrx_word' id='word_1_394' title='bbox 3796 4916 3866 4987; x_wconf 92' lang='lat' dir='ltr'>in</span> 
     </span>
     <span class='ocr_line' id='line_1_81' title="bbox 2333 5026 3874 5121; baseline 0.003 -22"><span class='ocrx_word' id='word_1_395' title='bbox 2333 5038 2606 5099; x_wconf 86' lang='lat' dir='ltr'>natura</span> <span class='ocrx_word' id='word_1_396' title='bbox 2660 5026 2889 5121; x_wconf 75' lang='lat' dir='ltr'>igitur</span> <span class='ocrx_word' id='word_1_397' title='bbox 2925 5028 3260 5098; x_wconf 87' lang='lat' dir='ltr'>humana</span> <span class='ocrx_word' id='word_1_398' title='bbox 3305 5029 3564 5101; x_wconf 87' lang='lat' dir='ltr'>nullus</span> <span class='ocrx_word' id='word_1_399' title='bbox 3619 5033 3874 5104; x_wconf 81' lang='lat' dir='ltr'>exclu-</span> 
     </span>
     <span class='ocr_line' id='line_1_82' title="bbox 2331 5142 3874 5242; baseline 0.004 -26"><span class='ocrx_word' id='word_1_400' title='bbox 2331 5143 2536 5216; x_wconf 89' lang='lat' dir='ltr'>ditur</span> <span class='ocrx_word' id='word_1_401' title='bbox 2593 5143 2664 5214; x_wconf 89' lang='lat' dir='ltr'>in</span> <span class='ocrx_word' id='word_1_402' title='bbox 2727 5142 3205 5234; x_wconf 82' lang='lat' dir='ltr'>necessitate,</span> <span class='ocrx_word' id='word_1_403' title='bbox 3278 5143 3422 5217; x_wconf 88' lang='lat' dir='ltr'>nisi</span> <span class='ocrx_word' id='word_1_404' title='bbox 3483 5168 3620 5242; x_wconf 87' lang='lat' dir='ltr'>per</span> <span class='ocrx_word' id='word_1_405' title='bbox 3688 5147 3874 5222; x_wconf 89' lang='lat' dir='ltr'>istos</span> 
     </span>
     <span class='ocr_line' id='line_1_83' title="bbox 2331 5259 3871 5346; baseline 0.004 -14"><span class='ocrx_word' id='word_1_406' title='bbox 2331 5260 2669 5334; x_wconf 83' lang='lat' dir='ltr'>delectus</span> <span class='ocrx_word' id='word_1_407' title='bbox 2714 5260 3127 5333; x_wconf 85' lang='lat' dir='ltr'>naturales.</span> <span class='ocrx_word' id='word_1_408' title='bbox 3167 5259 3383 5346; x_wconf 84' lang='lat' dir='ltr'>Quod</span> <span class='ocrx_word' id='word_1_409' title='bbox 3427 5271 3681 5336; x_wconf 87' lang='lat' dir='ltr'>autem</span> <span class='ocrx_word' id='word_1_410' title='bbox 3720 5289 3871 5338; x_wconf 88' lang='lat' dir='ltr'>non</span> 
     </span>
     <span class='ocr_line' id='line_1_84' title="bbox 2334 5376 3872 5475; baseline 0.004 -26"><span class='ocrx_word' id='word_1_411' title='bbox 2334 5378 2626 5452; x_wconf 87' lang='lat' dir='ltr'>habeus</span> <span class='ocrx_word' id='word_1_412' title='bbox 2706 5402 2927 5451; x_wconf 88' lang='lat' dir='ltr'>usum</span> <span class='ocrx_word' id='word_1_413' title='bbox 3017 5376 3334 5451; x_wconf 87' lang='lat' dir='ltr'>rationis</span> <span class='ocrx_word' id='word_1_414' title='bbox 3396 5381 3872 5475; x_wconf 81' lang='lat' dir='ltr'>excludatur,</span> 
     </span>
     <span class='ocr_line' id='line_1_85' title="bbox 2333 5494 3872 5595; baseline 0.001 -26"><span class='ocrx_word' id='word_1_415' title='bbox 2333 5504 2536 5595; x_wconf 86' lang='lat' dir='ltr'>patet</span> <span class='ocrx_word' id='word_1_416' title='bbox 2591 5494 2683 5567; x_wconf 80' lang='lat' dir='ltr'>de</span> <span class='ocrx_word' id='word_1_417' title='bbox 2738 5496 3091 5569; x_wconf 71' lang='lat' dir='ltr'>Consecr.</span> <span class='ocrx_word' id='word_1_418' title='bbox 3141 5495 3315 5568; x_wconf 74' lang='lat' dir='ltr'>dist.</span> <span class='ocrx_word' id='word_1_419' title='bbox 3365 5495 3434 5567; x_wconf 80' lang='lat'>4.</span> <span class='ocrx_word' id='word_1_420' title='bbox 3497 5521 3562 5569; x_wconf 85' lang='lat' dir='ltr'>c.</span> <span class='ocrx_word' id='word_1_421' title='bbox 3632 5497 3872 5574; x_wconf 80' lang='lat' dir='ltr'>Solet.</span> 
     </span>
     <span class='ocr_line' id='line_1_86' title="bbox 2334 5614 3873 5714; baseline 0.002 -25"><span class='ocrx_word' id='word_1_422' title='bbox 2334 5614 2702 5689; x_wconf 73' lang='lat' dir='ltr'>Similiter</span> <span class='ocrx_word' id='word_1_423' title='bbox 2742 5615 2966 5688; x_wconf 83' lang='lat' dir='ltr'>etiam</span> <span class='ocrx_word' id='word_1_424' title='bbox 3030 5615 3120 5687; x_wconf 84' lang='lat' dir='ltr'>de</span> <span class='ocrx_word' id='word_1_425' title='bbox 3178 5638 3450 5688; x_wconf 74' lang='lat' dir='ltr'>inance</span> <span class='ocrx_word' id='word_1_426' title='bbox 3502 5626 3573 5689; x_wconf 87' lang='lat' dir='ltr'>et</span> <span class='ocrx_word' id='word_1_427' title='bbox 3635 5629 3873 5714; x_wconf 84' lang='lat' dir='ltr'>mute,</span> 
     </span>
    </p>
   </div>
   <div class='ocr_carea' id='block_1_27' title="bbox 3931 1579 4158 1630">
    <p class='ocr_par' dir='ltr' id='par_1_30' title="bbox 3931 1579 4158 1630">
     <span class='ocr_line' id='line_1_87' title="bbox 3931 1579 4158 1630; baseline -0.009 0"><span class='ocrx_word' id='word_1_428' title='bbox 3931 1579 4158 1630; x_wconf 82' lang='lat' dir='ltr'>intentio.</span> 
     </span>
    </p>
   </div>
   <div class='ocr_carea' id='block_1_28' title="bbox 4215 1034 4227 1602">
    <p class='ocr_par' dir='ltr' id='par_1_31' title="bbox 4215 1034 4227 1602">
     <span class='ocr_line' id='line_1_88' title="bbox 4215 1034 4227 1602; baseline 0 0"><span class='ocrx_word' id='word_1_429' title='bbox 4215 1034 4227 1602; x_wconf 95' lang='lat' dir='ltr'> </span> 
     </span>
    </p>
   </div>
  </div>
 </body>
</html>
