4295 6326
718 431 840 497 108

718 602 920 675 lendi
980 602 1185 678 circa
1247 604 1462 696 illud,
1523 628 1695 679 cum
1782 604 2021 701 possit
2086 603 2275 677 illud

715 722 923 794 nolle
989 722 1401 815 meritorie,
1473 731 1546 797 et
1615 720 1822 796 nolle
1894 722 1992 796 sit
2059 731 2276 796 actus

716 837 1140 912 voluntatis
1193 840 1599 936 positivuS‚
1667 839 1768 912 ita
1829 849 2075 937 potest
2134 841 2276 913 ha-

717 953 900 1027 bere
969 966 1223 1028 actum
1286 956 1707 1031 voluntatis
1766 956 1969 1031 circa
2028 956 2275 1052 quod-

714 1093 1047 1169 cumque
1149 1073 1465 1162 bonum,
1555 1083 1629 1147 et.
1722 1075 1866 1147 hoc
1960 1072 2266 1147 sufficit.

719 1186 941 1262 Unde
1053 1190 1624 1285 Augustinus:
1730 1190 1956 1264 Circa
2049 1214 2274 1264 omne

714 1303 923 1401 quod
952 1305 1298 1404 inlelliqo
1338 1331 1655 1405 possum
1703 1307 1822 1381 uli
1861 1305 2268 1392 voluntate,

713 1425 789 1492 et
841 1419 983 1493 lzoc
1050 1420 1218 1494 dico
1288 1420 1634 1505 volendo,
1693 1420 1819 1494 vel
1886 1420 2216 1495 nolendo
2246 1449 2273 1504 ‚-

714 1545 790 1610 et
840 1535 949 1611 sic
1005 1538 1232 1612 etiam
1325 1538 1797 1635 intelligetur
1862 1537 2050 1613 illud
2107 1542 2287 1611 Au-·

710 1652 1063 1748 gustini:
1139 1652 1534 1753 Quidquid
1588 1656 1851 1729 anima
1916 1654 2273 1730 meminit

709 1769 895 1857 vult,
961 1773 1105 1846 hoc
1161 1796 1314 1845 non
1363 1782 1564 1847 esset
1601 1795 1898 1861 verum,
1954 1772 2102 1846 nisi
2154 1796 2269 1846 ac-

709 1885 997 1983 ciperet
1082 1887 1184 1962 ibi
1252 1888 1447 1964 velle
1510 1913 1646 1986 pro
1706 1899 1872 1964 actu
1937 1888 2265 1987 positivo

709 2004 1160 2091 voluntatis,
1234 2016 1369 2080 aut
1442 2007 1879 2081 communis
1964 2018 2077 2081 est
2171 2007 2266 2080 ad

706 2118 905 2193 velle
944 2130 1017 2195 et
1058 2121 1290 2197 nolle.

803 2241 915 2314 Ad
966 2241 1209 2333 aliud,
1289 2243 1351 2318 si
1432 2243 1786 2341 capiatur
1852 2245 2055 2340 quod
2114 2268 2267 2318 om-

705 2381 803 2432 ne
855 2359 1064 2456 quod
1121 2367 1233 2434 est
1274 2384 1372 2434 em
1421 2359 1697 2454 nihilo,
1756 2367 2007 2459 potest
2069 2361 2265 2459 defi-

708 2498 906 2569 cere,
947 2478 1091 2551 hoc
1149 2486 1265 2551 est
1327 2477 1642 2552 tendere
1686 2477 1757 2550 in
1832 2478 2053 2572 nihil,
2116 2479 2262 2554 sibi

717 2591 1152 2688 dimissum,
1201 2595 1593 2688 couced03
1640 2604 1712 2669 et
1772 2619 1864 2669 ex
1916 2598 2060 2670 hoc
2105 2620 2260 2670 non

707 2709 1058 2806 sequitur
1136 2711 1339 2808 quod
1414 2720 1662 2809 potest
1752 2735 2036 2806 errare,
2138 2714 2260 2788 vel

720 2847 1074 2922 peccare,
1135 2826 1318 2922 quia
1368 2826 1532 2925 pari
1576 2826 2090 2925 ratione‚{cum
2139 2827 2263 2900 in-

717 2942 1070 3017 tellectus
1104 2942 1202 3017 sit
1230 2966 1323 3017 ex
1355 2941 1629 3037 nihilo,
1649 2943 1847 3018 sicut
1870 2945 2258 3039 voluntaS‚

715 3055 1155 3132 intellectus
1196 3069 1454 3156 posset
1519 3056 1869 3145 deficere,
1911 3062 2056 3134 hoc
2113 3071 2254 3156 est,

721 3172 1033 3248 tendere
1100 3173 1176 3246 in
1246 3173 1469 3267 nihil,
1539 3174 1684 3249 sibi
1754 3175 2238 3270 dimissuS,et

716 3298 972 3364 tamen
1053 3290 1252 3365 circa
1329 3291 1704 3390 principia
1783 3317 1936 3367 non
2010 3303 2260 3391 potest

353 3435 595 3509 reuderp
618 3448 679 3509 ex
710 3430 1023 3500 errare3
1140 3409 1452 3483 tendere
1547 3409 1780 3505 igitur
1876 3408 1954 3481 in
2064 3410 2255 3484 nihil

356 3498 865 3613 {Zinel'lffissnon
962 3523 1215 3621 arguit
1327 3525 1531 3623 quod
1650 3536 1899 3623 potest
1999 3550 2256 3601 errare

386 3639 655 3738 ’θδῐξξθῗω
710 3650 965 3715 stante
1007 3665 1149 3716 sua
1200 3651 1501 3717 natura.
1565 3643 1934 3719 Similiter
1997 3667 2256 3719 amare

710 3760 957 3834 Deum
996 3768 1110 3834 est
1187 3769 1402 3834 actus
1470 3769 1798 3847 creatus,
1862 3771 1930 3836 et
1998 3771 2251 3836 tamen

710 3886 957 3951 stante
1005 3887 1207 3970 actu,
1268 3877 1739 3976 impossibile
1798 3887 1912 3953 est
2001 3878 2253 3977 ipsum

712 3992 1069 4087 deficere,
1139 3994 1243 4067 ita
1295 3994 1497 4090 quod
1558 3994 1799 4092 possit
1875 4018 2043 4069 esse
2096 4018 2255 4067 non

714 4118 996 4204 rectus,
1033 4111 1215 4184 dum
1268 4119 1407 4185 est.
1446 4111 1686 4185 Etiam
1741 4111 1933 4186 ratio
1981 4135 2255 4209 aequa-

710 4228 884 4303 liter
933 4228 1428 4303 concluderet
1485 4229 1690 4326 quod
1749 4229 1942 4326 lapis
1995 4238 2254 4327 posset

711 4369 1057 4444 peccare,
1116 4345 1298 4441 quia
1366 4355 1613 4442 potest
1679 4344 2033 4439 deficere,
2105 4348 2251 4421 hoc

710 4473 852 4556 est,
890 4462 1200 4537 tendere
1242 4462 1321 4535 in
1363 4462 1582 4534 nihil.

506 4613 571 4680 5·
807 4579 998 4654 Dico
1031 4579 1266 4676 igitur
1296 4578 1747 4653 sustinendo
1813 4580 2253 4653 conclusio-

351 4726 505 4779 Ratio
536 4729 649 4801 pri?
710 4719 887 4770 nem
933 4704 1244 4794 propter
1282 4697 1456 4788 hoc,
1506 4696 1708 4793 quod
1763 4694 2252 4770 auctoritates

381 4804 479 4915 ¹3?ss
500 4790 643 4904 80‘3‘1'2‘}
710 4811 1167 4886 Sanctorum
1222 4810 1582 4886 videntur
1631 4811 1875 4908 magis
1934 4812 2253 4885 conclu—

367 4915 635 5043 1322?ssss
707 4928 888 5002 dere
922 4927 1131 5002 illam
1174 4936 1464 5024 partem
1501 4950 1732 5025 quam
1785 4928 2245 5026 oppositam,

706 5055 780 5121 et
813 5044 1010 5118 addo
1071 5043 1407 5118 rationes
1457 5044 1916 5142 probabiles,
1991 5044 2252 5119 Prima

707 5171 823 5237 est
851 5160 1067 5235 talis:
1116 5159 1382 5267 Omnis
1421 5162 1780 5236 voluntas
1820 5170 2066 5260 potest
2110 5186 2251 5260 ap-

703 5288 964 5379 petere
998 5279 1515 5370 commodum‚
1562 5279 1743 5378 quia
1801 5278 2055 5355 omnis
2111 5303 2250 5378 ap-

698 5395 977 5497 petitns
1004 5418 1339 5493 sequeus
1371 5397 2066 5495 apprehensionem
2108 5422 2250 5496 po-

704 5525 850 5591 test
911 5518 1053 5589 hoc
1126 5524 1484 5614 appetere
1562 5516 2080 5609 commodum,
2168 5524 2250 5589 ut

2130 431 2368 499 LIBRI
2419 433 2505 504 11.

2383 630 2646 702 arguo,
2707 609 2959 683 omnis
2994 612 3375 703 voluntas,
3437 612 3511 683 in
3569 635 3723 709 qua
3764 634 3918 683 non

2381 723 2816 797 necessario
2914 726 3493 822 conjunguntur
3563 734 3921 824 appetere

2381 840 2890 934 commodum,
2952 852 3024 916 et
3065 850 3262 917 recle
3333 850 3714 939 appetere,
3781 870 3920 940 po-

2381 962 2524 1028 test
2598 966 2955 1053 appetere
3020 982 3255 1030 unum
3341 959 3506 1031 sine
3576 958 3755 1050 alio,
3841 968 3921 1030 ut

2378 1071 2895 1159 commodum,
2960 1082 3033 1147 et
3100 1097 3252 1146 non
3331 1084 3580 1166 recte3
3634 1074 3765 1147 sed
3836 1073 3911 1144 in

2378 1187 2593 1259 nulla
2637 1188 3029 1263 voluntate
3058 1198 3311 1264 creata
3355 1199 3533 1263 sunt
3583 1190 3727 1263 isla
3765 1190 3915 1263 duo

2376 1304 2812 1377 necessario
2913 1305 3147 1379 unita.
3251 1306 3636 1397 ProbatiO,

2375 1420 2591 1492 nulla
2633 1421 2993 1495 voluntas
3022 1445 3114 1495 ex
3168 1424 3309 1495 hoc
3342 1424 3504 1496 solo
3537 1422 3742 1520 quod
3776 1447 3914 1521 ap-

2374 1535 2587 1633 petit,
2659 1545 2774 1610 est
2849 1546 3079 1630 recta,
3133 1537 3280 1612 nisi
3341 1541 3697 1614 voluntas
3761 1540 3916 1638 pri-

2375 1674 2543 1745 ma3
2593 1652 2826 1749 igitur
2917 1656 3170 1729 omnis
3230 1658 3590 1731 voluntas
3657 1667 3910 1733 creata

2378 1781 2625 1867 potest
2728 1795 2883 1845 non
2993 1782 3192 1847 recte
3297 1785 3655 1872 appetere
3769 1776 3912 1849 sibi

2372 1887 2887 1961 commodum.

2469 2003 2776 2098 Dicunt,
2829 2006 3014 2079 illud
3077 2030 3228 2080 non
3292 2008 3665 2104 sequitur,
3732 2010 3914 2105 quia

2372 2121 2547 2195 licet
2577 2146 2670 2197 ex
2701 2125 2846 2198 hoc
2878 2125 3069 2217 solo,
3125 2126 3329 2222 quod
3372 2126 3686 2224 appetit,
3760 2151 3911 2199 non

2371 2241 2466 2315 sit
2496 2244 2854 2317 voluntas
2895 2255 3149 2318 creata
3192 2255 3419 2332 recta,
3482 2255 3727 2319 tamen
3775 2271 3913 2343 po-

2369 2368 2514 2434 test
2554 2360 2824 2453 creari,
2901 2370 2980 2435 ut
3037 2385 3342 2460 semper
3395 2365 3913 2438 conformetur

2368 2476 2660 2570 regulae
2706 2486 2956 2565 rectae,
3007 2483 3079 2548 et
3131 2474 3233 2549 ita
3289 2476 3485 2550 bene
3543 2486 3655 2550 est
3708 2487 3909 2551 recta

2365 2601 2744 2689 protunc,
2801 2593 2999 2665 sicut
3066 2593 3350 2687 regula,
3397 2603 3479 2667 ut
3538 2594 3751 2690 prius
3794 2619 3904 2668 ar-

2367 2718 2635 2803 gutum
2671 2718 2807 2783 est.

2465 2826 2745 2899 Contra
2786 2824 2973 2900 illud
3020 2849 3173 2898 non
3205 2825 3461 2919 instat,
3517 2827 3698 2923 quia
3738 2851 3909 2901 om-

2366 2942 2487 3015 nis
2518 2942 2875 3016 voluntas
2925 2942 3123 3016 sicut
3184 2953 3459 3041 potest,⁴
3498 2945 3694 3018 velle
3764 2946 3906 3019 sibi

2367 3058 2886 3152 commodum,
2924 3058 3030 3132 sic
3066 3069 3310 3155 potest
3356 3061 3551 3134 velle
3605 3086 3694 3136 eo
3738 3087 3906 3135 mo-

2365 3178 2459 3252 do
2493 3201 2647 3275 quo
2680 3187 2881 3252 esset
2920 3177 3063 3251 sibi
3096 3179 3342 3274 majus
3383 3181 3898 3266 commodum,

2364 3295 2428 3370 si
2487 3295 2799 3388 inesset,
2845 3295 2975 3392 qui
3029 3295 3336 3391 quidem
3423 3297 3694 3371 modus
3750 3322 3899 3371 non

2365 3421 2477 3486 est
2564 3411 3060 3508 praescriptus
3118 3434 3162 3483 a
3228 3412 3415 3497 De0‚
3478 3424 3558 3486 ut
3616 3438 3904 3512 suppo-

2363 3553 2507 3614 no;
2592 3528 2722 3602 sed
2792 3528 2855 3602 si
2934 3529 3420 3602 commodum
3513 3529 3899 3604 infinitum

2361 3654 2560 3720 esset
2655 3644 2799 3718 sibi
2878 3644 3108 3736 idem,
3168 3645 3410 3740 magis
3470 3658 3670 3721 esset
3755 3648 3899 3722 sibi

2360 3761 2850 3835 commodum
2909 3783 3142 3857 quam
3216 3784 3422 3835 nunc
3487 3763 3609 3856 sit,
3684 3775 3756 3837 et
3789 3765 3896 3839 sic

2360 3885 2608 3974 potest
2666 3877 3031 3972 quaelibet
3090 3879 3450 3951 voluntas
3541 3891 3900 3976 appetere

2362 3992 2505 4067 sibi
2564 4017 2955 4067 summum
3021 3994 3539 4088 commodum,
3606 4006 3687 4069 ut
3753 3998 3898 4071 sibi

2358 4109 2586 4195 idem,
2621 4109 2823 4182 etsic
2856 4118 3102 4206 potest
3142 4119 3499 4207 appetere
3542 4136 3695 4185 non
3733 4137 3899 4186 rec-

2363 4233 2428 4300 te
2494 4225 3015 4318 commodum,
3091 4225 3273 4322 quia
3331 4236 3689 4324 appetere
3750 4228 3894 4301 sibi

2357 4343 2531 4440 plus
2572 4365 2803 4439 quam
2847 4342 2944 4415 sit
2991 4342 3427 4417 ordinatum
3488 4368 3533 4418 a
3586 4345 3769 4419 Deo.
3812 4349 3901 4419 Et

2356 4458 2465 4531 sic
2524 4468 2773 4556 potest
2830 4467 3090 4534 tenere
3131 4459 3378 4557 prima
3428 4461 3619 4536 ratio
3679 4487 3900 4561 supe-

2356 4572 2518 4647 rius
2589 4574 2805 4663 facta,
2871 4574 3075 4670 quod
3158 4575 3409 4648 omnis
3507 4579 3891 4673 voluntaS‚

2357 4715 2532 4790 quae
2574 4691 2648 4764 in
2694 4691 2992 4788 agendo
3052 4716 3207 4766 non
3251 4703 3365 4768 est
3413 4717 3555 4770 sua
3594 4698 3890 4792 regula,

2355 4831 2605 4904 neque
2660 4808 3099 4883 necessario
3141 4810 3554 4885 conformis
3606 4816 3895 4910 regulae

2354 4947 2546 5019 suae,
2582 4933 2833 5022 potest
2862 4925 2939 4996 in
2998 4925 3295 5019 agendo
3364 4948 3649 5021 errare,
3712 4930 3895 5026 quia

2353 5052 2612 5140 posset
2642 5050 3002 5140 appetere
3045 5041 3190 5116 sibi
3243 5044 3730 5117 commodum
3774 5070 3895 5121 se-

2354 5159 2693 5233 cundum
2728 5181 3032 5231 omnem
3071 5158 3383 5232 modum
3435 5183 3587 5258 quo
3639 5173 3896 5260 posset

2356 5301 2523 5354 esse
2627 5278 2769 5351 sibi
2875 5280 3397 5374 commodum,
3519 5305 3581 5355 si
3700 5283 3894 5359 ines-

2354 5404 2492 5471 set.

2453 5512 2811 5586 Secunda
2878 5511 3068 5585 ratio
3133 5512 3227 5586 ad
3309 5512 3555 5588 idem:
3631 5516 3897 5591 Omnis

3994 1426 4211 1473 cessario

3949 1490 4110 1541 recta.
4145 1491 4226 1538 nini

4063 1549 4164 1599 Dei.

4088 5482 4166 5548 6.

3959 5593 4252 5650 Secunda

692 5642 1021 5733 apparet
1054 5632 1130 5705 in
1193 5632 1874 5708 irrationabilibus.
1959 5635 2068 5707 Ex
2124 5633 2247 5707 his
2358 5630 2745 5722 veluntas,
2791 5628 3077 5726 quaein
3112 5629 3539 5727 appetendo
3589 5655 3744 5705 non
3788 5643 3901 5708 est
3942 5655 4134 5710 uuna
4174 5676 4252 5713 vo
