4295 6326
1530 418 1756 489 DIST.
1805 417 2063 487 XXIII.
2114 414 2533 496 QUAESTIO
2583 414 2880 486 UNICA.

3659 407 3788 475 443

585 586 759 683 quis
818 598 1064 685 potest
1149 614 1318 666 esse
1401 602 1658 667 certus
1725 614 1805 665 se
1851 592 2135 665 habere
2247 611 2327 662 se
2364 588 2644 663 habere
2674 587 2933 682 fidem,
2971 613 3146 687 quae
3179 596 3295 661 est
3325 583 3516 659 ratio
3550 579 3790 655 scien·

582 701 841 792 fidem,
888 705 1089 781 sicut
1155 719 1406 806 potest
1462 730 1630 792 esse
1701 718 1956 783 certus
2000 708 2137 781 ha-
2247 707 2320 781 di
2356 707 2432 780 in
2476 708 2645 783 actu
2690 710 3058 784 secundo.
3110 707 3255 783 Sed
3336 705 3398 780 si
3476 697 3791 798 impedi-

585 820 764 896 bere
797 823 1226 920 scientiam,
1264 836 1337 901 et
1384 828 1527 901 hoc
1569 836 1682 901 est
1732 825 2132 922 arguendo

588 938 931 1014 habitum
958 942 1211 1020 inesse
1239 968 1331 1020 ex
1355 945 1652 1019 actibus
1688 975 1703 1034 ;
1743 966 1895 1016 non
1928 941 2133 1017 enim

235 1080 424 1137 Nuuus
455 1078 554 1130 seit
588 1056 738 1131 alio
773 1062 1008 1136 modo
1049 1062 1287 1137 scitur
1317 1063 1637 1138 scientia
1666 1062 1944 1137 inesse.
1983 1060 2131 1135 Sed

236 1148 525 1264 ‘fi‘dssffnbffffi
588 1174 1036 1274 accipiendo
1085 1177 1350 1275 fidem,
1400 1189 1477 1253 ut
1530 1188 1643 1255 est
1683 1178 1874 1254 fides
1918 1201 2127 1272 vera,

253 1280 447 1408 ‘22⁰3'AE
469 1283 532 1391 ξι
589 1300 662 1366 et
693 1303 925 1388 certa,
956 1319 1107 1369 non
1141 1297 1436 1371 habens
1459 1319 1796 1372 errorem
1833 1295 2132 1370 admix-

585 1421 777 1506 tum,
826 1436 979 1488 non
1044 1416 1433 1512 loquendo
1481 1416 1573 1489 ad
1623 1418 1767 1489 hoc
1808 1413 1955 1488 side
2009 1414 2132 1487 in-

585 1528 781 1623 fusa,
827 1531 961 1605 sed
1001 1531 1094 1606 de
1127 1530 1277 1607 fide
1309 1532 1389 1605 in
1431 1530 1803 1628 generali,
1842 1529 2130 1604 scilicet

585 1655 666 1720 ut
714 1656 828 1722 est
892 1648 1201 1724 habitus
1258 1648 1645 1724 inclinans
1686 1650 1763 1722 in
1825 1672 2124 1743 verum,

579 1759 689 1836 sic
754 1765 1017 1839 nullus
1071 1774 1210 1853 est,
1276 1765 1407 1863 qui
1450 1766 1845 1862 arguendo
1898 1765 2128 1840 etiam

579 1878 720 1954 scit
759 1903 840 1956 se
884 1882 1168 1957 habere
1201 1881 1428 1958 fidem
1463 1907 1755 1976 veram,
1792 1891 1863 1957 et
1897 1881 2000 1975 id,
2047 1882 2124 1955 in

580 1998 785 2094 quod
842 1997 1188 2095 inclinat,
1235 1999 1426 2074 sciat
1479 2023 1647 2076 esse
1691 2022 1991 2094 verum,
2024 1998 2128 2074 ita

578 2114 784 2209 quod
846 2114 1071 2190 faciat
1124 2117 1498 2192 assentire
1568 2140 1775 2192 vero.
1826 2118 1914 2190 Et
1982 2117 2125 2189 hoc

579 2232 949 2327 probatur
989 2257 1127 2332 per
1171 2236 1344 2330 hoc,
1383 2234 1565 2334 quia
1605 2259 1760 2309 non
1810 2257 2121 2333 possum

579 2348 774 2425 scire
824 2374 942 2427 me
1003 2352 1378 2428 assentire
1420 2376 1634 2446 vero,
1671 2351 1819 2425 nisi
1888 2351 2122 2426 sciam

578 2470 653 2543 id
707 2493 876 2545 esse
926 2494 1197 2547 verum
1266 2472 1388 2547 cui
1442 2470 1829 2564 assentio,
1875 2471 2005 2545 sed
2050 2469 2121 2543 id

579 2586 703 2662 cui
735 2589 1101 2684 assentiO,
1148 2591 1484 2666 creditur
1516 2614 1682 2666 esse
1718 2613 2016 2682 verum,
2053 2596 2125 2663 et

576 2730 734 2781 non
764 2692 1045 2803 scitur3
1085 2733 1268 2806 ergo
1328 2734 1482 2784 non
1550 2732 1869 2807 possum
1928 2707 2123 2783 scire

582 2847 700 2899 me
757 2825 1135 2901 assentire
1178 2850 1363 2901 vero
1421 2824 1795 2920 credibili,
1841 2835 1915 2901 et
1953 2824 2123 2900 ideo

577 2965 732 3015 non
790 2952 1042 3041 potest
1108 2942 1285 3018 sciri
1356 2967 1542 3019 vera
1604 2942 1794 3019 fides
1870 2943 2122 3018 inesse

578 3058 846 3154 nobis3
908 3060 1123 3160 prius
1199 3060 1405 3135 enim
1468 3070 1854 3160 oporteret
1928 3059 2123 3136 scire

579 3176 654 3249 id
733 3201 900 3252 esse
979 3203 1250 3254 verum
1320 3178 1441 3253 cui
1521 3178 1966 3273 assentitur,
2041 3187 2126 3253 ut

581 3297 789 3394 quod
825 3297 1032 3372 Deus
1064 3304 1175 3373 est
1219 3297 1499 3372 Trinus
1531 3304 1605 3372 et
1629 3321 1852 3391 unu-3,
1908 3306 2126 3372 ante-

584 3438 815 3513 quam
847 3415 1078 3491 sciam
1118 3439 1237 3491 me
1274 3416 1556 3491 habere
1591 3415 1820 3491 fidem
1859 3440 2121 3491 veram

587 3535 679 3609 de
723 3533 880 3610 illo.

346 3673 454 3739 22,
682 3651 796 3725 Ad
862 3652 1288 3728 secundum
1360 3654 1613 3727 locum
1683 3650 2120 3749 Augustini,

587 3766 756 3843 dico
789 3769 994 3867 quod
1027 3768 1370 3867 loquitur
1410 3770 1503 3844 de
1545 3768 1867 3844 scientia
1915 3767 2122 3864 fidei,

584 3909 739 3960 non
775 3885 957 3984 quia
996 3885 1236 3961 scitur
1275 3896 1447 3961 actu
1527 3886 1866 3961 secundo
1928 3886 2126 3963 ines-

585 4029 693 4099 se,
740 4005 871 4079 sed
915 4014 1085 4079 actu
1131 4004 1408 4103 primo.
1448 4003 1664 4079 Sicut
1738 4004 1942 4080 enim
2004 4029 2128 4081 ve·

585 4121 881 4197 ritatem
949 4122 1204 4216 habet,
1273 4123 1478 4221 quod
1570 4123 1829 4197 anima
1913 4124 2128 4197 novit

582 4263 686 4325 se,
741 4239 844 4314 ita
882 4263 1186 4338 semper
1228 4239 1442 4315 novit
1491 4263 1719 4315 omne
1776 4240 2130 4338 intelligi-

579 4357 731 4433 bile
765 4358 910 4434 sibi
959 4382 1095 4457 per
1162 4359 1574 4435 essentiam
1645 4383 2017 4458 praesenS,
2056 4369 2130 4435 et

581 4477 725 4551 hoc
758 4485 870 4551 est
902 4486 1103 4571 actu,
1167 4486 1242 4552 et
1307 4477 1384 4549 in
1430 4476 1760 4571 habitu3
1826 4478 1960 4553 sed
2023 4487 2129 4552 ta·

581 4617 753 4669 men
799 4617 951 4668 non
1021 4602 1202 4669 sunt
1268 4593 1530 4669 omnia
1572 4592 1649 4667 in
1721 4595 1985 4671 habitu
2056 4604 2130 4670 et

578 4718 747 4784 actu
822 4710 1069 4810 primo
1139 4709 1272 4805 ibi,
1337 4734 1514 4809 quae
1575 4709 1972 4786 sufficiunt
2031 4713 2124 4786 ad

579 4827 934 4901 eumdem
1005 4837 1261 4902 actum
1339 4829 1767 4904 secundum
1840 4857 1859 4923 3
1941 4852 2124 4927 ergo

580 4949 749 5016 actu
801 4965 955 5017 non
999 4951 1249 5041 potest
1308 4966 1772 5040 cognoscere
1826 4952 1898 5018 et
1929 4943 2124 5020 scire

257 5112 533 5165 Anmdo
580 5079 661 5132 se
730 5059 1013 5135 habere
1080 5057 1340 5135 tidem.
1408 5061 1626 5135 Unde
1688 5061 1858 5135 dico
1917 5061 2124 5159 quod

221 5178 548 5292 meflggg‘fre
581 5185 749 5251 actu
795 5177 1044 5275 primo
1086 5203 1395 5276 semper
1434 5179 1648 5254 novit
1699 5179 1958 5253 anima
2010 5204 2121 5275 se,

580 5304 654 5369 et
693 5296 955 5371 omnia
995 5321 1170 5395 quae
1202 5308 1383 5372 sunt
1423 5321 1559 5396 per
1588 5298 2001 5374 essentiam
2045 5298 2122 5372 in

578 5435 695 5506 ea,
743 5436 896 5486 non
941 5423 1111 5487 actu
1159 5415 1530 5509 secunde,
1577 5421 1651 5489 et
1716 5413 1825 5489 sic
1866 5413 2127 5489 anima

581 5538 750 5603 actu
810 5530 1056 5628 primo
1126 5541 1333 5606 certa
1400 5531 1722 5607 scientia
1779 5542 1986 5607 tenet
2043 5556 2124 5608 se

579 5646 863 5723 habere
898 5647 1156 5745 fidem,
1187 5649 1369 5747 quia
1421 5648 1565 5724 scit
1637 5659 1805 5725 actu
1875 5649 2124 5749 primo

2250 836 2589 901 mentum
2664 839 3138 921 amoveatur,
3197 835 3380 898 tunc
3438 828 3607 894 actu
3680 839 3791 891 sc-

2245 946 2497 1019 cundo
2579 947 2960 1021 scirentur
3038 944 3299 1020 omnia
3381 934 3791 1039 praesentia

2244 1059 2318 1133 in
2356 1062 2639 1152 anima,
2676 1062 2873 1137 sicut
2930 1071 3044 1137 est
3094 1061 3185 1137 de
3254 1057 3513 1134 anima
3578 1074 3789 1150 sepa-

2241 1188 2430 1252 rata.
2506 1179 2658 1253 Sed
2723 1179 3167 1277 hujusmodi
3263 1171 3660 1251 credibilia
3744 1191 3789 1242 a

2242 1296 2466 1371 nobis
2499 1321 2636 1395 pro
2688 1307 2886 1371 statu
2958 1296 3105 1371 viae
3183 1320 3335 1369 non
3405 1293 3782 1381 sciuntur,

2240 1416 2422 1512 quia
2456 1415 2713 1491 anima
2764 1415 3124 1507 intelligit
3181 1438 3351 1490 cum
3425 1415 3786 1511 phantas-

2242 1533 2601 1623 matibuS‚
2647 1542 2720 1608 et
2762 1534 3028 1608 talium
3070 1558 3227 1608 non
3287 1542 3468 1608 sunt
3533 1532 3785 1628 phan-

2235 1662 2605 1746 tasmata3
2654 1652 2824 1728 ideo
2867 1652 3035 1726 dico
3112 1652 3315 1750 quod
3385 1649 3583 1724 sicut
3648 1670 3784 1745 per

2240 1770 2464 1846 si'dem
2503 1771 2729 1846 credo
2798 1771 3046 1846 Deum
3118 1794 3285 1845 esse
3356 1768 3640 1842 trinum
3712 1775 3785 1841 et

2241 1912 2511 1976 unum,
2579 1888 2688 1963 sic
2748 1888 2974 1963 etiam
3074 1887 3302 1962 credo
3367 1908 3483 1960 me
3553 1882 3782 1957 fidem

2237 2008 2549 2101 habere,
2594 2006 2898 2081 etsicut
2958 2030 3194 2080 unum
3242 2028 3394 2078 non
3466 2024 3780 2101 possum

2235 2126 2791 2219 demonstrare,
2822 2125 2925 2198 ita
2953 2147 3094 2198 nec
3117 2123 3529 2220 reliquum.

2757 2436 3117 2494 SCIIOLIUM
3157 2436 3250 2493 V1.

2302 2589 2485 2647 Solvit
2533 2592 2882 2661 argumenta
2941 2587 3285 2660 principalia
3341 2603 3442 2657 per
3492 2586 3775 2658 optimam

2232 2680 2556 2737 doctrinam
2589 2679 2887 2752 explicans
2929 2694 3102 2734 suum
3152 2676 3381 2733 dicendi
3431 2675 3668 2732 modum
3718 2676 3775 2729 in

2229 2770 2339 2826 hac
2371 2768 2718 2826 difficillima
2747 2770 3085 2841 quaestione.

2328 2947 2439 3021 Ad
2515 2946 2847 3044 primum
2945 2942 3397 3042 principale,
3459 2939 3769 3039 quando
3917 2988 4025 3054 23·

2232 3063 2582 3161 arguitur
2613 3063 2819 3162 quod
2852 3061 2945 3136 ad
2996 3084 3305 3136 omnem
3372 3058 3770 3134 certitudi-
3798 3102 3880 3154 Ad
3915 3117 4118 3179 argum.

2234 3209 2406 3261 nem
2490 3183 2772 3260 sufficit
2849 3181 3040 3257 fides
3115 3180 3491 3279 acquisita
3566 3178 3772 3256 susfi-
3828 3173 3872 3219 ¹·
3908 3168 4103 3295 fflss‘fi·

2233 3304 2523 3379 cienter
2563 3302 2655 3378 ad
2725 3310 3009 3395 actum,
3064 3311 3140 3375 et
3188 3300 3417 3375 etiam
3494 3299 3588 3373 ad
3648 3323 3775 3374 as-

2234 3444 2547 3496 sensum
2580 3427 2904 3514 certum,
2927 3426 3194 3492 contra
3217 3415 3773 3491 dubitationem

2231 3546 2306 3614 et
2379 3536 2861 3636 opinionem,
2934 3559 3092 3609 non
3168 3530 3451 3609 sufficit
3516 3542 3773 3607 tamen

2233 3657 2326 3730 ad
2369 3679 2679 3730 omnem
2736 3653 3312 3754 perfectionem,
3348 3675 3582 3750 quam
3650 3652 3776 3726 dat

2234 3772 2423 3849 fides
2501 3773 2777 3847 infusa.
2836 3774 3072 3846 Actus
3138 3771 3342 3846 enim
3406 3770 3559 3863 ille,
3597 3769 3773 3844 licet

2232 3891 2473 3991 possit
2537 3911 2705 3965 esse
2787 3900 3071 3982 certus,
3147 3912 3302 3963 non
3357 3897 3613 3962 tamen
3674 3887 3778 3962 ita

2232 4010 2562 4108 perfecte
2597 4017 2879 4098 certuS,
2917 4007 3115 4082 sicut
3155 4029 3291 4103 per
3330 4003 3556 4079 fidem
3584 4003 3778 4078 inlu-

2233 4149 2424 4214 sam,
2461 4148 2692 4223 quam
2740 4122 3286 4223 perfectionem
3347 4145 3499 4194 non
3551 4120 3777 4195 habe-

2236 4266 2408 4318 mus
2439 4243 2605 4318 sine
2634 4267 2725 4317 ea
2760 4269 2776 4330 ;
2815 4242 2986 4317 ideo
3020 4265 3172 4315 non
3227 4237 3510 4315 sufficit
3542 4262 3779 4337 quan-

2232 4370 2395 4435 tum
2465 4361 2559 4435 ad
2626 4369 2877 4435 actum
2929 4359 3361 4434 secundum
3429 4359 3522 4433 ad
3592 4381 3780 4432 cau-

2235 4477 2553 4552 sandam
2595 4485 2886 4552 tantam
2923 4473 3497 4574 perfectionem,
3542 4496 3781 4570 quan-

2235 4602 2388 4668 tam
2430 4603 2677 4692 potest
2732 4593 2915 4667 dare
2973 4590 3167 4666 fides
3235 4589 3490 4666 infusa
3558 4614 3574 4677 3
3635 4614 3778 4665 nec

2235 4713 2464 4788 etiam
2523 4712 2841 4788 omnino
2920 4719 3298 4810 quantum
3358 4710 3450 4784 ad
3522 4719 3775 4786 actum

2236 4829 2601 4927 primum,
2647 4827 2835 4926 quia
2866 4828 3303 4903 intellectus
3357 4850 3510 4900 non
3582 4834 3781 4901 esset

2235 4947 2925 5047 supernaturaliter
3000 4947 3407 5045 perfectus,
3447 4943 3593 5019 nisi
3655 4946 3781 5018 ba-

2235 5067 2452 5141 beret
2482 5063 2713 5140 fidem
2747 5065 3108 5159 infusam,
3154 5073 3225 5139 et
3266 5063 3437 5139 ideo
3484 5072 3780 5162 oportet

2233 5205 2522 5279 ponere
2558 5190 3001 5278 utrumque.

2333 5299 2445 5372 Ad
2505 5299 2932 5374 secundum
2995 5296 3444 5395 principale,
3510 5295 3775 5370 dicen·
3808 5343 3885 5395 Ad
3925 5352 4115 5392 seeun-

2235 5415 2418 5489 dum
2458 5415 2663 5513 quod
2742 5414 3021 5512 aliquis
3095 5422 3344 5512 potest
3402 5413 3771 5488 assentire
3818 5405 4055 5519 nedum.

3899 5470 3943 5518 ci
3984 5469 4090 5517 itur

2233 5557 2371 5632 per
2434 5532 2967 5632 syllogismum
3032 5531 3578 5628 falsigraphum
3649 5483 4122 5645 Op‘qe⁰x⁵⁸r}1f1³11¹2⁰

2234 5651 2484 5749 posito
2567 5649 3087 5726 conclusionis
3155 5648 3775 5724 demonstrabilis
3808 5656 4118 5724 syllogismi.
