4295 6326
99 2558 181 2605 Ad
215 2568 333 2618 arg.
373 2563 418 2620 1,

94 2622 302 2683 quaest.
343 2624 387 2671 ¹.

95 3120 176 3175 Ad
222 3131 423 3172 secun-

196 3185 346 3236 dum.

95 3724 233 3775 Utra
280 3733 400 3796 per-

159 3787 365 3854 tectior

161 3851 401 3899 scientia

97 3913 190 3963 vel
233 3908 432 3974 produ-

101 3973 269 4026 cendi
302 3985 403 4046 po-

180 4041 370 4088 tentia.

1490 400 1718 470 DIST.
1766 398 1955 467 XVI.
2007 398 2425 479 QUAESTIO
2474 400 2562 471 Il.

453 568 693 643 forma
740 571 1291 668 corporeitatis.
1340 574 1432 646 Et
1465 570 1994 645 concomitan-

450 693 564 758 ter
594 686 1016 761 assumitur
1055 688 1187 761 illa
1227 711 1406 787 pars
1464 711 1508 761 a
1574 687 1856 781 Verbo,
1919 696 1991 761 et

450 800 593 874 sibi
648 803 938 891 unitur,
989 803 1171 901 quia
1240 827 1416 903 pars
1473 804 1752 896 totius3
1834 827 1989 877 non

452 927 708 992 autem
751 929 865 993 est
895 943 1034 1018 per
1074 943 1155 995 se
1196 919 1577 995 terminus
1616 919 1826 993 illius
1861 942 1994 992 nu-

450 1034 783 1110 tritionis
825 1061 999 1112 caro
1056 1038 1269 1112 unita
1315 1038 1594 1112 Verbo,

963 1390 1326 1448 SCHOLIUM
1370 1391 1473 1447 ΙΙΙ.

521 1580 600 1635 Ad
645 1581 968 1638 secundum
1020 1582 1238 1654 optime
1294 1581 1544 1654 explicat
1600 1596 1776 1653 quare
1806 1580 1996 1638 omni-

451 1668 697 1726 scientia
726 1670 1229 1727 communicabilis
1278 1676 1366 1727 est
1412 1670 1610 1727 eninm
1656 1670 1892 1737 Christi,
1942 1677 1997 1725 et

450 1777 567 1818 non
610 1763 1054 1834 omnipotentia.
1097 1764 1181 1818 Ad
1236 1765 1581 1830 secundum,
1631 1762 1997 1835 quodfflnulla

453 1845 636 1901 forma
683 1846 841 1902 tollit
906 1847 1228 1903 formaliter
1284 1847 1662 1920 privationem
1722 1849 1994 1919 aliorum,

454 1952 642 2007 neque
673 1935 1017 2003 virtualiter,
1051 1937 1160 1993 uisi
1193 1953 1288 1993 eas
1317 1938 1616 1994 contineat
1657 1939 1994 1997 eminenter.

453 2025 618 2081 Unde
649 2024 887 2092 coelum,
919 2026 1392 2099 quidquidgdicat
1435 2028 1796 2096 Aristoteles,
1843 2030 1902 2085 in
1935 2044 1998 2085 se

455 2113 831 2187 corruptibile
862 2120 969 2183 est,
995 2116 1094 2171 sed
1128 2133 1242 2171 non
1274 2121 1360 2172 est
1388 2132 1568 2190 agens
1598 2116 1894 2174 sufficiens
1925 2118 1995 2173 ad

460 2201 858 2259 alterationem
893 2203 1276 2275 corruptivam
1307 2205 1517 2278 ipsius,
1567 2206 1639 2262 de
1688 2223 1803 2279 quo
1852 2206 1909 2262 in
1941 2209 1996 2264 2.

455 2294 511 2350 d.
549 2296 634 2351 14.
663 2312 718 2367 q.
751 2313 792 2352 1.

553 2548 667 2622 Ad
708 2546 1041 2647 primum
1086 2546 1537 2645 principale,
1582 2546 1751 2622 dico
1794 2548 1999 2645 quod

457 2688 739 2763 corpus
782 2675 1167 2740 mortuum
1211 2674 1323 2741 est
1377 2674 1687 2764 propter
1728 2688 2002 2764 pecca-

457 2792 648 2875 tum,
686 2784 832 2858 hoc
872 2793 986 2858 est
1027 2792 1390 2881 tanquam
1435 2807 1526 2858 ex
1592 2806 1828 2857 causa
1867 2783 2002 2857 de·

457 2899 869 2985 meritoria,
911 2909 983 2975 et
1015 2900 1124 2975 sic
1165 2923 1640 2999 quacumque
1671 2900 1824 2993 die,
1856 2906 1994 2973 ecc.

458 3017 602 3089 hoc
647 3026 790 3109 est,
826 3028 1137 3115 propter
1167 3017 1654 3111 demeritum,
1716 3018 2002 3091 morie-

458 3134 565 3209 ris
598 3162 617 3229 ;
653 3158 805 3208 non
853 3133 961 3210 sic
1001 3134 1380 3229 Christus,
1426 3143 1569 3210 etc.

555 3253 667 3327 Ad
709 3252 945 3346 aliud,
998 3276 1197 3350 nego
1261 3256 1460 3328 hanc
1513 3276 2004 3350 consequen-

458 3369 639 3445 tiam
667 3371 982 3445 :Anima
1014 3371 1295 3444 Christi
1333 3371 1469 3444 fuit
1500 3370 1997 3463 omnisciens3

459 3487 694 3585 igitur
762 3486 1276 3584 omnipotens.
1345 3489 1649 3561 Etcum
1693 3487 1997 3582 dicitur.

462 3603 708 3700 magis
746 3605 868 3679 vel
939 3603 1263 3701 aequalis
1321 3612 1436 3678 est
1501 3603 1820 3678 scientia
1877 3628 2006 3702 po-

464 3721 722 3796 tentiae
792 3719 1291 3821 producendi,
1360 3720 1530 3794 dico
1628 3720 1832 3818 quod
1888 3723 2006 3794 lo-

465 3838 772 3942 quendo
814 3838 905 3912 de
942 3847 1320 3936 respectu,
1360 3847 1633 3912 neutra
1673 3846 1786 3912 est
1827 3862 2005 3937 per-

466 3953 730 4029 fectior
788 3955 989 4049 ali0;
1055 3964 1306 4028 tamen
1418 3954 2001 4028 fundamentum

471 4072 702 4146 unius
742 4072 1107 4171 potentiae
1158 4082 1268 4147 est
1339 4071 1745 4169 perfectius
1821 4072 2001 4165 alio,

466 4191 734 4264 saltem
771 4199 1147 4287 quantum
1189 4188 1281 4263 ad
1324 4190 1469 4263 hoc
1501 4189 1707 4286 quod
1749 4190 2006 4287 requi-

466 4306 562 4379 rit
618 4306 1087 4404 perlectibile
1158 4306 1592 4403 perfectiuS,
1648 4306 1849 4402 quod
1911 4306 2008 4380 sit

464 4423 931 4522 principium
964 4422 1311 4497 omnium
1372 4421 2002 4520 producibilium,

464 4564 692 4638 quam
744 4540 1210 4639 principium
1279 4540 1794 4635 cognoscendi
1853 4564 2009 4614 om-

464 4657 684 4732 nium
743 4655 1408 4753 cognoscibilium.
1482 4655 1680 4743 Quia
1733 4656 2009 4756 princi-

463 4775 674 4873 pium
710 4773 1057 4849 omnium
1103 4773 1697 4870 producibilium
1739 4776 1859 4849 vel
1894 4785 2008 4850 est

468 4918 707 4968 unum
767 4892 1290 4967 contentivum
1391 4892 1736 4966 omnium
1824 4894 2008 4967 emi-

463 5019 765 5102 nenter,
811 5011 931 5084 vel
987 5007 1505 5107 plurificatum
1564 5018 1672 5083 tot
1727 5010 2002 5104 modiS,

464 5135 652 5223 quot
710 5134 891 5199 sunt
957 5125 1331 5224 producta
1386 5125 1776 5221 formalia3
1838 5126 2006 5200 etsi

468 5244 610 5318 hoc
670 5243 1010 5318 secundo
1049 5243 1297 5332 mode,
1378 5252 1562 5318 tunc
1618 5267 1771 5318 non
1824 5269 2006 5343 pos-

468 5369 648 5434 sunt
702 5359 962 5436 omnia
1021 5383 1187 5436 esse
1267 5359 1346 5433 in
1405 5360 1676 5436 eodem
1744 5361 2003 5456 simul,

466 5476 650 5574 quia
698 5478 959 5554 formae
1000 5477 1396 5577 productae
1428 5477 1846 5554 formaliter
1885 5502 2011 5554 re-

465 5604 817 5692 pugnant
888 5595 1059 5672 sibi.
1134 5595 1212 5670 Si
1283 5595 1435 5671 illae
1515 5597 2008 5673 continentur

3518 402 3641 470 371

2111 571 2521 648 formaliter
2579 573 2655 646 in
2718 574 3094 673 principio
3162 572 3643 671 productim,

2107 690 2490 764 contraria
2525 690 2941 765 formaliter
3007 700 3235 764 erunt
3292 688 3523 764 simul
3568 687 3645 760 in

2105 804 2372 878 eodem
2412 831 2430 897 ;
2469 804 2703 901 igitur
2740 815 3040 903 oportet
3078 805 3283 902 quod
3348 803 3498 877 sint
3567 801 3644 874 in

2104 920 2376 995 eodem
2431 945 2568 1019 per
2626 921 2965 1018 aliquam
3028 945 3261 996 unam
3322 920 3643 994 formam

2104 1038 2585 1135 aequivocam
2620 1049 2928 1138 propter
2975 1038 3495 1114 diversitatem
3539 1042 3648 1111 ef-

2104 1154 2491 1243 fectuum;
2538 1155 2772 1251 igitur
2801 1155 2991 1231 illud
3051 1156 3193 1232 erit
3232 1152 3646 1254 perfectius

2104 1273 2314 1346 omni
2348 1274 2839 1384 producibili,
2876 1284 2950 1350 et
2989 1297 3128 1373 per
3157 1295 3646 1371 consequens
3678 1269 3729 1320 Si
3752 1274 4002 1320 creatum

2104 1412 2257 1461 non
2318 1399 2567 1488 potest
2632 1388 2779 1465 hoc
2834 1390 3161 1466 conferri
3238 1400 3639 1480 creaturae,
3693 1336 3971 1458 ξῗῖῗνιῑεῗιῗ.

2104 1504 2288 1601 quia
2318 1506 2427 1580 sic
2476 1508 2881 1605 perfectior
2920 1517 3122 1583 esset
3161 1531 3241 1583 se
3278 1535 3297 1601 ;
3343 1517 3417 1581 et
3474 1505 3644 1580 ideo
3675 1463 4000 1585 εῗῖἷῗίἓῗῗρ·

2105 1648 2260 1699 non
2297 1626 2542 1724 potuit
2594 1628 2803 1702 Deus
2862 1627 3435 1703 communicare
3477 1624 3650 1699 ani-
3807 1598 3885 1635 ω’

2108 1766 2254 1816 111ae
2288 1742 2567 1817 Christi
2620 1746 2824 1842 quod
2886 1757 3089 1820 esset
3127 1744 3646 1843 omnipotens.

2106 1859 2364 1934 Potuit
2431 1870 2687 1935 tamen
2758 1865 3105 1937 conferre
3191 1860 3396 1959 quod
3453 1867 3654 1935 esset

2105 1976 2580 2052 omnisciens
2666 1978 3183 2071 habitualiter,
3258 1976 3442 2074 quia
3517 1976 3656 2048 im-

2107 2093 2520 2190 perfectius
2610 2101 2858 2192 potest
2925 2118 3093 2170 esse
3184 2093 3653 2192 principium

2107 2210 2649 2306 cognoscendi,
2680 2219 2764 2285 ut
2802 2212 3123 2310 species,
3167 2211 3299 2286 sed
3325 2234 3478 2285 non
3514 2234 3658 2309 po-

2107 2336 2258 2402 test
2336 2327 2855 2426 imperfectius
2947 2351 3116 2404 esse
3185 2327 3651 2427 principium

2109 2445 2588 2543 producendi
2646 2446 3082 2544 perfectius.

2206 2562 2319 2636 Ad
2353 2562 2590 2657 aliud,
2628 2586 2805 2638 cum
2838 2563 3119 2638 dicitur
3168 2569 3451 2663 quanto
3490 2562 3661 2661 for·
3750 2650 3833 2699 Ad
3863 2653 3965 2699 m-

2109 2699 2261 2769 ma,
2314 2687 2457 2749 etc.
2507 2676 2676 2750 dico
2735 2676 2940 2774 quod
3010 2700 3166 2750 non
3208 2685 3456 2775 potest
3520 2676 3664 2751 ali-
3690 2713 3843 2763 uum.
3876 2711 4015 2762 Nm-

2112 2814 2268 2889 qua
2301 2793 2546 2868 forma
2576 2794 2842 2869 tollere
2903 2793 3413 2893 privationem
3470 2793 3659 2867 alte-
3691 2775 3984 2901 ,ὲῇἰξοζξῇῗ

2111 2908 2274 2983 rius
2316 2932 2548 3006 quam
2591 2909 2710 2983 sui
2758 2909 3204 2997 formaliter,
3260 2909 3437 2984 licet
3476 2933 3660 3008 pos·
3708 2902 3980 3015 ζῗξζξξζξῗ

2110 3035 2226 3100 set
2264 3027 2532 3101 tollere
2574 3027 3030 3119 eminenter,
3067 3035 3141 3101 et
3180 3028 3353 3121 hoo,
3385 3026 3449 3101 si
3493 3050 3661 3102 ma-
3687 3027 4006 3141 {gqffigflgsse‘

2111 3142 2301 3220 teria
2333 3152 2447 3219 est
2471 3144 2856 3245 receptiva
2889 3143 3096 3219 illius
3130 3143 3395 3220 formae
3423 3172 3440 3239 3
3486 3143 3746 3220 ideone
3778 3157 4006 3268 eiiffiiw

2111 3261 2611 3335 contradictio
2644 3269 2784 3354 est,
2845 3261 3051 3359 quod
3084 3263 3364 3335 coelum
3408 3261 3504 3335 sit
3535 3284 3660 3336 ne·
3705 3231 3806 3281 ‘up
3890 3230 3975 3267 ιε’

2111 3400 2325 3452 cesse
2380 3401 2547 3452 esse
2601 3400 2693 3451 ex
2724 3401 2833 3471 se,
2872 3386 2947 3452 et
2998 3385 3256 3453 tamen
3290 3378 3495 3475 quod
3531 3378 3663 3452 ha-

2112 3494 2289 3569 beat
2322 3493 2713 3569 materiam
2746 3493 3088 3591 ejusdem
3126 3494 3439 3568 rationis
3480 3516 3669 3568 cum.

2112 3609 2607 3685 inferioribus
2631 3637 2650 3705 3
2780 3609 3016 3707 igitur
3088 3611 3660 3686 Commentator

2112 3726 2396 3801 ibidem
2433 3726 2700 3801 habuit
2741 3726 3241 3803 intentionem
3287 3727 3661 3802 Aristote-
3718 3818 3739 3841 ·

2112 3845 2231 3929 lis,
2277 3853 2361 3918 ut
2407 3843 2694 3918 dictum
2747 3852 2860 3918 est
2925 3845 3141 3942 prius
3180 3847 3226 3934 ⁶,
3302 3845 3659 3943 ponendo
3719 3883 3795 3932 u.
3836 3857 3897 3944 q]
3937 3853 3987 3930 ‚j

2117 3963 2398 4036 coelum
2450 3960 2817 4058 simplex3
2904 3963 3329 4037 secundum
3405 3974 3655 4036 tamen

2115 4082 2516 4157 veritatem
2571 4104 2779 4155 nunc
2846 4091 2961 4157 est
3027 4083 3130 4156 ibi
3181 4081 3525 4175 materia,
3585 4089 3658 4155 et

2114 4200 2288 4275 ideo
2323 4222 2476 4273 non
2518 4210 2634 4273 est
2675 4222 2988 4274 necesse
3042 4223 3239 4293 esse,
3305 4199 3503 4273 sicut
3534 4222 3660 4297 po-

2116 4317 2271 4390 suit
2307 4316 2780 4392 Aristoteles

2212 4433 2464 4526 Dices,
2538 4432 2776 4530 igitur
2837 4433 2954 4507 vel
3052 4433 3320 4506 saltem
3374 4456 3656 4532 corpus

2114 4548 2393 4624 Christi
2428 4549 2619 4623 foret
2646 4548 2752 4622 ita
2793 4547 3401 4645 incorruptibile,
3456 4549 3657 4623 sicut

2116 4692 2322 4741 nunc
2357 4676 2470 4742 est
2497 4669 2773 4742 coelum
2817 4689 2954 4765 per
3004 4665 3427 4740 materiam.
3465 4667 3669 4743 Dico-

2114 4783 2316 4881 quod
2354 4807 2536 4878 non,
2570 4785 2753 4882 quia
2783 4783 2844 4857 si
2875 4785 3164 4857 ‚coelum
3214 4807 3367 4857 non
3427 4785 3657 4860 habet

2117 4901 2577 5000 principium
2658 4902 3156 4977 intrinsecum
3239 4902 3658 5000 corruptio·

2114 5018 2262 5111 nis,
2302 5019 2515 5094 nullo
2569 5017 2793 5090 modo
2825 5025 3073 5115 potest
3112 5017 3498 5115 corrumpi
3535 5046 3552 5111 3
3590 5017 3653 5093 si

2114 5145 2368 5209 tamen
2449 5135 2676 5209 habet
2769 5134 3235 5233 principium
3304 5135 3657 5212 intrinse-

2114 5275 2320 5344 cum,
2357 5274 2509 5348 quo
2535 5261 2791 5351 posset
2822 5251 3212 5350 corrumpi
3245 5252 3340 5326 ab
3372 5254 3654 5328 extrin-

2115 5390 2290 5442 seco
2332 5368 2886 5467 approximam,
2928 5369 3179 5444 adhuc
3248 5380 3361 5443 est
3400 5368 3475 5442 in
3514 5396 3656 5470 po·-

2116 5483 2354 5558 tentia
2394 5492 2690 5559 tantum
2754 5494 3044 5559 remota
3098 5484 3192 5558 ad
3221 5486 3657 5584 corruptio-

2117 5619 2323 5691 nem,
2367 5596 2548 5695 quia
2599 5597 2787 5672 nihil
2839 5607 3177 5674 creatum
3246 5608 3496 5697 potest
3535 5599 3654 5698 ip-
