4295 6326
331 944 523 996 Anima

262 1008 460 1059 Christi
473 1017 582 1054 non

296 1077 556 1140 «isteque
618 1062 883 1126 contra
926 1051 1539 1150 Philosophiam,
1577 1059 1651 1124 et
1680 1057 1948 1122 contra
1987 1068 2161 1119 auc·

266 1132 960 1274 332¹iii2’bif‘toritates
1025 1170 1509 1262 Sanctorum,
1582 1174 1657 1241 et
1715 1172 1982 1238 contra
2041 1184 2161 1235 ra-

267 1264 368 1313 lior
386 1259 568 1370 ¹Ange·

407 1334 457 1371 o.

315 2663 553 2728 Angelus

329 2741 541 2778 summa

295 2795 554 2843 creatura.

384 4579 487 4644 11.

313 4692 553 4741 Christus

331 4754 552 4825 Angelis

326 4831 522 4868 mmor.

599 418 727 485 336

604 609 986 661 summam
1048 587 1371 683 gratiam
1434 593 1796 659 creatam.
1852 578 1999 651 Alii
2049 578 2156 651 di-

608 712 795 776 cunt
854 705 1057 800 quod
1119 704 1378 778 anima
1428 699 1708 776 Christi
1750 705 1864 773 est
1932 695 2160 768 nobi-

612 818 758 892 lior
817 842 1047 916 quam
1106 830 1384 894 natura
1440 815 1740 912 Angeli.

716 934 865 1008 Sed
901 936 1063 1010 istae
1097 936 1505 1033 opiniones
1547 930 1945 1005 manifeste
1980 934 2162 1001 sunt

617 1285 933 1361 tionem.
1030 1282 1533 1384 Philosophia
1642 1280 1846 1356 enim
1949 1276 2164 1377 ponit

615 1402 820 1500 quod
873 1401 1167 1500 species
1239 1424 1375 1499 per
1433 1423 1514 1474 se
1564 1397 1937 1472 ordinatae
2006 1418 2160 1467 non

614 1528 795 1594 sunt
870 1519 1214 1616 ejusdem
1284 1513 1846 1615 perfectionis3
1930 1511 2165 1609 igitur

614 1634 1090 1734 impossibile
1134 1643 1249 1709 est
1289 1633 1627 1707 animam
1669 1628 1950 1704 Christi
1994 1651 2163 1703 esse

613 1777 834 1851 aeque
923 1753 1288 1843 nobilem,
1351 1753 1472 1826 vel
1538 1750 1996 1824 nobiliorem
2084 1746 2162 1818 in

610 1880 888 1944 natura
964 1893 1140 1943 cum
1221 1869 1545 1964 Ange10‚
1640 1865 1824 1963 quia
1905 1863 2164 1937 anima

608 1985 787 2059 facit
843 2009 977 2083 per
1021 2009 1103 2059 se
1161 2009 1397 2059 unum
1443 2006 1614 2058 cum
1676 1991 1954 2055 natura
2004 2002 2166 2052 cor-

609 2102 885 2200 porali,
912 2103 1261 2198 Angelus
1295 2125 1495 2186 non3
1534 2109 1608 2175 et
1639 2098 1784 2172 ista
1824 2095 2162 2172 conditio

611 2218 947 2292 nobilior
1007 2229 1121 2292 est
1179 2216 1657 2314 simpliciter,
1712 2213 1896 2311 quia
1954 2236 2163 2287 com-

612 2334 801 2434 petit
854 2335 1014 2409 Deo
1077 2356 1247 2408 esse
1307 2332 1734 2431 spirituale.
1793 2330 2165 2404 Similiter

612 2449 1094 2545 Augustinus
1189 2448 1303 2520 12.
1399 2444 1878 2520 Conlession.
1983 2443 2162 2518 Duo

612 2563 872 2661 fecisti
920 2563 1280 2649 Domine,
1337 2584 1579 2635 unum
1630 2582 1872 2657 prope
1939 2565 2032 2644 te,
2081 2564 2167 2633 ul

613 2681 1024 2780 Angelum,
1093 2687 1165 2755 et
1221 2679 1444 2754 aliud
1474 2702 1721 2777 prope
1761 2676 1983 2764 nihil,
2029 2679 2160 2752 ubi

614 2823 974 2897 expresse
1015 2801 1184 2872 vult
1215 2796 1419 2895 quod
1459 2797 1802 2893 Angelus
1860 2805 1974 2869 est
2019 2819 2163 2869 no-

613 2915 992 2991 bilissima
1033 2922 1408 2989 creatura.
1456 2912 1828 2988 Similiter
1865 2912 2162 3008 Augus-

613 3032 823 3108 tinus
873 3032 944 3104 3.
1009 3031 1101 3105 de
1167 3030 1441 3105 Tremit.
1503 3030 1572 3101 4.
1644 3029 1861 3126 ponit
1927 3038 2157 3102 totam

612 3159 970 3227 naturam
1013 3159 1347 3224 creatam
1391 3148 1814 3245 subjectam
1859 3158 2158 3222 naturae

611 3268 1030 3364 Angelicae,
1066 3277 1137 3342 et
1170 3267 1284 3338 12.
1330 3266 1423 3340 de
1455 3265 1617 3339 Civ.
1655 3265 1793 3339 Dei
1839 3265 1955 3337 15.
2002 3264 2162 3338 An-

609 3384 823 3483 qelus
883 3383 1226 3457 omnium
1297 3387 1823 3455 creaturarum
1886 3404 2162 3477 supre-

610 3525 792 3584 ma‚·
846 3510 921 3575 et
970 3498 1387 3595 Gregorius
1435 3497 1720 3571 Morol.
1781 3497 1896 3569 15.
1952 3496 2156 3571 idem

610 3621 775 3693 vult
833 3639 1217 3715 expresse,
1290 3624 1363 3689 et
1431 3637 1669 3712 super
1734 3614 1925 3688 illud
1968 3616 2160 3690 Eze-

519 3789 524 3794 ·
612 3734 880 3810 chielis
947 3735 1065 3805 28.
1160 3734 1487 3829 loquens
1569 3731 1661 3805 de
1733 3730 2150 3805 Lucifero:

618 3851 731 3925 Tu
773 3847 1281 3948 siqnaculum‚
1328 3853 1464 3922 etc.

708 3968 819 4041 Ad
864 3968 1007 4040 hoc
1060 3976 1173 4040 est
1214 3965 1436 4058 ratio,
1472 3965 1534 4038 si
1576 3963 1834 4038 anima
1874 3962 2183 4038 Christi'-

612 4093 814 4159 esset
899 4081 1230 4157 nobilior
1305 4081 1383 4153 in
1478 4090 1755 4156 natura
1827 4083 2150 4177 Ange10,

612 4200 1009 4299 quodlibet
1049 4197 1534 4272 individuum
1581 4198 1811 4272 unius
1869 4198 2153 4297 speciei

613 4327 814 4395 esset
882 4316 1295 4416 perfectius
1345 4315 1689 4413 quolibet
1754 4315 2152 4390 individuo

613 4434 959 4527 alterius,
1006 4432 1193 4506 illud
1238 4440 1351 4506 est
1407 4432 1801 4507 manifeste
1844 4433 2147 4506 falsum.

712 4554 928 4644 Item,
965 4549 1313 4623 Christus
1359 4547 1606 4622 minor
1672 4556 1785 4622 est
1839 4548 2154 4645 Angelis

615 4667 1042 4743 secundum
1100 4664 1653 4738 humanitatem
1701 4691 1720 4757 ;
1791 4687 1944 4736 non
2008 4663 2156 4759 igi-

617 4795 742 4861 tur
782 4794 895 4860 est
925 4783 1183 4859 anima
1223 4782 1364 4856 sibi
1409 4781 1756 4878 aequalis.

714 4901 1013 4976 Dicitur
1070 4898 1315 4986 aliter,
1380 4898 1581 4994 quod
1639 4900 1980 4994 Angelus
2041 4909 2156 4973 est

616 5017 954 5093 nobilior
1012 5015 1086 5088 in
1156 5023 1458 5107 natura,
1532 5014 1659 5087 sed
1745 5014 2157 5112 ampliatur

612 5137 997 5234 capacitas
1073 5134 1355 5209 animae
1418 5154 1553 5229 per
1620 5132 1985 5207 unionem
2060 5132 2153 5208 ad

608 5253 980 5328 Verbum.
1052 5250 1191 5324 Vel
1271 5248 1548 5322 dicitur
1641 5250 1846 5347 quod
1932 5249 2157 5324 datur

608 5370 753 5445 sibi
818 5369 1125 5444 habitus
1184 5390 1416 5459 unuS,
1462 5389 1614 5463 quo
1663 5376 1912 5463 potest
1958 5367 2156 5442 reci-

606 5509 788 5586 pere
833 5486 1195 5583 majorem
1251 5481 1572 5580 gratiam
1628 5504 1858 5579 quam
1901 5487 2158 5581 Ange-

606 5602 756 5675 lus.

2018 406 2260 475 LIBRI
2307 402 2428 472 111.

3171 593 3263 643 ex
3348 566 3635 641 unione
3712 564 3806 637 ad
3904 554 4098 604 *nim

2360 574 2643 647 Contra
2734 571 3099 669 primum,
3838 615 4030 666 ctu-im
4054 630 4164 666 non

3866 683 3947 729 est
3975 693 4143 739 capax

2261 691 2630 777 Verbum,
2678 689 2870 763 nihil
2919 687 3356 762 absolutum
3414 684 3613 757 inest
3672 706 3808 756 na-
3883 741 4101 809 majoris

2264 818 2487 900 turae,
2526 806 2730 904 quod
2774 829 2926 880 non
2972 804 3284 895 inesset,
3321 801 3383 875 si
3435 809 3635 875 esset
3676 822 3813 895 per
3840 809 4166 917 eggtffieffir

2265 949 2375 1015 se,
2441 935 2523 999 ut
2578 924 2792 1023 prius
2854 922 3259 1022 probatum
3322 930 3498 1011 est3
3581 918 3814 1013 igitur
4131 903 4144 915 ”

2266 1067 2441 1117 cum
2511 1042 2893 1141 capacitas
2950 1040 3232 1114 animae
3292 1039 3388 1113 sit
3445 1036 3629 1135 quid
3689 1034 3813 1110 ab·

2266 1160 2632 1254 solutum,
2703 1166 2937 1233 tantae
3019 1156 3287 1254 gratiae
3382 1163 3497 1230 est
3573 1175 3811 1250 capax

2266 1300 2404 1376 per
2465 1300 2572 1352 se.

2365 1396 2583 1489 Item,
2655 1394 2718 1469 si
2787 1417 2923 1492 per
2980 1393 3347 1466 unionem
3403 1388 3818 1487 amplietur

2268 1514 2652 1611 capacitas
2705 1512 3013 1604 animae,
3084 1510 3318 1606 igitur
3392 1517 3554 1583 esto
3607 1505 3814 1604 quod

2266 1631 2614 1726 Angelus
2672 1637 3138 1721 assumatur,
3186 1623 3496 1722 majoris
3545 1622 3816 1720 gratiae

2268 1755 2473 1822 esset
2548 1769 2792 1845 capax
2868 1767 3099 1843 quam
3177 1743 3438 1817 anima
3482 1738 3812 1825 Christi3

2271 1874 2347 1938 et
2388 1874 2569 1937 tunc
2611 1861 2881 1957 gratia,
2929 1883 3103 1958 quae
3156 1859 3293 1933 fuit
3331 1859 3608 1932 collata
3647 1855 3819 1929 ani-

2270 2004 2415 2054 ma}
2477 1979 2784 2071 Christi,
2831 2001 2987 2051 non
3049 1977 3188 2052 fuit
3250 1999 3555 2051 summa
3602 1997 3821 2048 crea-

2268 2096 2472 2172 bilis.

2367 2215 2585 2307 Item,
2631 2212 2836 2309 quod
2896 2211 3175 2285 dicitur
3214 2210 3305 2286 de
3348 2208 3643 2301 habitu,
3695 2206 3820 2279 ni-

2271 2331 2375 2404 hil
2445 2331 2674 2422 valet,
2746 2328 2930 2426 quia
3008 2327 3183 2401 licet
3249 2326 3493 2422 major
3572 2324 3819 2422 gratia

2269 2455 2528 2544 posset
2598 2445 2833 2544 recipi
2894 2444 3278 2519 mediante
3351 2442 3618 2541 majori
3692 2443 3820 2516 ha·

2267 2564 2459 2657 bitu,
2505 2563 2773 2638 eadem
2842 2562 3250 2637 difficultas
3292 2569 3434 2657 est,
3483 2559 3818 2660 qualiter

2267 2689 2381 2755 est
2420 2681 2624 2778 quod
2686 2680 2929 2778 major
2966 2680 3277 2756 habitus
3319 2676 3686 2777 recipitur
3734 2676 3813 2750 in

2265 2807 2541 2873 natura
2606 2797 2977 2890 inferiori,
3051 2797 3235 2895 quia
3293 2797 3434 2872 iste
3504 2794 3813 2871 habitus

2265 2925 2381 2989 est
2447 2913 2886 2990 immediate
2964 2914 3432 3012 receptibilis
3526 2913 3603 2986 in
3676 2936 3812 2986 na-

2267 3040 2465 3124 tura,
2512 3055 2685 3105 cum
2738 3056 2894 3106 non
2952 3031 3048 3106 sit
3086 3054 3495 3130 processus
3555 3030 3631 3103 in
3693 3028 3813 3102 in-

2266 3146 2604 3222 finitum.

2363 3267 2580 3359 Item,
2626 3265 2689 3339 si
2729 3267 3076 3361 Angelus
3143 3265 3519 3364 reciperet
3579 3266 3810 3339 talem

2265 3380 2641 3474 habitum,
2706 3391 2964 3478 posset
3033 3381 3373 3478 recipere
3445 3380 3806 3476 majorem

2264 3497 2616 3593 gratiam,
2663 3506 2736 3571 et
2793 3519 2885 3571 ex
2944 3520 3096 3594 quo
3166 3506 3280 3571 est
3342 3496 3671 3571 nobilior
3726 3497 3805 3569 in

2263 3622 2565 3706 natura,
2625 3636 2778 3687 non
2825 3623 3206 3711 repugnat
3258 3614 3403 3689 sibi
3464 3614 3803 3711 recipere

2262 3728 2828 3803 nobilissimum
2872 3729 3218 3803 habitum
3268 3729 3801 3827 disponentem

2260 3848 2354 3922 ad
2386 3847 2709 3942 gratiam
2753 3871 3162 3922 summam.

2355 3963 2545 4038 Dico
2614 3963 2851 4060 igitur
2916 3964 3119 4062 quod
3198 3963 3458 4039 anima
3522 3964 3800 4041 Christi
3956 3968 4060 4033 12.

2258 4088 2372 4155 est
2404 4079 2853 4178 simpliciter
2893 4079 3214 4155 minoris
3265 4080 3680 4157 nobilitatis
3721 4083 3796 4156 in
3864 4083 4131 4145 Summi·

3843 4160 3970 4196 vum
4002 4160 4131 4209 qua·

2259 4208 2538 4273 natura
2577 4220 2809 4295 quam
2850 4201 3221 4296 Angelus,
3267 4209 3341 4274 et
3379 4208 3634 4274 tamen
3677 4225 3803 4276 re-
3833 4208 4157 4322 ggggrlgiiggs

2258 4318 2512 4416 cipere
2545 4327 2793 4415 potest
2823 4342 3203 4394 summam
3237 4320 3560 4415 gratiam
3602 4343 3804 4395 crea·
3835 4334 4162 4460 utsgnffircaer·

2259 4434 2518 4509 bilem.
2599 4434 2797 4508 Illud
2886 4435 3155 4532 prob0,
3237 4436 3420 4533 quia
3491 4437 3799 4533 quando
3859 4461 4129 4510 dumsor-

2259 4550 2567 4648 aliquod
2611 4550 3131 4649 susceptivum
3176 4561 3420 4649 potest
3461 4552 3799 4650 recipere
3833 4523 4131 4637 ,ffn'ssulsssss‘f

2260 4667 2610 4760 formam,
2672 4691 2826 4741 non
2869 4667 3284 4764 impeditur
3332 4668 3517 4765 quin
3562 4668 3805 4765 possit

2260 4782 3012 4878 reciperexgradum
3098 4805 3574 4879 supremum,
3655 4783 3800 4857 nisi

2261 4898 2745 4995 quadruplici
2788 4898 2880 4972 de
2924 4920 3183 4992 causa,
3227 4899 3443 4973 verbi
3498 4900 3745 4995 gratia
3781 4926 3797 4974 :

2260 5015 2546 5102 Prim0,
2595 5038 2726 5090 aer
2782 5023 3030 5112 potest
3087 5015 3425 5113 recipere
3470 5018 3801 5091 calorem

2265 5154 2506 5228 usque
2569 5132 2660 5204 ad
2732 5141 3023 5206 certum
3084 5132 3437 5227 gradum,
3511 5142 3585 5208 et
3647 5158 3801 5207 non

2260 5248 2488 5322 ultra.
2536 5246 2924 5338 Secundo,
2973 5248 3155 5345 quia
3221 5251 3456 5340 calor,
3503 5250 3634 5347 qui
3696 5274 3806 5326 se·

2257 5366 2596 5440 cundum
2647 5374 2937 5440 certum
3008 5366 3331 5462 gradum
3394 5368 3798 5464 consequi-

2257 5492 2381 5557 tur
2455 5480 2832 5580 principia
2895 5481 3122 5575 aeris,
3177 5482 3592 5580 aliquando
3671 5484 3804 5556 im·

2260 5598 2589 5697 peditur,
2675 5598 2858 5696 quia
2924 5598 3112 5673 illud
3199 5611 3588 5697 receptum
3690 5612 3803 5676 est
