<?xml version="1.0" encoding="UTF-8"?>
<!DOCTYPE html PUBLIC "-//W3C//DTD XHTML 1.0 Transitional//EN"
    "http://www.w3.org/TR/xhtml1/DTD/xhtml1-transitional.dtd">
<html xmlns="http://www.w3.org/1999/xhtml" xml:lang="en" lang="en">
 <head>
  <title>
</title>
<meta http-equiv="Content-Type" content="text/html;charset=utf-8" />
  <meta name='ocr-system' content='tesseract 3.04.00' />
  <meta name='ocr-capabilities' content='ocr_page ocr_carea ocr_par ocr_line ocrx_word'/>
</head>
<body>
  <div class='ocr_page' id='page_1' title='image "./joannisdunsscot00waddgoog_0669.png"; bbox 0 0 4295 6326; ppageno 0'>
   <div class='ocr_carea' id='block_1_1' title="bbox 1502 463 2606 547">
    <p class='ocr_par' dir='ltr' id='par_1_1' title="bbox 1502 463 2606 547">
     <span class='ocr_line' id='line_1_1' title="bbox 1502 463 2606 547; baseline 0.005 -13"><span class='ocrx_word' id='word_1_1' title='bbox 1502 465 1727 535; x_wconf 90' lang='lat' dir='ltr'>DIST.</span> <span class='ocrx_word' id='word_1_2' title='bbox 1777 465 1898 533; x_wconf 89' lang='lat' dir='ltr'>VI.</span> <span class='ocrx_word' id='word_1_3' title='bbox 1952 463 2370 547; x_wconf 87' lang='lat' dir='ltr'><strong>QUAESTIO</strong></span> <span class='ocrx_word' id='word_1_4' title='bbox 2423 466 2606 539; x_wconf 85' lang='lat' dir='ltr'><strong>VIII.</strong></span> 
     </span>
    </p>
   </div>
   <div class='ocr_carea' id='block_1_2' title="bbox 75 639 1947 2618">
    <p class='ocr_par' dir='ltr' id='par_1_2' title="bbox 391 639 1947 2386">
     <span class='ocr_line' id='line_1_2' title="bbox 495 639 1942 734; baseline -0.001 -21"><span class='ocrx_word' id='word_1_5' title='bbox 495 641 804 734; x_wconf 81' lang='lat' dir='ltr'>Contra,</span> <span class='ocrx_word' id='word_1_6' title='bbox 858 640 1055 715; x_wconf 90' lang='lat' dir='ltr'>sicut</span> <span class='ocrx_word' id='word_1_7' title='bbox 1107 639 1316 713; x_wconf 85' lang='lat' dir='ltr'>Deus</span> <span class='ocrx_word' id='word_1_8' title='bbox 1389 661 1563 711; x_wconf 94' lang='lat' dir='ltr'>cum</span> <span class='ocrx_word' id='word_1_9' title='bbox 1622 640 1942 711; x_wconf 89' lang='lat' dir='ltr'>charac-</span> 
     </span>
     <span class='ocr_line' id='line_1_3' title="bbox 400 758 1947 855; baseline -0.001 -22"><span class='ocrx_word' id='word_1_10' title='bbox 400 769 558 835; x_wconf 89' lang='lat' dir='ltr'>tere</span> <span class='ocrx_word' id='word_1_11' title='bbox 593 760 879 835; x_wconf 78' lang='lat' dir='ltr'>assistit</span> <span class='ocrx_word' id='word_1_12' title='bbox 918 761 1011 833; x_wconf 91' lang='lat' dir='ltr'>ad</span> <span class='ocrx_word' id='word_1_13' title='bbox 1049 758 1586 833; x_wconf 89' lang='lat' dir='ltr'>remittendum</span> <span class='ocrx_word' id='word_1_14' title='bbox 1634 765 1947 855; x_wconf 88' lang='lat' dir='ltr'>peccata</span> 
     </span>
     <span class='ocr_line' id='line_1_4' title="bbox 399 874 1944 976; baseline -0.003 -24"><span class='ocrx_word' id='word_1_15' title='bbox 399 877 852 976; x_wconf 88' lang='lat' dir='ltr'>suscipienti</span> <span class='ocrx_word' id='word_1_16' title='bbox 930 877 1438 975; x_wconf 90' lang='lat' dir='ltr'>Baptismum,</span> <span class='ocrx_word' id='word_1_17' title='bbox 1512 874 1613 949; x_wconf 88' lang='lat' dir='ltr'>ita</span> <span class='ocrx_word' id='word_1_18' title='bbox 1698 883 1944 972; x_wconf 89' lang='lat' dir='ltr'>potest</span> 
     </span>
     <span class='ocr_line' id='line_1_5' title="bbox 401 990 1941 1070; baseline -0.004 0"><span class='ocrx_word' id='word_1_19' title='bbox 401 995 839 1070; x_wconf 80' lang='lat' dir='ltr'>immediate</span> <span class='ocrx_word' id='word_1_20' title='bbox 892 995 1248 1070; x_wconf 80' lang='lat' dir='ltr'>assistere</span> <span class='ocrx_word' id='word_1_21' title='bbox 1305 1000 1784 1068; x_wconf 87' lang='lat' dir='ltr'>sacramento</span> <span class='ocrx_word' id='word_1_22' title='bbox 1848 990 1941 1065; x_wconf 92' lang='lat' dir='ltr'>ad</span> 
     </span>
     <span class='ocr_line' id='line_1_6' title="bbox 400 1110 1945 1210; baseline -0.004 -24"><span class='ocrx_word' id='word_1_23' title='bbox 400 1112 943 1187; x_wconf 88' lang='lat' dir='ltr'>remittendum</span> <span class='ocrx_word' id='word_1_24' title='bbox 980 1121 1290 1210; x_wconf 91' lang='lat' dir='ltr'>peccata</span> <span class='ocrx_word' id='word_1_25' title='bbox 1344 1110 1510 1184; x_wconf 89' lang='lat' dir='ltr'>sine</span> <span class='ocrx_word' id='word_1_26' title='bbox 1566 1131 1945 1206; x_wconf 88' lang='lat' dir='ltr'>quocum-</span> 
     </span>
     <span class='ocr_line' id='line_1_7' title="bbox 398 1225 1943 1328; baseline -0.005 -24"><span class='ocrx_word' id='word_1_27' title='bbox 398 1253 547 1328; x_wconf 86' lang='lat' dir='ltr'>que</span> <span class='ocrx_word' id='word_1_28' title='bbox 581 1232 1020 1303; x_wconf 79' lang='lat' dir='ltr'>charactere</span> <span class='ocrx_word' id='word_1_29' title='bbox 1061 1252 1198 1326; x_wconf 90' lang='lat' dir='ltr'>per</span> <span class='ocrx_word' id='word_1_30' title='bbox 1254 1228 1493 1302; x_wconf 92' lang='lat' dir='ltr'>solam</span> <span class='ocrx_word' id='word_1_31' title='bbox 1558 1225 1943 1323; x_wconf 88' lang='lat' dir='ltr'>poeniten-</span> 
     </span>
     <span class='ocr_line' id='line_1_8' title="bbox 394 1343 1943 1441; baseline -0.005 -19"><span class='ocrx_word' id='word_1_32' title='bbox 394 1350 578 1422; x_wconf 88' lang='lat' dir='ltr'>tiam</span> <span class='ocrx_word' id='word_1_33' title='bbox 616 1348 1014 1422; x_wconf 80' lang='lat' dir='ltr'>recedente</span> <span class='ocrx_word' id='word_1_34' title='bbox 1063 1344 1399 1438; x_wconf 85' lang='lat' dir='ltr'>fictione,</span> <span class='ocrx_word' id='word_1_35' title='bbox 1437 1353 1511 1418; x_wconf 89' lang='lat' dir='ltr'>et</span> <span class='ocrx_word' id='word_1_36' title='bbox 1550 1343 1653 1417; x_wconf 91' lang='lat' dir='ltr'>ita</span> <span class='ocrx_word' id='word_1_37' title='bbox 1697 1350 1943 1441; x_wconf 89' lang='lat' dir='ltr'>potest</span> 
     </span>
     <span class='ocr_line' id='line_1_9' title="bbox 396 1462 1943 1558; baseline -0.005 -20"><span class='ocrx_word' id='word_1_38' title='bbox 396 1464 833 1539; x_wconf 76' lang='lat' dir='ltr'>immediate</span> <span class='ocrx_word' id='word_1_39' title='bbox 904 1462 1288 1537; x_wconf 82' lang='lat' dir='ltr'>remittere</span> <span class='ocrx_word' id='word_1_40' title='bbox 1355 1469 1669 1558; x_wconf 90' lang='lat' dir='ltr'>peccata</span> <span class='ocrx_word' id='word_1_41' title='bbox 1744 1481 1943 1533; x_wconf 90' lang='lat' dir='ltr'>com-</span> 
     </span>
     <span class='ocr_line' id='line_1_10' title="bbox 397 1569 1943 1678; baseline -0.005 -22"><span class='ocrx_word' id='word_1_42' title='bbox 397 1583 631 1657; x_wconf 90' lang='lat' dir='ltr'>missa</span> <span class='ocrx_word' id='word_1_43' title='bbox 687 1569 863 1656; x_wconf 78' lang='lat' dir='ltr'>ante</span> <span class='ocrx_word' id='word_1_44' title='bbox 923 1579 1434 1678; x_wconf 85' lang='lat' dir='ltr'>Baptismum,</span> <span class='ocrx_word' id='word_1_45' title='bbox 1491 1577 1772 1652; x_wconf 86' lang='lat' dir='ltr'>virtute</span> <span class='ocrx_word' id='word_1_46' title='bbox 1823 1600 1943 1650; x_wconf 91' lang='lat' dir='ltr'>ac-</span> 
     </span>
     <span class='ocr_line' id='line_1_11' title="bbox 392 1694 1942 1795; baseline -0.005 -21"><span class='ocrx_word' id='word_1_47' title='bbox 392 1709 516 1775; x_wconf 89' lang='lat' dir='ltr'>tus</span> <span class='ocrx_word' id='word_1_48' title='bbox 566 1696 930 1795; x_wconf 85' lang='lat' dir='ltr'>suscepti,</span> <span class='ocrx_word' id='word_1_49' title='bbox 995 1696 1160 1770; x_wconf 90' lang='lat' dir='ltr'>sine</span> <span class='ocrx_word' id='word_1_50' title='bbox 1221 1716 1713 1792; x_wconf 92' lang='lat' dir='ltr'>quocumque</span> <span class='ocrx_word' id='word_1_51' title='bbox 1765 1694 1942 1767; x_wconf 91' lang='lat' dir='ltr'>cha-</span> 
     </span>
     <span class='ocr_line' id='line_1_12' title="bbox 392 1808 1942 1909; baseline -0.005 -20"><span class='ocrx_word' id='word_1_52' title='bbox 392 1824 747 1906; x_wconf 87' lang='lat' dir='ltr'>ractere3</span> <span class='ocrx_word' id='word_1_53' title='bbox 811 1837 993 1909; x_wconf 90' lang='lat' dir='ltr'>ergo</span> <span class='ocrx_word' id='word_1_54' title='bbox 1056 1814 1222 1886; x_wconf 79' lang='lat' dir='ltr'>haec</span> <span class='ocrx_word' id='word_1_55' title='bbox 1292 1809 1482 1884; x_wconf 87' lang='lat' dir='ltr'>ratio</span> <span class='ocrx_word' id='word_1_56' title='bbox 1551 1808 1942 1884; x_wconf 80' lang='lat' dir='ltr'>concludit</span> 
     </span>
     <span class='ocr_line' id='line_1_13' title="bbox 395 1925 1937 2033; baseline -0.006 -24"><span class='ocrx_word' id='word_1_57' title='bbox 395 1934 597 2033; x_wconf 91' lang='lat' dir='ltr'>quod</span> <span class='ocrx_word' id='word_1_58' title='bbox 652 1941 964 2032; x_wconf 88' lang='lat' dir='ltr'>propter</span> <span class='ocrx_word' id='word_1_59' title='bbox 1025 1928 1528 2029; x_wconf 86' lang='lat' dir='ltr'>principalem</span> <span class='ocrx_word' id='word_1_60' title='bbox 1582 1925 1937 2002; x_wconf 82' lang='lat' dir='ltr'>effectum</span> 
     </span>
     <span class='ocr_line' id='line_1_14' title="bbox 394 2046 1941 2142; baseline -0.005 -16"><span class='ocrx_word' id='word_1_61' title='bbox 394 2049 883 2142; x_wconf 83' lang='lat' dir='ltr'>sacramenti,</span> <span class='ocrx_word' id='word_1_62' title='bbox 929 2046 1710 2123; x_wconf 85' lang='lat' dir='ltr'>scilicetinfusionem</span> <span class='ocrx_word' id='word_1_63' title='bbox 1766 2069 1941 2141; x_wconf 90' lang='lat' dir='ltr'>gra·</span> 
     </span>
     <span class='ocr_line' id='line_1_15' title="bbox 391 2162 1936 2261; baseline -0.005 -20"><span class='ocrx_word' id='word_1_64' title='bbox 391 2169 547 2261; x_wconf 72' lang='lat' dir='ltr'>tiae,</span> <span class='ocrx_word' id='word_1_65' title='bbox 627 2168 749 2242; x_wconf 81' lang='lat' dir='ltr'>vel</span> <span class='ocrx_word' id='word_1_66' title='bbox 806 2165 1340 2241; x_wconf 80' lang='lat' dir='ltr'>remissionem</span> <span class='ocrx_word' id='word_1_67' title='bbox 1421 2162 1699 2259; x_wconf 71' lang='lat' dir='ltr'>culpae,</span> <span class='ocrx_word' id='word_1_68' title='bbox 1782 2185 1936 2235; x_wconf 89' lang='lat' dir='ltr'>non</span> 
     </span>
     <span class='ocr_line' id='line_1_16' title="bbox 393 2284 1589 2386; baseline -0.009 -23"><span class='ocrx_word' id='word_1_69' title='bbox 393 2293 693 2386; x_wconf 86' lang='lat' dir='ltr'>oportet</span> <span class='ocrx_word' id='word_1_70' title='bbox 723 2307 1008 2383; x_wconf 90' lang='lat' dir='ltr'>ponere</span> <span class='ocrx_word' id='word_1_71' title='bbox 1041 2284 1589 2357; x_wconf 86' lang='lat' dir='ltr'>characterem.</span> 
     </span>
    </p>

    <p class='ocr_par' dir='ltr' id='par_1_3' title="bbox 75 2400 1942 2618">
     <span class='ocr_line' id='line_1_17' title="bbox 154 2400 1942 2501; baseline -0.006 -20"><span class='ocrx_word' id='word_1_72' title='bbox 154 2402 223 2467; x_wconf 83' lang='lat'>7-</span> <span class='ocrx_word' id='word_1_73' title='bbox 494 2405 678 2480; x_wconf 89' lang='lat' dir='ltr'>Item</span> <span class='ocrx_word' id='word_1_74' title='bbox 716 2402 1015 2501; x_wconf 86' lang='lat' dir='ltr'>quinto,</span> <span class='ocrx_word' id='word_1_75' title='bbox 1062 2400 1268 2498; x_wconf 92' lang='lat' dir='ltr'>quod</span> <span class='ocrx_word' id='word_1_76' title='bbox 1309 2423 1464 2472; x_wconf 91' lang='lat' dir='ltr'>non</span> <span class='ocrx_word' id='word_1_77' title='bbox 1499 2407 1615 2473; x_wconf 89' lang='lat' dir='ltr'>est</span> <span class='ocrx_word' id='word_1_78' title='bbox 1657 2421 1942 2496; x_wconf 91' lang='lat' dir='ltr'>ponen-</span> 
     </span>
     <span class='ocr_line' id='line_1_18' title="bbox 75 2514 1941 2618; baseline -0.006 -21"><span class='ocrx_word' id='word_1_79' title='bbox 75 2517 312 2576; x_wconf 70' lang='lat' dir='ltr'><strong>Q¹¹³¹¹²⁰·</strong></span> <span class='ocrx_word' id='word_1_80' title='bbox 397 2522 542 2595; x_wconf 92' lang='lat' dir='ltr'>dus</span> <span class='ocrx_word' id='word_1_81' title='bbox 584 2527 892 2618; x_wconf 84' lang='lat' dir='ltr'>propter</span> <span class='ocrx_word' id='word_1_82' title='bbox 923 2517 1114 2592; x_wconf 91' lang='lat' dir='ltr'>alios</span> <span class='ocrx_word' id='word_1_83' title='bbox 1146 2515 1487 2606; x_wconf 83' lang='lat' dir='ltr'>efl&#39;ectuS,</span> <span class='ocrx_word' id='word_1_84' title='bbox 1536 2523 1618 2588; x_wconf 90' lang='lat' dir='ltr'>ut</span> <span class='ocrx_word' id='word_1_85' title='bbox 1648 2514 1941 2588; x_wconf 87' lang='lat' dir='ltr'>scilicet</span> 
     </span>
    </p>
   </div>
   <div class='ocr_carea' id='block_1_3' title="bbox 34 2583 347 2631">
    <p class='ocr_par' dir='ltr' id='par_1_4' title="bbox 34 2583 347 2631">
     <span class='ocr_line' id='line_1_19' title="bbox 34 2583 347 2631; baseline -0.01 0"><span class='ocrx_word' id='word_1_86' title='bbox 34 2583 347 2631; x_wconf 71' lang='lat' dir='ltr'>Chai-acte!-</span> 
     </span>
    </p>
   </div>
   <div class='ocr_carea' id='block_1_4' title="bbox 23 2629 1940 2756">
    <p class='ocr_par' dir='ltr' id='par_1_5' title="bbox 23 2629 1940 2756">
     <span class='ocr_line' id='line_1_20' title="bbox 23 2629 1940 2756; baseline -0.004 -48"><span class='ocrx_word' id='word_1_87' title='bbox 23 2646 343 2756; x_wconf 47' lang='lat'>3502139320</span> <span class='ocrx_word' id='word_1_88' title='bbox 399 2636 707 2733; x_wconf 88' lang='lat' dir='ltr'>signum</span> <span class='ocrx_word' id='word_1_89' title='bbox 748 2631 1392 2730; x_wconf 80' lang='lat' dir='ltr'>configurativum</span> <span class='ocrx_word' id='word_1_90' title='bbox 1437 2639 1510 2705; x_wconf 92' lang='lat' dir='ltr'>et</span> <span class='ocrx_word' id='word_1_91' title='bbox 1559 2629 1940 2704; x_wconf 89' lang='lat' dir='ltr'>distincti-</span> 
     </span>
    </p>
   </div>
   <div class='ocr_carea' id='block_1_5' title="bbox 22 2748 1939 5887">
    <p class='ocr_par' dir='ltr' id='par_1_6' title="bbox 23 2748 1939 4256">
     <span class='ocr_line' id='line_1_21' title="bbox 55 2748 1939 2849; baseline -0.006 -17"><span class='ocrx_word' id='word_1_92' title='bbox 55 2767 364 2832; x_wconf 64' lang='lat' dir='ltr'>ponendus</span> <span class='ocrx_word' id='word_1_93' title='bbox 394 2778 606 2844; x_wconf 87' lang='lat' dir='ltr'>vum,</span> <span class='ocrx_word' id='word_1_94' title='bbox 652 2761 726 2827; x_wconf 88' lang='lat' dir='ltr'>et</span> <span class='ocrx_word' id='word_1_95' title='bbox 767 2750 1209 2849; x_wconf 86' lang='lat' dir='ltr'>hujusmodi</span> <span class='ocrx_word' id='word_1_96' title='bbox 1255 2777 1274 2844; x_wconf 92' lang='lat'><em>3</em></span> <span class='ocrx_word' id='word_1_97' title='bbox 1338 2773 1492 2823; x_wconf 91' lang='lat' dir='ltr'>non</span> <span class='ocrx_word' id='word_1_98' title='bbox 1555 2748 1757 2824; x_wconf 91' lang='lat' dir='ltr'>enim</span> <span class='ocrx_word' id='word_1_99' title='bbox 1813 2771 1939 2822; x_wconf 89' lang='lat' dir='ltr'>re-</span> 
     </span>
     <span class='ocr_line' id='line_1_22' title="bbox 23 2835 1930 2970; baseline -0.004 -25"><span class='ocrx_word' id='word_1_100' title='bbox 23 2835 363 2946; x_wconf 54' lang='lat'>21212‘3&#39;22‘1322.</span> <span class='ocrx_word' id='word_1_101' title='bbox 398 2871 729 2970; x_wconf 78' lang='lat' dir='ltr'>quiritur</span> <span class='ocrx_word' id='word_1_102' title='bbox 761 2880 842 2944; x_wconf 84' lang='lat' dir='ltr'>ut</span> <span class='ocrx_word' id='word_1_103' title='bbox 868 2867 1336 2968; x_wconf 76' lang='lat' dir='ltr'>principium</span> <span class='ocrx_word' id='word_1_104' title='bbox 1379 2864 1930 2962; x_wconf 78' lang='lat' dir='ltr'>distinguendi,</span> 
     </span>
     <span class='ocr_line' id='line_1_23' title="bbox 140 2964 1936 3085; baseline -0.004 -22"><span class='ocrx_word' id='word_1_105' title='bbox 140 2964 253 3008; x_wconf 64' lang='grc' dir='ltr'>ω’·</span> <span class='ocrx_word' id='word_1_106' title='bbox 392 2988 574 3085; x_wconf 88' lang='lat' dir='ltr'>quia</span> <span class='ocrx_word' id='word_1_107' title='bbox 632 2986 1016 3084; x_wconf 87' lang='lat' dir='ltr'>recipiens</span> <span class='ocrx_word' id='word_1_108' title='bbox 1119 2991 1690 3057; x_wconf 90' lang='lat' dir='ltr'>sacramentum</span> <span class='ocrx_word' id='word_1_109' title='bbox 1778 2982 1936 3055; x_wconf 82' lang='lat' dir='ltr'>sul-</span> 
     </span>
     <span class='ocr_line' id='line_1_24' title="bbox 389 3097 1934 3199; baseline -0.005 -21"><span class='ocrx_word' id='word_1_110' title='bbox 389 3103 734 3181; x_wconf 81' lang='lat' dir='ltr'>flcienter</span> <span class='ocrx_word' id='word_1_111' title='bbox 789 3100 1290 3199; x_wconf 82' lang='lat' dir='ltr'>distinguitur</span> <span class='ocrx_word' id='word_1_112' title='bbox 1375 3123 1419 3175; x_wconf 89' lang='lat' dir='ltr'>a</span> <span class='ocrx_word' id='word_1_113' title='bbox 1499 3123 1653 3174; x_wconf 90' lang='lat' dir='ltr'>non</span> <span class='ocrx_word' id='word_1_114' title='bbox 1737 3097 1934 3173; x_wconf 89' lang='lat' dir='ltr'>reci-</span> 
     </span>
     <span class='ocr_line' id='line_1_25' title="bbox 388 3214 1931 3320; baseline -0.004 -26"><span class='ocrx_word' id='word_1_115' title='bbox 388 3223 643 3320; x_wconf 90' lang='lat' dir='ltr'>piente</span> <span class='ocrx_word' id='word_1_116' title='bbox 679 3228 1097 3319; x_wconf 88' lang='lat' dir='ltr'>peractum</span> <span class='ocrx_word' id='word_1_117' title='bbox 1155 3224 1578 3313; x_wconf 84' lang='lat' dir='ltr'>receptum,</span> <span class='ocrx_word' id='word_1_118' title='bbox 1632 3214 1931 3290; x_wconf 90' lang='lat' dir='ltr'>etiamsi</span> 
     </span>
     <span class='ocr_line' id='line_1_26' title="bbox 386 3332 1926 3432; baseline -0.006 -19"><span class='ocrx_word' id='word_1_119' title='bbox 386 3340 783 3413; x_wconf 89' lang='lat' dir='ltr'>character</span> <span class='ocrx_word' id='word_1_120' title='bbox 822 3359 976 3410; x_wconf 93' lang='lat' dir='ltr'>non</span> <span class='ocrx_word' id='word_1_121' title='bbox 1041 3344 1398 3432; x_wconf 88' lang='lat' dir='ltr'>ponatur,</span> <span class='ocrx_word' id='word_1_122' title='bbox 1460 3332 1657 3407; x_wconf 91' lang='lat' dir='ltr'>sicut</span> <span class='ocrx_word' id='word_1_123' title='bbox 1699 3332 1926 3407; x_wconf 91' lang='lat' dir='ltr'>etiam</span> 
     </span>
     <span class='ocr_line' id='line_1_27' title="bbox 384 3451 1931 3549; baseline -0.005 -18"><span class='ocrx_word' id='word_1_124' title='bbox 384 3457 729 3532; x_wconf 88' lang='lat' dir='ltr'>dedicata</span> <span class='ocrx_word' id='word_1_125' title='bbox 797 3479 841 3529; x_wconf 92' lang='lat' dir='ltr'>a</span> <span class='ocrx_word' id='word_1_126' title='bbox 908 3478 1064 3528; x_wconf 87' lang='lat' dir='ltr'>non</span> <span class='ocrx_word' id='word_1_127' title='bbox 1132 3452 1508 3544; x_wconf 88' lang='lat' dir='ltr'>dedicata,</span> <span class='ocrx_word' id='word_1_128' title='bbox 1567 3462 1641 3526; x_wconf 92' lang='lat' dir='ltr'>et</span> <span class='ocrx_word' id='word_1_129' title='bbox 1715 3451 1931 3549; x_wconf 90' lang='lat' dir='ltr'>paci-</span> 
     </span>
     <span class='ocr_line' id='line_1_28' title="bbox 381 3569 1932 3671; baseline -0.005 -20"><span class='ocrx_word' id='word_1_130' title='bbox 381 3577 575 3653; x_wconf 90' lang='lat' dir='ltr'>ficus</span> <span class='ocrx_word' id='word_1_131' title='bbox 626 3574 1153 3651; x_wconf 81' lang='lat' dir='ltr'>a&#39;contumaci</span> <span class='ocrx_word' id='word_1_132' title='bbox 1205 3595 1342 3671; x_wconf 93' lang='lat' dir='ltr'>per</span> <span class='ocrx_word' id='word_1_133' title='bbox 1389 3569 1932 3646; x_wconf 81' lang='lat' dir='ltr'>sanctificatio-</span> 
     </span>
     <span class='ocr_line' id='line_1_29' title="bbox 381 3689 1930 3786; baseline -0.005 -17"><span class='ocrx_word' id='word_1_134' title='bbox 381 3719 556 3771; x_wconf 88' lang='lat' dir='ltr'>nem</span> <span class='ocrx_word' id='word_1_135' title='bbox 629 3718 782 3767; x_wconf 91' lang='lat' dir='ltr'>non</span> <span class='ocrx_word' id='word_1_136' title='bbox 842 3691 1240 3766; x_wconf 74' lang='lat' dir='ltr'>formalem</span> <span class='ocrx_word' id='word_1_137' title='bbox 1311 3689 1386 3761; x_wconf 93' lang='lat' dir='ltr'>in</span> <span class='ocrx_word' id='word_1_138' title='bbox 1447 3712 1565 3783; x_wconf 91' lang='lat' dir='ltr'>ea,</span> <span class='ocrx_word' id='word_1_139' title='bbox 1620 3689 1750 3763; x_wconf 93' lang='lat' dir='ltr'>sed</span> <span class='ocrx_word' id='word_1_140' title='bbox 1797 3711 1930 3786; x_wconf 89' lang='lat' dir='ltr'>per</span> 
     </span>
     <span class='ocr_line' id='line_1_30' title="bbox 382 3806 1933 3904; baseline -0.006 -15"><span class='ocrx_word' id='word_1_141' title='bbox 382 3822 633 3889; x_wconf 89' lang='lat' dir='ltr'>actum</span> <span class='ocrx_word' id='word_1_142' title='bbox 672 3807 1330 3893; x_wconf 87' lang='lat' dir='ltr'>sanctificationis,</span> <span class='ocrx_word' id='word_1_143' title='bbox 1383 3816 1462 3880; x_wconf 90' lang='lat' dir='ltr'>ut</span> <span class='ocrx_word' id='word_1_144' title='bbox 1512 3806 1586 3878; x_wconf 92' lang='lat' dir='ltr'>in</span> <span class='ocrx_word' id='word_1_145' title='bbox 1650 3815 1933 3904; x_wconf 79' lang='lat' dir='ltr'>proete-</span> 
     </span>
     <span class='ocr_line' id='line_1_31' title="bbox 382 3926 1929 4025; baseline -0.004 -18"><span class='ocrx_word' id='word_1_146' title='bbox 382 3933 610 4007; x_wconf 90' lang='lat' dir='ltr'>ritum</span> <span class='ocrx_word' id='word_1_147' title='bbox 653 3929 977 4022; x_wconf 89' lang='lat' dir='ltr'>transiit,</span> <span class='ocrx_word' id='word_1_148' title='bbox 1023 3936 1095 4004; x_wconf 87' lang='lat' dir='ltr'>et</span> <span class='ocrx_word' id='word_1_149' title='bbox 1135 3951 1273 4025; x_wconf 90' lang='lat' dir='ltr'>per</span> <span class='ocrx_word' id='word_1_150' title='bbox 1301 3927 1447 4000; x_wconf 93' lang='lat' dir='ltr'>hoc</span> <span class='ocrx_word' id='word_1_151' title='bbox 1477 3926 1678 4022; x_wconf 92' lang='lat' dir='ltr'>quod</span> <span class='ocrx_word' id='word_1_152' title='bbox 1725 3950 1929 4001; x_wconf 94' lang='lat' dir='ltr'>unus</span> 
     </span>
     <span class='ocr_line' id='line_1_32' title="bbox 381 4042 1924 4145; baseline -0.007 -20"><span class='ocrx_word' id='word_1_153' title='bbox 381 4056 786 4145; x_wconf 87' lang='lat' dir='ltr'>susceptus</span> <span class='ocrx_word' id='word_1_154' title='bbox 845 4053 958 4120; x_wconf 85' lang='lat' dir='ltr'>est</span> <span class='ocrx_word' id='word_1_155' title='bbox 1035 4043 1109 4116; x_wconf 92' lang='lat' dir='ltr'>in</span> <span class='ocrx_word' id='word_1_156' title='bbox 1201 4050 1574 4140; x_wconf 86' lang='lat' dir='ltr'>potestate</span> <span class='ocrx_word' id='word_1_157' title='bbox 1665 4042 1924 4138; x_wconf 81' lang='lat' dir='ltr'>RegiS‚</span> 
     </span>
     <span class='ocr_line' id='line_1_33' title="bbox 383 4157 1931 4256; baseline -0.005 -16"><span class='ocrx_word' id='word_1_158' title='bbox 383 4166 578 4240; x_wconf 90' lang='lat' dir='ltr'>alius</span> <span class='ocrx_word' id='word_1_159' title='bbox 612 4188 794 4256; x_wconf 90' lang='lat' dir='ltr'>non,</span> <span class='ocrx_word' id='word_1_160' title='bbox 855 4162 1030 4235; x_wconf 91' lang='lat' dir='ltr'>licet</span> <span class='ocrx_word' id='word_1_161' title='bbox 1080 4180 1480 4255; x_wconf 87' lang='lat' dir='ltr'>nunquam</span> <span class='ocrx_word' id='word_1_162' title='bbox 1532 4157 1931 4256; x_wconf 90' lang='lat' dir='ltr'>imprima-</span> 
     </span>
    </p>

    <p class='ocr_par' dir='ltr' id='par_1_7' title="bbox 22 4283 1928 5788">
     <span class='ocr_line' id='line_1_34' title="bbox 386 4283 965 4356; baseline -0.012 -1"><span class='ocrx_word' id='word_1_163' title='bbox 386 4292 508 4356; x_wconf 89' lang='lat' dir='ltr'>tur</span> <span class='ocrx_word' id='word_1_164' title='bbox 548 4283 965 4354; x_wconf 87' lang='lat' dir='ltr'>character.</span> 
     </span>
     <span class='ocr_line' id='line_1_35' title="bbox 22 4391 1927 4513; baseline -0.006 -39"><span class='ocrx_word' id='word_1_165' title='bbox 22 4396 338 4513; x_wconf 42' lang='lat'>²333&amp;</span> <span class='ocrx_word' id='word_1_166' title='bbox 486 4397 565 4472; x_wconf 78' lang='lat' dir='ltr'>Si</span> <span class='ocrx_word' id='word_1_167' title='bbox 617 4397 826 4470; x_wconf 89' lang='lat' dir='ltr'>dicas</span> <span class='ocrx_word' id='word_1_168' title='bbox 877 4393 1081 4490; x_wconf 86' lang='lat' dir='ltr'>quod</span> <span class='ocrx_word' id='word_1_169' title='bbox 1143 4393 1536 4466; x_wconf 88' lang='lat' dir='ltr'>character</span> <span class='ocrx_word' id='word_1_170' title='bbox 1594 4391 1927 4488; x_wconf 87' lang='lat' dir='ltr'>requiri-</span> 
     </span>
     <span class='ocr_line' id='line_1_36' title="bbox 23 4511 1925 4632; baseline -0.003 -43"><span class='ocrx_word' id='word_1_171' title='bbox 23 4519 340 4632; x_wconf 52' lang='lat' dir='ltr'>lisposirtiig</span> <span class='ocrx_word' id='word_1_172' title='bbox 390 4531 535 4611; x_wconf 89' lang='lat' dir='ltr'>tur,</span> <span class='ocrx_word' id='word_1_173' title='bbox 582 4516 764 4614; x_wconf 89' lang='lat' dir='ltr'>quia</span> <span class='ocrx_word' id='word_1_174' title='bbox 817 4512 1154 4611; x_wconf 88' lang='lat' dir='ltr'>disponit</span> <span class='ocrx_word' id='word_1_175' title='bbox 1194 4512 1285 4585; x_wconf 90' lang='lat' dir='ltr'>ad</span> <span class='ocrx_word' id='word_1_176' title='bbox 1328 4511 1680 4607; x_wconf 76' lang='lat' dir='ltr'>gratiam,</span> <span class='ocrx_word' id='word_1_177' title='bbox 1736 4535 1925 4586; x_wconf 88' lang='lat' dir='ltr'>con-</span> 
     </span>
     <span class='ocr_line' id='line_1_37' title="bbox 23 4600 1926 4729; baseline -0.001 -25"><span class='ocrx_word' id='word_1_178' title='bbox 23 4600 291 4725; x_wconf 51' lang='grc' dir='ltr'>ὶῗιῗξῖῗτι-</span> <span class='ocrx_word' id='word_1_179' title='bbox 382 4645 524 4729; x_wconf 91' lang='lat' dir='ltr'>tra,</span> <span class='ocrx_word' id='word_1_180' title='bbox 562 4641 687 4708; x_wconf 91' lang='lat' dir='ltr'>aut</span> <span class='ocrx_word' id='word_1_181' title='bbox 750 4629 1167 4727; x_wconf 88' lang='lat' dir='ltr'>requiritur</span> <span class='ocrx_word' id='word_1_182' title='bbox 1236 4638 1316 4700; x_wconf 93' lang='lat' dir='ltr'>ut</span> <span class='ocrx_word' id='word_1_183' title='bbox 1382 4627 1777 4725; x_wconf 88' lang='lat' dir='ltr'>dispositio</span> <span class='ocrx_word' id='word_1_184' title='bbox 1834 4652 1926 4702; x_wconf 86' lang='lat' dir='ltr'>ex</span> 
     </span>
     <span class='ocr_line' id='line_1_38' title="bbox 70 4723 1928 4853; baseline -0.005 -23"><span class='ocrx_word' id='word_1_185' title='bbox 70 4723 269 4766; x_wconf 72' lang='lat' dir='ltr'>uam.</span> <span class='ocrx_word' id='word_1_186' title='bbox 383 4764 593 4853; x_wconf 90' lang='lat' dir='ltr'>parte</span> <span class='ocrx_word' id='word_1_187' title='bbox 628 4748 1068 4848; x_wconf 87' lang='lat' dir='ltr'>susceptivi,</span> <span class='ocrx_word' id='word_1_188' title='bbox 1116 4755 1246 4821; x_wconf 90' lang='lat' dir='ltr'>aut</span> <span class='ocrx_word' id='word_1_189' title='bbox 1278 4770 1367 4821; x_wconf 86' lang='lat' dir='ltr'>ex</span> <span class='ocrx_word' id='word_1_190' title='bbox 1429 4757 1639 4844; x_wconf 90' lang='lat' dir='ltr'>parte</span> <span class='ocrx_word' id='word_1_191' title='bbox 1690 4772 1928 4843; x_wconf 85' lang='lat' dir='ltr'>agen-</span> 
     </span>
     <span class='ocr_line' id='line_1_39' title="bbox 379 4863 1926 4962; baseline -0.005 -17"><span class='ocrx_word' id='word_1_192' title='bbox 379 4871 541 4945; x_wconf 82' lang='lat' dir='ltr'>tis?</span> <span class='ocrx_word' id='word_1_193' title='bbox 579 4869 750 4942; x_wconf 85' lang='lat' dir='ltr'>Non</span> <span class='ocrx_word' id='word_1_194' title='bbox 788 4864 1205 4962; x_wconf 86' lang='lat' dir='ltr'>requiritur</span> <span class='ocrx_word' id='word_1_195' title='bbox 1249 4871 1326 4937; x_wconf 89' lang='lat' dir='ltr'>ut</span> <span class='ocrx_word' id='word_1_196' title='bbox 1377 4863 1774 4961; x_wconf 90' lang='lat' dir='ltr'>dispositio</span> <span class='ocrx_word' id='word_1_197' title='bbox 1835 4889 1926 4938; x_wconf 85' lang='lat' dir='ltr'>ex</span> 
     </span>
     <span class='ocr_line' id='line_1_40' title="bbox 382 4983 1927 5090; baseline -0.005 -26"><span class='ocrx_word' id='word_1_198' title='bbox 382 4995 592 5090; x_wconf 90' lang='lat' dir='ltr'>parte</span> <span class='ocrx_word' id='word_1_199' title='bbox 628 4984 1074 5083; x_wconf 86' lang='lat' dir='ltr'>susceptivi,</span> <span class='ocrx_word' id='word_1_200' title='bbox 1121 4984 1302 5081; x_wconf 88' lang='lat' dir='ltr'>quia</span> <span class='ocrx_word' id='word_1_201' title='bbox 1331 4983 1591 5057; x_wconf 88' lang='lat' dir='ltr'>anima</span> <span class='ocrx_word' id='word_1_202' title='bbox 1645 5006 1927 5058; x_wconf 89' lang='lat' dir='ltr'>secun—</span> 
     </span>
     <span class='ocr_line' id='line_1_41' title="bbox 378 5100 1927 5197; baseline -0.003 -17"><span class='ocrx_word' id='word_1_203' title='bbox 378 5108 562 5180; x_wconf 91' lang='lat' dir='ltr'>dum</span> <span class='ocrx_word' id='word_1_204' title='bbox 600 5126 680 5178; x_wconf 92' lang='lat' dir='ltr'>se</span> <span class='ocrx_word' id='word_1_205' title='bbox 714 5100 1197 5176; x_wconf 88' lang='lat' dir='ltr'>considerata</span> <span class='ocrx_word' id='word_1_206' title='bbox 1227 5123 1526 5173; x_wconf 88' lang='lat' dir='ltr'>summe</span> <span class='ocrx_word' id='word_1_207' title='bbox 1560 5100 1927 5197; x_wconf 84' lang='lat' dir='ltr'>disposita.</span> 
     </span>
     <span class='ocr_line' id='line_1_42' title="bbox 377 5214 1927 5315; baseline -0.006 -17"><span class='ocrx_word' id='word_1_208' title='bbox 377 5233 491 5299; x_wconf 90' lang='lat' dir='ltr'>est</span> <span class='ocrx_word' id='word_1_209' title='bbox 525 5221 617 5295; x_wconf 90' lang='lat' dir='ltr'>ad</span> <span class='ocrx_word' id='word_1_210' title='bbox 679 5218 1055 5315; x_wconf 87' lang='lat' dir='ltr'>gratiam3</span> <span class='ocrx_word' id='word_1_211' title='bbox 1102 5215 1292 5290; x_wconf 90' lang='lat' dir='ltr'>nihil</span> <span class='ocrx_word' id='word_1_212' title='bbox 1345 5214 1550 5289; x_wconf 88' lang='lat' dir='ltr'>enim</span> <span class='ocrx_word' id='word_1_213' title='bbox 1610 5215 1927 5313; x_wconf 85' lang='lat' dir='ltr'>impedit</span> 
     </span>
     <span class='ocr_line' id='line_1_43' title="bbox 377 5332 1918 5436; baseline -0.006 -22"><span class='ocrx_word' id='word_1_214' title='bbox 377 5339 545 5436; x_wconf 89' lang='lat' dir='ltr'>ejus</span> <span class='ocrx_word' id='word_1_215' title='bbox 615 5334 1186 5432; x_wconf 89' lang='lat' dir='ltr'>susceptionem</span> <span class='ocrx_word' id='word_1_216' title='bbox 1266 5332 1413 5407; x_wconf 92' lang='lat' dir='ltr'>nisi</span> <span class='ocrx_word' id='word_1_217' title='bbox 1492 5343 1918 5430; x_wconf 88' lang='lat' dir='ltr'>peccatum,</span> 
     </span>
     <span class='ocr_line' id='line_1_44' title="bbox 378 5448 1922 5554; baseline -0.005 -24"><span class='ocrx_word' id='word_1_218' title='bbox 378 5454 580 5554; x_wconf 92' lang='lat' dir='ltr'>quod</span> <span class='ocrx_word' id='word_1_219' title='bbox 636 5476 788 5526; x_wconf 91' lang='lat' dir='ltr'>non</span> <span class='ocrx_word' id='word_1_220' title='bbox 858 5449 1091 5523; x_wconf 92' lang='lat' dir='ltr'>habet</span> <span class='ocrx_word' id='word_1_221' title='bbox 1167 5472 1255 5522; x_wconf 87' lang='lat' dir='ltr'>ex</span> <span class='ocrx_word' id='word_1_222' title='bbox 1315 5472 1425 5536; x_wconf 88' lang='lat' dir='ltr'>se,</span> <span class='ocrx_word' id='word_1_223' title='bbox 1490 5448 1674 5546; x_wconf 90' lang='lat' dir='ltr'>quia</span> <span class='ocrx_word' id='word_1_224' title='bbox 1742 5461 1922 5523; x_wconf 88' lang='lat' dir='ltr'>tunc</span> 
     </span>
     <span class='ocr_line' id='line_1_45' title="bbox 378 5566 1926 5669; baseline -0.006 -20"><span class='ocrx_word' id='word_1_225' title='bbox 378 5579 579 5649; x_wconf 89' lang='lat' dir='ltr'>essct</span> <span class='ocrx_word' id='word_1_226' title='bbox 646 5577 902 5644; x_wconf 86' lang='lat' dir='ltr'>creata</span> <span class='ocrx_word' id='word_1_227' title='bbox 965 5567 1187 5639; x_wconf 85' lang='lat' dir='ltr'>mala.</span> <span class='ocrx_word' id='word_1_228' title='bbox 1262 5566 1420 5640; x_wconf 90' lang='lat' dir='ltr'>Nec</span> <span class='ocrx_word' id='word_1_229' title='bbox 1506 5567 1926 5669; x_wconf 86' lang='lat' dir='ltr'>requiritur</span> 
     </span>
     <span class='ocr_line' id='line_1_46' title="bbox 379 5682 1921 5788; baseline -0.003 -27"><span class='ocrx_word' id='word_1_230' title='bbox 379 5697 690 5788; x_wconf 89' lang='lat' dir='ltr'>propter</span> <span class='ocrx_word' id='word_1_231' title='bbox 732 5707 998 5780; x_wconf 89' lang='lat' dir='ltr'>agens,</span> <span class='ocrx_word' id='word_1_232' title='bbox 1036 5682 1219 5778; x_wconf 89' lang='lat' dir='ltr'>quia</span> <span class='ocrx_word' id='word_1_233' title='bbox 1250 5695 1487 5778; x_wconf 85' lang='lat' dir='ltr'>agens</span> <span class='ocrx_word' id='word_1_234' title='bbox 1528 5683 1732 5780; x_wconf 89' lang='lat' dir='ltr'>quod</span> <span class='ocrx_word' id='word_1_235' title='bbox 1768 5708 1921 5757; x_wconf 92' lang='lat' dir='ltr'>non</span> 
     </span>
    </p>

    <p class='ocr_par' dir='ltr' id='par_1_8' title="bbox 564 5825 939 5887">
     <span class='ocr_line' id='line_1_47' title="bbox 564 5825 939 5887; baseline -0.013 0"><span class='ocrx_word' id='word_1_236' title='bbox 564 5828 700 5887; x_wconf 72' lang='lat' dir='ltr'>Tou.</span> <span class='ocrx_word' id='word_1_237' title='bbox 742 5825 939 5886; x_wconf 80' lang='lat' dir='ltr'>xxm.</span> 
     </span>
    </p>
   </div>
   <div class='ocr_carea' id='block_1_6' title="bbox 88 677 340 782">
    <p class='ocr_par' dir='ltr' id='par_1_9' title="bbox 88 677 340 782">
     <span class='ocr_line' id='line_1_48' title="bbox 88 677 340 782; baseline -0.016 0"><span class='ocrx_word' id='word_1_238' title='bbox 88 677 340 782; x_wconf 38' lang='lat' dir='ltr'>‘&#39;³¹35&#39;&#39;ae</span> 
     </span>
    </p>
   </div>
   <div class='ocr_carea' id='block_1_7' title="bbox 3467 462 3592 530">
    <p class='ocr_par' dir='ltr' id='par_1_10' title="bbox 3467 462 3592 530">
     <span class='ocr_line' id='line_1_49' title="bbox 3467 462 3592 530; baseline -0.016 0"><span class='ocrx_word' id='word_1_239' title='bbox 3467 462 3592 530; x_wconf 74' lang='lat'>641</span> 
     </span>
    </p>
   </div>
   <div class='ocr_carea' id='block_1_8' title="bbox 2050 636 3598 1325">
    <p class='ocr_par' dir='ltr' id='par_1_11' title="bbox 2050 636 3598 1325">
     <span class='ocr_line' id='line_1_50' title="bbox 2057 636 3595 738; baseline -0.001 -29"><span class='ocrx_word' id='word_1_240' title='bbox 2057 647 2307 736; x_wconf 88' lang='lat' dir='ltr'>potest</span> <span class='ocrx_word' id='word_1_241' title='bbox 2381 660 2609 736; x_wconf 88' lang='lat' dir='ltr'>agere</span> <span class='ocrx_word' id='word_1_242' title='bbox 2652 639 2798 714; x_wconf 89' lang='lat' dir='ltr'>nisi</span> <span class='ocrx_word' id='word_1_243' title='bbox 2841 662 2976 738; x_wconf 90' lang='lat' dir='ltr'>per</span> <span class='ocrx_word' id='word_1_244' title='bbox 3017 636 3595 736; x_wconf 87' lang='lat' dir='ltr'>dispositionem</span> 
     </span>
     <span class='ocr_line' id='line_1_51' title="bbox 2053 737 3591 852; baseline 0 -26"><span class='ocrx_word' id='word_1_245' title='bbox 2053 754 2452 852; x_wconf 83' lang='lat' dir='ltr'>praeviam,</span> <span class='ocrx_word' id='word_1_246' title='bbox 2490 780 2643 830; x_wconf 91' lang='lat' dir='ltr'>non</span> <span class='ocrx_word' id='word_1_247' title='bbox 2693 737 3158 831; x_wconf 48' lang='lat' dir='ltr'>est&#39;virtutis</span> <span class='ocrx_word' id='word_1_248' title='bbox 3212 751 3536 826; x_wconf 80' lang='lat' dir='ltr'>inlinitae</span> <span class='ocrx_word' id='word_1_249' title='bbox 3574 777 3591 844; x_wconf 99' lang='lat'><em>3</em></span> 
     </span>
     <span class='ocr_line' id='line_1_52' title="bbox 2053 870 3593 972; baseline -0.002 -24"><span class='ocrx_word' id='word_1_250' title='bbox 2053 873 2183 948; x_wconf 91' lang='lat' dir='ltr'>sed</span> <span class='ocrx_word' id='word_1_251' title='bbox 2229 898 2467 972; x_wconf 89' lang='lat' dir='ltr'>agens</span> <span class='ocrx_word' id='word_1_252' title='bbox 2512 876 2637 949; x_wconf 93' lang='lat' dir='ltr'>hic</span> <span class='ocrx_word' id='word_1_253' title='bbox 2679 885 2793 949; x_wconf 95' lang='lat' dir='ltr'>est</span> <span class='ocrx_word' id='word_1_254' title='bbox 2845 873 3149 948; x_wconf 87' lang='lat' dir='ltr'>virtutis</span> <span class='ocrx_word' id='word_1_255' title='bbox 3205 870 3529 946; x_wconf 85' lang='lat' dir='ltr'>infinitae</span> <span class='ocrx_word' id='word_1_256' title='bbox 3574 898 3593 964; x_wconf 96' lang='lat'><em>3</em></span> 
     </span>
     <span class='ocr_line' id='line_1_53' title="bbox 2053 989 3595 1091; baseline -0.001 -25"><span class='ocrx_word' id='word_1_257' title='bbox 2053 1014 2237 1088; x_wconf 90' lang='lat' dir='ltr'>ergo</span> <span class='ocrx_word' id='word_1_258' title='bbox 2305 1000 2554 1091; x_wconf 90' lang='lat' dir='ltr'>potest</span> <span class='ocrx_word' id='word_1_259' title='bbox 2621 993 2695 1065; x_wconf 92' lang='lat' dir='ltr'>in</span> <span class='ocrx_word' id='word_1_260' title='bbox 2759 992 3019 1066; x_wconf 84' lang='lat' dir='ltr'>anima</span> <span class='ocrx_word' id='word_1_261' title='bbox 3085 1013 3341 1088; x_wconf 84' lang='lat' dir='ltr'>agere,</span> <span class='ocrx_word' id='word_1_262' title='bbox 3428 989 3595 1064; x_wconf 89' lang='lat' dir='ltr'>sine</span> 
     </span>
     <span class='ocr_line' id='line_1_54' title="bbox 2051 1108 3598 1208; baseline -0.001 -26"><span class='ocrx_word' id='word_1_263' title='bbox 2051 1108 2554 1207; x_wconf 89' lang='lat' dir='ltr'>dispositione</span> <span class='ocrx_word' id='word_1_264' title='bbox 2597 1110 2912 1208; x_wconf 81' lang='lat' dir='ltr'>praevia‚</span> <span class='ocrx_word' id='word_1_265' title='bbox 2951 1117 3323 1208; x_wconf 91' lang='lat' dir='ltr'>quantum</span> <span class='ocrx_word' id='word_1_266' title='bbox 3353 1116 3466 1183; x_wconf 91' lang='lat' dir='ltr'>est</span> <span class='ocrx_word' id='word_1_267' title='bbox 3506 1130 3598 1181; x_wconf 83' lang='lat' dir='ltr'>ex</span> 
     </span>
     <span class='ocr_line' id='line_1_55' title="bbox 2050 1227 2456 1325; baseline -0.007 -23"><span class='ocrx_word' id='word_1_268' title='bbox 2050 1237 2264 1325; x_wconf 91' lang='lat' dir='ltr'>parte</span> <span class='ocrx_word' id='word_1_269' title='bbox 2307 1227 2456 1301; x_wconf 93' lang='lat' dir='ltr'>sui.</span> 
     </span>
    </p>
   </div>
   <div class='ocr_carea' id='block_1_9' title="bbox 2029 1353 3933 5880">
    <p class='ocr_par' dir='ltr' id='par_1_12' title="bbox 2029 1353 3933 5780">
     <span class='ocr_line' id='line_1_56' title="bbox 2150 1353 3827 1451; baseline -0.001 -24"><span class='ocrx_word' id='word_1_270' title='bbox 2150 1354 2336 1428; x_wconf 93' lang='lat' dir='ltr'>Item</span> <span class='ocrx_word' id='word_1_271' title='bbox 2366 1362 2607 1447; x_wconf 85' lang='lat' dir='ltr'>sext0‚</span> <span class='ocrx_word' id='word_1_272' title='bbox 2641 1353 2701 1428; x_wconf 87' lang='lat' dir='ltr'>si</span> <span class='ocrx_word' id='word_1_273' title='bbox 2736 1357 3134 1428; x_wconf 87' lang='lat' dir='ltr'>character</span> <span class='ocrx_word' id='word_1_274' title='bbox 3156 1361 3485 1451; x_wconf 91' lang='lat' dir='ltr'>ponatur</span> <span class='ocrx_word' id='word_1_275' title='bbox 3516 1362 3596 1426; x_wconf 87' lang='lat' dir='ltr'>ut</span> <span class='ocrx_word' id='word_1_276' title='bbox 3762 1369 3827 1437; x_wconf 83' lang='lat'>8,</span> 
     </span>
     <span class='ocr_line' id='line_1_57' title="bbox 2049 1471 3596 1568; baseline -0.001 -23"><span class='ocrx_word' id='word_1_277' title='bbox 2049 1471 2358 1568; x_wconf 89' lang='lat' dir='ltr'>signum</span> <span class='ocrx_word' id='word_1_278' title='bbox 2456 1471 3160 1565; x_wconf 87' lang='lat' dir='ltr'>rememorativum,</span> <span class='ocrx_word' id='word_1_279' title='bbox 3245 1473 3392 1545; x_wconf 89' lang='lat' dir='ltr'>hoc</span> <span class='ocrx_word' id='word_1_280' title='bbox 3482 1479 3596 1544; x_wconf 93' lang='lat' dir='ltr'>est</span> 
     </span>
     <span class='ocr_line' id='line_1_58' title="bbox 2049 1587 3589 1686; baseline 0.001 -26"><span class='ocrx_word' id='word_1_281' title='bbox 2049 1597 2362 1685; x_wconf 89' lang='lat' dir='ltr'>propter</span> <span class='ocrx_word' id='word_1_282' title='bbox 2400 1587 2848 1684; x_wconf 90' lang='lat' dir='ltr'>dignitatem</span> <span class='ocrx_word' id='word_1_283' title='bbox 2893 1587 3263 1686; x_wconf 88' lang='lat' dir='ltr'>Baptismi</span> <span class='ocrx_word' id='word_1_284' title='bbox 3334 1587 3407 1659; x_wconf 90' lang='lat' dir='ltr'>in</span> <span class='ocrx_word' id='word_1_285' title='bbox 3480 1610 3589 1679; x_wconf 90' lang='lat' dir='ltr'>se,</span> 
     </span>
     <span class='ocr_line' id='line_1_59' title="bbox 2046 1706 3597 1805; baseline 0.001 -27"><span class='ocrx_word' id='word_1_286' title='bbox 2046 1706 2288 1780; x_wconf 90' lang='lat' dir='ltr'>velut</span> <span class='ocrx_word' id='word_1_287' title='bbox 2354 1706 2639 1805; x_wconf 89' lang='lat' dir='ltr'>recepti</span> <span class='ocrx_word' id='word_1_288' title='bbox 2710 1707 3043 1781; x_wconf 88' lang='lat' dir='ltr'>habeant</span> <span class='ocrx_word' id='word_1_289' title='bbox 3119 1706 3427 1803; x_wconf 90' lang='lat' dir='ltr'>signum</span> <span class='ocrx_word' id='word_1_290' title='bbox 3475 1706 3597 1803; x_wconf 92' lang='lat' dir='ltr'>ip-</span> 
     </span>
     <span class='ocr_line' id='line_1_60' title="bbox 2048 1823 3598 1921; baseline -0.001 -26"><span class='ocrx_word' id='word_1_291' title='bbox 2048 1846 2221 1896; x_wconf 89' lang='lat' dir='ltr'>sum</span> <span class='ocrx_word' id='word_1_292' title='bbox 2255 1823 3000 1921; x_wconf 56' lang='lat' dir='ltr'>repraesentativum,</span> <span class='ocrx_word' id='word_1_293' title='bbox 3046 1832 3177 1898; x_wconf 90' lang='lat' dir='ltr'>aut</span> <span class='ocrx_word' id='word_1_294' title='bbox 3204 1846 3340 1921; x_wconf 90' lang='lat' dir='ltr'>per</span> <span class='ocrx_word' id='word_1_295' title='bbox 3381 1844 3598 1896; x_wconf 87' lang='lat' dir='ltr'>com-</span> 
     </span>
     <span class='ocr_line' id='line_1_61' title="bbox 2046 1938 3595 2038; baseline 0 -25"><span class='ocrx_word' id='word_1_296' title='bbox 2046 1940 2525 2037; x_wconf 88' lang='lat' dir='ltr'>parationem</span> <span class='ocrx_word' id='word_1_297' title='bbox 2560 1940 2654 2014; x_wconf 92' lang='lat' dir='ltr'>ad</span> <span class='ocrx_word' id='word_1_298' title='bbox 2696 1938 2958 2014; x_wconf 88' lang='lat' dir='ltr'>beatos</span> <span class='ocrx_word' id='word_1_299' title='bbox 3021 1939 3098 2012; x_wconf 88' lang='lat' dir='ltr'>in</span> <span class='ocrx_word' id='word_1_300' title='bbox 3146 1939 3416 2038; x_wconf 88' lang='lat' dir='ltr'>patria,</span> <span class='ocrx_word' id='word_1_301' title='bbox 3463 1948 3595 2013; x_wconf 90' lang='lat' dir='ltr'>aut</span> 
     </span>
     <span class='ocr_line' id='line_1_62' title="bbox 2047 2055 3585 2131; baseline -0.001 0"><span class='ocrx_word' id='word_1_302' title='bbox 2047 2056 2136 2131; x_wconf 92' lang='lat' dir='ltr'>ad</span> <span class='ocrx_word' id='word_1_303' title='bbox 2194 2058 2436 2131; x_wconf 93' lang='lat' dir='ltr'>malos</span> <span class='ocrx_word' id='word_1_304' title='bbox 2495 2065 2568 2131; x_wconf 89' lang='lat' dir='ltr'>et</span> <span class='ocrx_word' id='word_1_305' title='bbox 2635 2057 3036 2130; x_wconf 88' lang='lat' dir='ltr'>damnatos</span> <span class='ocrx_word' id='word_1_306' title='bbox 3105 2056 3181 2128; x_wconf 93' lang='lat' dir='ltr'>in</span> <span class='ocrx_word' id='word_1_307' title='bbox 3252 2055 3585 2130; x_wconf 81' lang='lat' dir='ltr'>InfernO.</span> 
     </span>
     <span class='ocr_line' id='line_1_63' title="bbox 2044 2173 3594 2272; baseline 0 -25"><span class='ocrx_word' id='word_1_308' title='bbox 2044 2174 2216 2248; x_wconf 92' lang='lat' dir='ltr'>Non</span> <span class='ocrx_word' id='word_1_309' title='bbox 2253 2174 2498 2272; x_wconf 89' lang='lat' dir='ltr'>primo</span> <span class='ocrx_word' id='word_1_310' title='bbox 2542 2176 2793 2265; x_wconf 87' lang='lat' dir='ltr'>modo,</span> <span class='ocrx_word' id='word_1_311' title='bbox 2846 2174 3030 2272; x_wconf 87' lang='lat' dir='ltr'>quia</span> <span class='ocrx_word' id='word_1_312' title='bbox 3082 2173 3421 2250; x_wconf 89' lang='lat' dir='ltr'>nobilius</span> <span class='ocrx_word' id='word_1_313' title='bbox 3479 2181 3594 2249; x_wconf 84' lang='lat' dir='ltr'>est</span> 
     </span>
     <span class='ocr_line' id='line_1_64' title="bbox 2047 2290 3586 2390; baseline 0.001 -27"><span class='ocrx_word' id='word_1_314' title='bbox 2047 2292 2425 2390; x_wconf 84' lang='lat' dir='ltr'>recepisse</span> <span class='ocrx_word' id='word_1_315' title='bbox 2459 2291 2813 2388; x_wconf 85' lang='lat' dir='ltr'>gratiam,</span> <span class='ocrx_word' id='word_1_316' title='bbox 2851 2303 2919 2367; x_wconf 89' lang='lat' dir='ltr'>et</span> <span class='ocrx_word' id='word_1_317' title='bbox 2950 2290 3211 2386; x_wconf 86' lang='lat' dir='ltr'>fidem,</span> <span class='ocrx_word' id='word_1_318' title='bbox 3245 2302 3317 2367; x_wconf 91' lang='lat' dir='ltr'>et</span> <span class='ocrx_word' id='word_1_319' title='bbox 3344 2316 3586 2390; x_wconf 91' lang='lat' dir='ltr'>spem,</span> 
     </span>
     <span class='ocr_line' id='line_1_65' title="bbox 2045 2408 3594 2508; baseline 0.001 -24"><span class='ocrx_word' id='word_1_320' title='bbox 2045 2419 2118 2484; x_wconf 89' lang='lat' dir='ltr'>et</span> <span class='ocrx_word' id='word_1_321' title='bbox 2160 2408 2635 2506; x_wconf 89' lang='lat' dir='ltr'>hujusmodi,</span> <span class='ocrx_word' id='word_1_322' title='bbox 2690 2433 2920 2507; x_wconf 90' lang='lat' dir='ltr'>quam</span> <span class='ocrx_word' id='word_1_323' title='bbox 2987 2420 3239 2484; x_wconf 91' lang='lat' dir='ltr'>actum</span> <span class='ocrx_word' id='word_1_324' title='bbox 3302 2410 3594 2508; x_wconf 91' lang='lat' dir='ltr'>Baptis-</span> 
     </span>
     <span class='ocr_line' id='line_1_66' title="bbox 2049 2526 3593 2624; baseline 0.001 -26"><span class='ocrx_word' id='word_1_325' title='bbox 2049 2528 2355 2620; x_wconf 87' lang='lat' dir='ltr'>malem,</span> <span class='ocrx_word' id='word_1_326' title='bbox 2429 2537 2503 2601; x_wconf 91' lang='lat' dir='ltr'>et</span> <span class='ocrx_word' id='word_1_327' title='bbox 2579 2536 2834 2602; x_wconf 88' lang='lat' dir='ltr'>tamen</span> <span class='ocrx_word' id='word_1_328' title='bbox 2932 2550 3085 2602; x_wconf 88' lang='lat' dir='ltr'>non</span> <span class='ocrx_word' id='word_1_329' title='bbox 3176 2526 3593 2624; x_wconf 88' lang='lat' dir='ltr'>requiritur</span> 
     </span>
     <span class='ocr_line' id='line_1_67' title="bbox 2045 2641 3586 2739; baseline 0.001 -26"><span class='ocrx_word' id='word_1_330' title='bbox 2045 2641 2357 2739; x_wconf 90' lang='lat' dir='ltr'>aliquod</span> <span class='ocrx_word' id='word_1_331' title='bbox 2484 2642 2793 2738; x_wconf 92' lang='lat' dir='ltr'>signum</span> <span class='ocrx_word' id='word_1_332' title='bbox 2914 2642 3586 2717; x_wconf 89' lang='lat' dir='ltr'>rememorativum</span> 
     </span>
     <span class='ocr_line' id='line_1_68' title="bbox 2045 2759 3676 2858; baseline 0.003 -28"><span class='ocrx_word' id='word_1_333' title='bbox 2045 2759 2508 2858; x_wconf 87' lang='lat' dir='ltr'>receptionis</span> <span class='ocrx_word' id='word_1_334' title='bbox 2576 2769 2793 2834; x_wconf 89' lang='lat' dir='ltr'>actus</span> <span class='ocrx_word' id='word_1_335' title='bbox 2851 2760 3148 2855; x_wconf 84' lang='lat' dir='ltr'>gratiae,</span> <span class='ocrx_word' id='word_1_336' title='bbox 3218 2762 3340 2834; x_wconf 86' lang='lat' dir='ltr'>vel</span> <span class='ocrx_word' id='word_1_337' title='bbox 3373 2770 3588 2835; x_wconf 89' lang='lat' dir='ltr'>actus</span> <span class='ocrx_word' id='word_1_338' title='bbox 3667 2853 3676 2857; x_wconf 15' lang='grc' dir='ltr'><strong>ι</strong></span> 
     </span>
     <span class='ocr_line' id='line_1_69' title="bbox 2041 2876 3590 2974; baseline 0.003 -25"><span class='ocrx_word' id='word_1_339' title='bbox 2041 2876 2250 2971; x_wconf 89' lang='lat' dir='ltr'>fidei,</span> <span class='ocrx_word' id='word_1_340' title='bbox 2314 2900 2467 2974; x_wconf 93' lang='lat' dir='ltr'>quo</span> <span class='ocrx_word' id='word_1_341' title='bbox 2549 2887 3101 2952; x_wconf 86' lang='lat' dir='ltr'>rememoretur</span> <span class='ocrx_word' id='word_1_342' title='bbox 3168 2877 3400 2953; x_wconf 79' lang='lat' dir='ltr'>fuisse</span> <span class='ocrx_word' id='word_1_343' title='bbox 3460 2879 3590 2953; x_wconf 93' lang='lat' dir='ltr'>ali-</span> 
     </span>
     <span class='ocr_line' id='line_1_70' title="bbox 2042 2991 3585 3089; baseline 0.003 -24"><span class='ocrx_word' id='word_1_344' title='bbox 2042 2991 2354 3089; x_wconf 91' lang='lat' dir='ltr'>quando</span> <span class='ocrx_word' id='word_1_345' title='bbox 2387 2992 2531 3067; x_wconf 92' lang='lat' dir='ltr'>sub</span> <span class='ocrx_word' id='word_1_346' title='bbox 2564 2992 2845 3067; x_wconf 87' lang='lat' dir='ltr'>talibus</span> <span class='ocrx_word' id='word_1_347' title='bbox 2878 2993 3200 3067; x_wconf 88' lang='lat' dir='ltr'>actibus.</span> <span class='ocrx_word' id='word_1_348' title='bbox 3239 2993 3397 3068; x_wconf 92' lang='lat' dir='ltr'>Nec</span> <span class='ocrx_word' id='word_1_349' title='bbox 3438 2997 3585 3069; x_wconf 90' lang='lat' dir='ltr'>tale</span> 
     </span>
     <span class='ocr_line' id='line_1_71' title="bbox 2040 3095 3933 3212; baseline 0.002 -28"><span class='ocrx_word' id='word_1_350' title='bbox 2040 3109 2351 3207; x_wconf 91' lang='lat' dir='ltr'>signum</span> <span class='ocrx_word' id='word_1_351' title='bbox 2434 3109 3107 3186; x_wconf 90' lang='lat' dir='ltr'>rememorativum</span> <span class='ocrx_word' id='word_1_352' title='bbox 3170 3110 3588 3209; x_wconf 89' lang='lat' dir='ltr'>requiritur</span> <span class='ocrx_word' id='word_1_353' title='bbox 3620 3095 3933 3212; x_wconf 54' lang='lat' dir='ltr'>{ssssffliifflgg</span> 
     </span>
     <span class='ocr_line' id='line_1_72' title="bbox 2045 3223 3933 3336; baseline 0.003 -38"><span class='ocrx_word' id='word_1_354' title='bbox 2045 3237 2397 3325; x_wconf 89' lang='lat' dir='ltr'>respectu</span> <span class='ocrx_word' id='word_1_355' title='bbox 2432 3227 2602 3321; x_wconf 91' lang='lat' dir='ltr'>Dei,</span> <span class='ocrx_word' id='word_1_356' title='bbox 2647 3227 2831 3326; x_wconf 90' lang='lat' dir='ltr'>quia</span> <span class='ocrx_word' id='word_1_357' title='bbox 2877 3228 3087 3301; x_wconf 93' lang='lat' dir='ltr'>Deus</span> <span class='ocrx_word' id='word_1_358' title='bbox 3142 3228 3355 3302; x_wconf 86' lang='lat' dir='ltr'>novit</span> <span class='ocrx_word' id='word_1_359' title='bbox 3415 3229 3589 3326; x_wconf 93' lang='lat' dir='ltr'>quis</span> <span class='ocrx_word' id='word_1_360' title='bbox 3619 3223 3933 3336; x_wconf 46' lang='lat' dir='ltr'>⁸gffggffrgf·</span> 
     </span>
     <span class='ocr_line' id='line_1_73' title="bbox 2049 3343 3865 3441; baseline 0.001 -23"><span class='ocrx_word' id='word_1_361' title='bbox 2049 3343 2387 3441; x_wconf 87' lang='lat' dir='ltr'>suscepit</span> <span class='ocrx_word' id='word_1_362' title='bbox 2448 3347 2596 3419; x_wconf 85' lang='lat' dir='ltr'>tale</span> <span class='ocrx_word' id='word_1_363' title='bbox 2672 3344 3010 3441; x_wconf 90' lang='lat' dir='ltr'>signum,</span> <span class='ocrx_word' id='word_1_364' title='bbox 3103 3344 3263 3420; x_wconf 87' lang='lat' dir='ltr'>sive</span> <span class='ocrx_word' id='word_1_365' title='bbox 3356 3346 3585 3420; x_wconf 90' lang='lat' dir='ltr'>talem</span> <span class='ocrx_word' id='word_1_366' title='bbox 3681 3349 3865 3402; x_wconf 78' lang='lat' dir='ltr'>tivum.</span> 
     </span>
     <span class='ocr_line' id='line_1_74' title="bbox 2037 3460 3584 3558; baseline 0.001 -25"><span class='ocrx_word' id='word_1_367' title='bbox 2037 3468 2326 3552; x_wconf 86' lang='lat' dir='ltr'>actum,</span> <span class='ocrx_word' id='word_1_368' title='bbox 2361 3469 2436 3533; x_wconf 90' lang='lat' dir='ltr'>et</span> <span class='ocrx_word' id='word_1_369' title='bbox 2467 3460 2641 3557; x_wconf 91' lang='lat' dir='ltr'>quis</span> <span class='ocrx_word' id='word_1_370' title='bbox 2674 3484 2856 3548; x_wconf 85' lang='lat' dir='ltr'>non,</span> <span class='ocrx_word' id='word_1_371' title='bbox 2894 3460 3059 3534; x_wconf 88' lang='lat' dir='ltr'>siue</span> <span class='ocrx_word' id='word_1_372' title='bbox 3094 3482 3584 3558; x_wconf 88' lang='lat' dir='ltr'>quocumque</span> 
     </span>
     <span class='ocr_line' id='line_1_75' title="bbox 2036 3576 3588 3671; baseline 0.001 -22"><span class='ocrx_word' id='word_1_373' title='bbox 2036 3576 2171 3650; x_wconf 93' lang='lat' dir='ltr'>tali</span> <span class='ocrx_word' id='word_1_374' title='bbox 2203 3579 2671 3671; x_wconf 89' lang='lat' dir='ltr'>charactere,</span> <span class='ocrx_word' id='word_1_375' title='bbox 2710 3577 2907 3651; x_wconf 90' lang='lat' dir='ltr'>sicut</span> <span class='ocrx_word' id='word_1_376' title='bbox 2937 3578 3097 3652; x_wconf 83' lang='lat' dir='ltr'>Rex</span> <span class='ocrx_word' id='word_1_377' title='bbox 3144 3578 3588 3652; x_wconf 88' lang='lat' dir='ltr'>recordatur</span> 
     </span>
     <span class='ocr_line' id='line_1_76' title="bbox 2037 3693 3585 3792; baseline 0.001 -25"><span class='ocrx_word' id='word_1_378' title='bbox 2037 3716 2267 3790; x_wconf 90' lang='lat' dir='ltr'>quem</span> <span class='ocrx_word' id='word_1_379' title='bbox 2303 3693 2682 3792; x_wconf 89' lang='lat' dir='ltr'>acceperit</span> <span class='ocrx_word' id='word_1_380' title='bbox 2735 3693 2829 3768; x_wconf 92' lang='lat' dir='ltr'>ad</span> <span class='ocrx_word' id='word_1_381' title='bbox 2892 3717 3187 3791; x_wconf 80' lang='lat' dir='ltr'>pacem,</span> <span class='ocrx_word' id='word_1_382' title='bbox 3242 3704 3315 3769; x_wconf 90' lang='lat' dir='ltr'>et</span> <span class='ocrx_word' id='word_1_383' title='bbox 3354 3717 3585 3792; x_wconf 90' lang='lat' dir='ltr'>quem</span> 
     </span>
     <span class='ocr_line' id='line_1_77' title="bbox 2037 3808 3590 3907; baseline 0.001 -23"><span class='ocrx_word' id='word_1_384' title='bbox 2037 3834 2222 3903; x_wconf 91' lang='lat' dir='ltr'>non,</span> <span class='ocrx_word' id='word_1_385' title='bbox 2294 3809 2460 3884; x_wconf 91' lang='lat' dir='ltr'>sine</span> <span class='ocrx_word' id='word_1_386' title='bbox 2513 3832 3003 3907; x_wconf 92' lang='lat' dir='ltr'>quocumque</span> <span class='ocrx_word' id='word_1_387' title='bbox 3071 3808 3292 3907; x_wconf 91' lang='lat' dir='ltr'>signo</span> <span class='ocrx_word' id='word_1_388' title='bbox 3337 3834 3590 3886; x_wconf 90' lang='lat' dir='ltr'>reme-</span> 
     </span>
     <span class='ocr_line' id='line_1_78' title="bbox 2036 3927 3584 4025; baseline 0.003 -25"><span class='ocrx_word' id='word_1_389' title='bbox 2036 3927 2413 4001; x_wconf 87' lang='lat' dir='ltr'>morativo</span> <span class='ocrx_word' id='word_1_390' title='bbox 2448 3928 3096 4003; x_wconf 88' lang='lat' dir='ltr'>reconciliationis</span> <span class='ocrx_word' id='word_1_391' title='bbox 3124 3928 3358 4025; x_wconf 89' lang='lat' dir='ltr'>pacis.</span> <span class='ocrx_word' id='word_1_392' title='bbox 3424 3930 3584 4005; x_wconf 91' lang='lat' dir='ltr'>Nec</span> 
     </span>
     <span class='ocr_line' id='line_1_79' title="bbox 2036 4044 3585 4143; baseline 0.001 -26"><span class='ocrx_word' id='word_1_393' title='bbox 2036 4045 2459 4143; x_wconf 88' lang='lat' dir='ltr'>requiritur</span> <span class='ocrx_word' id='word_1_394' title='bbox 2499 4046 2644 4119; x_wconf 93' lang='lat' dir='ltr'>hoc</span> <span class='ocrx_word' id='word_1_395' title='bbox 2695 4044 3001 4142; x_wconf 88' lang='lat' dir='ltr'>signum</span> <span class='ocrx_word' id='word_1_396' title='bbox 3057 4047 3585 4121; x_wconf 87' lang='lat' dir='ltr'>rememorati-</span> 
     </span>
     <span class='ocr_line' id='line_1_80' title="bbox 2033 4163 3577 4261; baseline 0.003 -25"><span class='ocrx_word' id='word_1_397' title='bbox 2033 4186 2218 4237; x_wconf 80' lang='lat' dir='ltr'>vum</span> <span class='ocrx_word' id='word_1_398' title='bbox 2252 4173 2598 4261; x_wconf 88' lang='lat' dir='ltr'>respectu</span> <span class='ocrx_word' id='word_1_399' title='bbox 2671 4164 3086 4237; x_wconf 89' lang='lat' dir='ltr'>Beatorum</span> <span class='ocrx_word' id='word_1_400' title='bbox 3166 4163 3243 4236; x_wconf 89' lang='lat' dir='ltr'>in</span> <span class='ocrx_word' id='word_1_401' title='bbox 3303 4164 3577 4261; x_wconf 88' lang='lat' dir='ltr'>patria,</span> 
     </span>
     <span class='ocr_line' id='line_1_81' title="bbox 2035 4277 3581 4378; baseline 0.003 -26"><span class='ocrx_word' id='word_1_402' title='bbox 2035 4301 2189 4375; x_wconf 89' lang='lat' dir='ltr'>quo</span> <span class='ocrx_word' id='word_1_403' title='bbox 2223 4278 2559 4375; x_wconf 85' lang='lat' dir='ltr'>cogitent</span> <span class='ocrx_word' id='word_1_404' title='bbox 2623 4278 2823 4353; x_wconf 91' lang='lat' dir='ltr'>beati</span> <span class='ocrx_word' id='word_1_405' title='bbox 2890 4277 3097 4376; x_wconf 90' lang='lat' dir='ltr'>ipsos</span> <span class='ocrx_word' id='word_1_406' title='bbox 3165 4278 3581 4378; x_wconf 91' lang='lat' dir='ltr'>aliquando</span> 
     </span>
     <span class='ocr_line' id='line_1_82' title="bbox 2035 4386 3583 4495; baseline 0.003 -27"><span class='ocrx_word' id='word_1_407' title='bbox 2035 4386 2415 4493; x_wconf 85' lang='lat' dir='ltr'>recepisse</span> <span class='ocrx_word' id='word_1_408' title='bbox 2537 4405 2788 4470; x_wconf 92' lang='lat' dir='ltr'>actum</span> <span class='ocrx_word' id='word_1_409' title='bbox 2897 4395 3298 4493; x_wconf 89' lang='lat' dir='ltr'>Baptismi‚</span> <span class='ocrx_word' id='word_1_410' title='bbox 3397 4398 3583 4495; x_wconf 90' lang='lat' dir='ltr'>quia</span> 
     </span>
     <span class='ocr_line' id='line_1_83' title="bbox 2035 4512 3582 4609; baseline 0.001 -23"><span class='ocrx_word' id='word_1_411' title='bbox 2035 4513 2332 4586; x_wconf 88' lang='lat' dir='ltr'>nullum</span> <span class='ocrx_word' id='word_1_412' title='bbox 2367 4512 2675 4609; x_wconf 88' lang='lat' dir='ltr'>signum</span> <span class='ocrx_word' id='word_1_413' title='bbox 2720 4512 3396 4588; x_wconf 88' lang='lat' dir='ltr'>rememorativum</span> <span class='ocrx_word' id='word_1_414' title='bbox 3439 4516 3582 4590; x_wconf 88' lang='lat' dir='ltr'>erit</span> 
     </span>
     <span class='ocr_line' id='line_1_84' title="bbox 2035 4628 3584 4729; baseline 0.002 -27"><span class='ocrx_word' id='word_1_415' title='bbox 2035 4629 2424 4724; x_wconf 90' lang='lat' dir='ltr'>quomodo</span> <span class='ocrx_word' id='word_1_416' title='bbox 2466 4637 2936 4724; x_wconf 89' lang='lat' dir='ltr'>cognoscant</span> <span class='ocrx_word' id='word_1_417' title='bbox 2976 4628 3183 4726; x_wconf 91' lang='lat' dir='ltr'>ipsos</span> <span class='ocrx_word' id='word_1_418' title='bbox 3239 4630 3584 4729; x_wconf 88' lang='lat' dir='ltr'>aliquan-</span> 
     </span>
     <span class='ocr_line' id='line_1_85' title="bbox 2034 4745 3584 4824; baseline 0.004 -7"><span class='ocrx_word' id='word_1_419' title='bbox 2034 4746 2130 4818; x_wconf 92' lang='lat' dir='ltr'>do</span> <span class='ocrx_word' id='word_1_420' title='bbox 2178 4745 2412 4820; x_wconf 85' lang='lat' dir='ltr'>fuisse</span> <span class='ocrx_word' id='word_1_421' title='bbox 2454 4745 2598 4820; x_wconf 93' lang='lat' dir='ltr'>sub</span> <span class='ocrx_word' id='word_1_422' title='bbox 2645 4745 2925 4819; x_wconf 89' lang='lat' dir='ltr'>talibus</span> <span class='ocrx_word' id='word_1_423' title='bbox 2958 4745 3350 4822; x_wconf 86' lang='lat' dir='ltr'>charitatis</span> <span class='ocrx_word' id='word_1_424' title='bbox 3408 4750 3584 4824; x_wconf 88' lang='lat' dir='ltr'>acti-</span> 
     </span>
     <span class='ocr_line' id='line_1_86' title="bbox 2037 4864 3581 4964; baseline 0.002 -25"><span class='ocrx_word' id='word_1_425' title='bbox 2037 4866 2181 4939; x_wconf 90' lang='lat' dir='ltr'>bus</span> <span class='ocrx_word' id='word_1_426' title='bbox 2213 4875 2285 4939; x_wconf 91' lang='lat' dir='ltr'>et</span> <span class='ocrx_word' id='word_1_427' title='bbox 2318 4864 2495 4939; x_wconf 86' lang='lat' dir='ltr'>fidei</span> <span class='ocrx_word' id='word_1_428' title='bbox 2543 4893 2561 4958; x_wconf 93' lang='lat'><em>3</em></span> <span class='ocrx_word' id='word_1_429' title='bbox 2608 4889 2790 4961; x_wconf 91' lang='lat' dir='ltr'>ergo</span> <span class='ocrx_word' id='word_1_430' title='bbox 2859 4887 3001 4939; x_wconf 91' lang='lat' dir='ltr'>nec</span> <span class='ocrx_word' id='word_1_431' title='bbox 3034 4867 3273 4939; x_wconf 91' lang='lat' dir='ltr'>multo</span> <span class='ocrx_word' id='word_1_432' title='bbox 3337 4869 3581 4964; x_wconf 87' lang='lat' dir='ltr'>magis</span> 
     </span>
     <span class='ocr_line' id='line_1_87' title="bbox 2034 4981 3580 5079; baseline 0.001 -25"><span class='ocrx_word' id='word_1_433' title='bbox 2034 4982 2454 5079; x_wconf 88' lang='lat' dir='ltr'>requiritur</span> <span class='ocrx_word' id='word_1_434' title='bbox 2540 4982 2978 5055; x_wconf 83' lang='lat' dir='ltr'>necessario</span> <span class='ocrx_word' id='word_1_435' title='bbox 3066 4981 3377 5079; x_wconf 91' lang='lat' dir='ltr'>aliquod</span> <span class='ocrx_word' id='word_1_436' title='bbox 3474 4985 3580 5056; x_wconf 86' lang='lat' dir='ltr'>si-</span> 
     </span>
     <span class='ocr_line' id='line_1_88' title="bbox 2032 5097 3578 5196; baseline 0.001 -25"><span class='ocrx_word' id='word_1_437' title='bbox 2032 5123 2273 5195; x_wconf 88' lang='lat' dir='ltr'>gnum</span> <span class='ocrx_word' id='word_1_438' title='bbox 2318 5097 3024 5190; x_wconf 80' lang='lat' dir='ltr'>rememorativum,</span> <span class='ocrx_word' id='word_1_439' title='bbox 3070 5120 3223 5195; x_wconf 93' lang='lat' dir='ltr'>quo</span> <span class='ocrx_word' id='word_1_440' title='bbox 3288 5123 3578 5196; x_wconf 89' lang='lat' dir='ltr'>cogno-</span> 
     </span>
     <span class='ocr_line' id='line_1_89' title="bbox 2033 5214 3572 5315; baseline 0.002 -26"><span class='ocrx_word' id='word_1_441' title='bbox 2033 5225 2249 5290; x_wconf 87' lang='lat' dir='ltr'>scant</span> <span class='ocrx_word' id='word_1_442' title='bbox 2282 5215 2490 5314; x_wconf 91' lang='lat' dir='ltr'>ipsos</span> <span class='ocrx_word' id='word_1_443' title='bbox 2523 5214 2753 5289; x_wconf 82' lang='lat' dir='ltr'>luisse</span> <span class='ocrx_word' id='word_1_444' title='bbox 2784 5215 2927 5289; x_wconf 92' lang='lat' dir='ltr'>sub</span> <span class='ocrx_word' id='word_1_445' title='bbox 2963 5224 3131 5290; x_wconf 88' lang='lat' dir='ltr'>actu</span> <span class='ocrx_word' id='word_1_446' title='bbox 3171 5217 3572 5315; x_wconf 87' lang='lat' dir='ltr'>Baptismi‚</span> 
     </span>
     <span class='ocr_line' id='line_1_90' title="bbox 2033 5332 3577 5432; baseline 0.003 -27"><span class='ocrx_word' id='word_1_447' title='bbox 2033 5357 2204 5407; x_wconf 92' lang='lat' dir='ltr'>cum</span> <span class='ocrx_word' id='word_1_448' title='bbox 2253 5335 2493 5406; x_wconf 89' lang='lat' dir='ltr'>multo</span> <span class='ocrx_word' id='word_1_449' title='bbox 2529 5332 2773 5429; x_wconf 87' lang='lat' dir='ltr'>magis</span> <span class='ocrx_word' id='word_1_450' title='bbox 2833 5332 3210 5429; x_wconf 90' lang='lat' dir='ltr'>pertineat</span> <span class='ocrx_word' id='word_1_451' title='bbox 3285 5334 3379 5408; x_wconf 92' lang='lat' dir='ltr'>ad</span> <span class='ocrx_word' id='word_1_452' title='bbox 3419 5336 3577 5432; x_wconf 88' lang='lat' dir='ltr'>glo-</span> 
     </span>
     <span class='ocr_line' id='line_1_91' title="bbox 2035 5447 3568 5543; baseline 0.005 -24"><span class='ocrx_word' id='word_1_453' title='bbox 2035 5448 2222 5522; x_wconf 91' lang='lat' dir='ltr'>riam</span> <span class='ocrx_word' id='word_1_454' title='bbox 2267 5472 2482 5521; x_wconf 89' lang='lat' dir='ltr'>suam</span> <span class='ocrx_word' id='word_1_455' title='bbox 2529 5447 2888 5543; x_wconf 85' lang='lat' dir='ltr'>cognosci</span> <span class='ocrx_word' id='word_1_456' title='bbox 2936 5448 3164 5521; x_wconf 80' lang='lat' dir='ltr'>tuisse</span> <span class='ocrx_word' id='word_1_457' title='bbox 3197 5450 3340 5522; x_wconf 90' lang='lat' dir='ltr'>sub</span> <span class='ocrx_word' id='word_1_458' title='bbox 3401 5461 3568 5526; x_wconf 90' lang='lat' dir='ltr'>actu</span> 
     </span>
     <span class='ocr_line' id='line_1_92' title="bbox 2031 5563 3572 5659; baseline 0.003 -21"><span class='ocrx_word' id='word_1_459' title='bbox 2031 5565 2425 5639; x_wconf 88' lang='lat' dir='ltr'>charitatis</span> <span class='ocrx_word' id='word_1_460' title='bbox 2500 5576 2575 5638; x_wconf 90' lang='lat' dir='ltr'>et</span> <span class='ocrx_word' id='word_1_461' title='bbox 2633 5563 2837 5657; x_wconf 83' lang='lat' dir='ltr'>fidei,</span> <span class='ocrx_word' id='word_1_462' title='bbox 2902 5586 3130 5659; x_wconf 77' lang='lat' dir='ltr'>quarn</span> <span class='ocrx_word' id='word_1_463' title='bbox 3202 5566 3344 5640; x_wconf 92' lang='lat' dir='ltr'>sub</span> <span class='ocrx_word' id='word_1_464' title='bbox 3401 5577 3572 5643; x_wconf 89' lang='lat' dir='ltr'>actu</span> 
     </span>
     <span class='ocr_line' id='line_1_93' title="bbox 2029 5665 3596 5780; baseline 0.003 -24"><span class='ocrx_word' id='word_1_465' title='bbox 2029 5682 2428 5779; x_wconf 51' lang='lat' dir='ltr'>Baptisu&#39;ii.</span> <span class='ocrx_word' id='word_1_466' title='bbox 2498 5669 2685 5756; x_wconf 70' lang='lat' dir='ltr'>&#39;Nec</span> <span class='ocrx_word' id='word_1_467' title='bbox 2815 5665 3042 5754; x_wconf 85' lang='lat' dir='ltr'>etiam</span> <span class='ocrx_word' id='word_1_468' title='bbox 3155 5684 3596 5780; x_wconf 82' lang='lat' dir='ltr'>requiritur</span> 
     </span>
    </p>

    <p class='ocr_par' dir='ltr' id='par_1_13' title="bbox 3324 5828 3386 5880">
     <span class='ocr_line' id='line_1_94' title="bbox 3324 5828 3386 5880; baseline 0 0"><span class='ocrx_word' id='word_1_469' title='bbox 3324 5828 3386 5880; x_wconf 82' lang='lat'>41</span> 
     </span>
    </p>
   </div>
   <div class='ocr_carea' id='block_1_10' title="bbox 3697 1485 3874 1537">
    <p class='ocr_par' dir='ltr' id='par_1_14' title="bbox 3697 1485 3874 1537">
     <span class='ocr_line' id='line_1_95' title="bbox 3697 1485 3874 1537; baseline -0.011 0"><span class='ocrx_word' id='word_1_470' title='bbox 3697 1485 3874 1537; x_wconf 79' lang='lat' dir='ltr'>Sexto·</span> 
     </span>
    </p>
   </div>
   <div class='ocr_carea' id='block_1_11' title="bbox 3632 2969 3910 3085">
    <p class='ocr_par' dir='ltr' id='par_1_15' title="bbox 3632 2969 3910 3085">
     <span class='ocr_line' id='line_1_96' title="bbox 3632 2969 3910 3022; baseline 0.014 -3"><span class='ocrx_word' id='word_1_471' title='bbox 3632 2969 3910 3022; x_wconf 72' lang='lat' dir='ltr'>characte-</span> 
     </span>
     <span class='ocr_line' id='line_1_97' title="bbox 3644 3047 3900 3085; baseline 0.008 -2"><span class='ocrx_word' id='word_1_472' title='bbox 3644 3047 3755 3083; x_wconf 82' lang='lat' dir='ltr'>rem</span> <span class='ocrx_word' id='word_1_473' title='bbox 3790 3047 3900 3085; x_wconf 84' lang='lat' dir='ltr'>non</span> 
     </span>
    </p>
   </div>
  </div>
 </body>
</html>
