4295 6326
1520 449 1744 518 DlST.
1798 449 1918 517 lV.
1971 449 2388 529 QUAESTIO
2436 453 2525 521 ΙΙ.

477 640 637 709 suS,
711 617 772 689 si
843 628 1044 693 esset
1120 621 1363 695 virtus
1429 620 1701 708 activa,
1776 631 2031 718 posset

477 754 704 826 agere
767 758 905 832 per
974 759 1080 824 se,
1169 737 1350 834 quia
1431 761 1830 834 nunquam
1918 746 2033 812 est

477 871 711 924 causa
756 851 1069 925 inferior
1126 864 1392 951 potens
1433 878 1658 950 agere
1695 856 2031 952 potentia

478 967 941 1064 propinqua,
980 970 1124 1042 nisi
1160 971 1403 1069 posita
1444 971 1740 1046 actione
1773 997 2029 1047 causae

478 1085 902 1181 superioris
943 1086 1019 1160 in
1063 1098 1232 1161 actu
1279 1088 1493 1186 prius
1546 1099 1845 1165 natura.
1894 1091 2030 1165 Pa·

477 1208 581 1272 tet
648 1200 881 1296 igitur
956 1204 1161 1299 quod
1248 1228 1422 1280 vere
1501 1206 1747 1303 potuit
1808 1207 2028 1281 beata

474 1314 709 1411 Virgo
752 1340 977 1414 agore
1029 1321 1119 1393 ad
1178 1319 1706 1395 formationem
1753 1345 2028 1421 corpo-

476 1431 580 1505 ris
607 1433 883 1508 Christi
918 1435 995 1507 in
1040 1437 1307 1510 ultimo
1351 1438 1688 1528 instanti,
1736 1449 1808 1511 et
1847 1464 2024 1515 vere

473 1559 586 1622 est
632 1559 896 1624 mater.
1345 1574 1348 1577 ’

1001 1772 1366 1830 SCllOLlUM
1411 1774 1501 1830 lV.

546 1923 748 1992 Rejicit
776 1924 1121 1982 sententiam
1159 1927 1220 1982 D.
1269 1930 1679 1984 Bonnventuroe
1709 1933 2039 2011 asserentis'

474 2014 716 2070 Mariam
772 2021 1119 2086 praeventam
1182 2033 1310 2072 esse
1343 2036 1374 2072 a
1417 2018 1627 2088 Spiritu
1677 2027 1897 2085 sancto,
1950 2039 2020 2078 ne

471 2110 686 2173 ageret,
717 2106 854 2177 quia
885 2106 967 2160 sic
999 2123 1112 2160 non
1151 2116 1299 2163 esset
1335 2113 1543 2179 mater,
1576 2110 1724 2164 sicut
1767 2127 1868 2165 nec
1907 2111 2016 2166 vir-

471 2210 545 2266 ga
571 2195 753 2248 Aaron
790 2211 966 2249 causa
1001 2195 1179 2263 floris,
1215 2198 1351 2268 quia
1386 2197 1489 2253 suit
1527 2206 1829 2270 praeventa.
1867 2202 2015 2274 Reji·

472 2284 551 2339 cit
598 2285 770 2339 etiam
829 2286 1105 2340 Varronis
1164 2289 1534 2350 sententiam,
1597 2291 1842 2346 dicentis
1897 2293 2012 2347 vim

471 2372 972 2442 supernaturalem
1003 2377 1192 2430 datam
1228 2376 1470 2448 Virgini,
1512 2396 1612 2450 per
1659 2396 1833 2451 quam
1881 2398 2014 2452 age-

470 2460 567 2516 bat
597 2461 952 2531 generandO,
1024 2463 1164 2536 quia
1222 2463 1319 2519 illa
1387 2473 1541 2522 essct
1597 2472 1887 2538 accidenS,
1920 2489 2016 2541 per

469 2552 621 2622 quod
658 2568 768 2607 non
804 2562 1075 2610 causatur
1105 2555 1460 2612 substantia.
1519 2559 1818 2625 Praeterea,
1870 2572 2014 2620 esset

469 2643 525 2697 in
561 2643 856 2699 voluntate
905 2645 991 2700 vel
1047 2647 1102 2701 in
1159 2647 1477 2713 intellectu,
1522 2657 1580 2704 et
1628 2652 1771 2707 nihil
1819 2655 1873 2708 in
1921 2654 2015 2711 his

470 2733 866 2805 subjectatum
932 2742 1120 2807 potest
1168 2756 1458 2807 geitorare.
1539 2741 1674 2797 Vide
1744 2760 1874 2798 eum
1955 2747 2012 2801 in

467 2827 648 2881 Oxon.
711 2825 804 2880 hic
857 2844 914 2881 n.
955 2828 1010 2880 6.
1065 2828 1123 2883 Si
1177 2845 1374 2899 parere
1423 2830 1493 2885 sit
1535 2847 1724 2903 agere,
1777 2834 2016 2891 difficile

468 2915 634 2972 valde
665 2921 754 2971 est
795 2918 1083 2987 quomodo
1116 2924 1178 2974 B.
1239 2920 1413 2992 Virgo
1468 2926 1707 2994 peperit,
1756 2926 1889 2996 quia
1934 2927 2012 2981 ibi

470 3004 779 3060 intervenit
849 3009 1192 3076 penetratio,
1272 3012 1746 3083 quandoquidem
1817 3014 2013 3071 clauso

467 3097 627 3148 utero
662 3099 834 3149 natus
865 3104 952 3151 est
1018 3096 1312 3154 Christus,
1372 3100 1588 3157 'l'amen
1658 3103 1704 3158 si
1749 3107 2016 3161 teneatur

467 3184 621 3254 qnod
660 3185 716 3238 in
752 3187 991 3241 instanti
1021 3191 1312 3244 concurrit
1341 3193 1407 3246 ad
1444 3200 1634 3248 motus
1684 3197 2010 3265 praeccden-

469 3282 553 3328 tes
583 3276 1043 3345 generationem,
1079 3278 1306 3334 videtur
1355 3281 1526 3336 etiam
1578 3283 1732 3353 quod
1783 3285 1850 3338 ad
1907 3286 2012 3342 boc

467 3363 687 3434 Spiritu
722 3373 921 3422 sancto
973 3375 1251 3440 congente
1303 3386 1644 3428 concurrere
1690 3376 1894 3446 potuit,
1944 3379 2014 3433 dc

468 3467 581 3521 quo
606 3453 751 3509 nihil
795 3455 1117 3512 resolvitur.

3567 456 3693 524 277

2240 622 2479 697 Aliter
2572 623 2874 718 dicitur,
2973 625 3423 701 sustinendo
3492 624 3695 721 quod

2145 749 2387 814 mater
2462 749 2662 837 agat,
2751 743 2957 839 quod
3023 743 3286 817 virtuti
3365 740 3694 816 naturali

2140 855 2308 951 ejus
2362 856 2493 930 fuit
2538 859 2814 954 collata
2851 859 3098 934 virtus
3140 868 3697 957 supernatura-

2140 970 2233 1045 lis
2266 972 2443 1066 alia,
2486 974 2684 1049 unde
2734 976 2981 1073 potuit
3013 999 3332 1072 coagere
3375 973 3693 1073 Spiritui

2138 1096 2428 1162 sancto.

2237 1205 2542 1293 Contra,
2607 1206 2750 1281 ista
2788 1208 3029 1283 virtus
3083 1207 3694 1308 supernaturalis

2137 1332 2270 1394 aut
2327 1322 2468 1396 fuit
2506 1325 2790 1418 gradus
2822 1325 3194 1401 intensior
3233 1328 3524 1420 formae,
3561 1337 3693 1401 aut

2135 1438 2448 1535 aliquod
2512 1440 2935 1516 accidens?
2988 1442 3068 1516 Si
3124 1444 3369 1540 primo
3430 1445 3684 1538 modO,

2133 1555 2357 1629 beata
2399 1557 2629 1653 Virgo
2672 1559 2940 1634 fuisset
2969 1561 3380 1657 plusquam
3415 1563 3684 1655 mater,

2134 1671 2317 1766 quia
2376 1682 2658 1748 inatres
2715 1699 3166 1750 communes
3207 1700 3358 1749 non
3404 1678 3690 1752 habent

2131 1786 2355 1859 talem
2419 1787 2772 1882 gradum,
2830 1800 2903 1863 et
2982 1813 3120 1887 per
3204 1813 3689 1887 consequens

2127 1902 2526 1998 aequivoce
2562 1904 2828 1979 fuisset
2862 1915 3102 1981 mater
3156 1931 3328 1981 cum
3387 1907 3582 1981 aliis.

2229 2017 2308 2090 Si
2380 2020 2718 2094 secundo
2794 2022 3049 2107 modo,
3142 2032 3433 2116 contra,
3506 2024 3688 2120 quia

2129 2132 2314 2207 illud
2375 2140 2961 2233 supernaturale
3003 2150 3117 2214 est
3156 2140 3512 2215 accidens
3553 2142 3686 2213 im-

2126 2275 2509 2347 pressum,
2547 2278 2684 2351 per
2716 2257 2860 2330 hoc
2893 2280 3043 2330 non
3080 2267 3330 2355 potest
3360 2282 3681 2354 coagere

2124 2369 2216 2442 ad
2277 2371 2594 2445 sormam
2659 2374 3269 2471 substantialem,
3315 2378 3682 2476 probatur

2123 2486 2268 2560 hoc
2315 2511 2329 2561 :
2397 2488 2959 2566 Inconveniens
3004 2502 3116 2567 est
3174 2495 3377 2590 quod
3438 2505 3680 2570 mater

2123 2626 2261 2699 per
2317 2604 2628 2701 aliquod
2684 2606 3041 2683 accidens
3100 2620 3359 2707 posset
3397 2610 3475 2685 in
3535 2612 3680 2686 ali-

2122 2719 2328 2815 quod
2396 2721 2805 2817 perfectius
2860 2746 3088 2820 quam
3170 2725 3247 2800 in
3319 2727 3536 2821 illud,
3600 2727 3678 2801 in

2123 2835 2326 2930 quod
2377 2846 2628 2933 potest
2669 2862 2803 2937 per
2843 2841 3162 2916 formam
3208 2843 3681 2919 substantia-

2126 2953 2301 3026 lem.
2350 2954 2719 3031 Similiter
2759 2958 2819 3032 si
2863 2968 3064 3035 esset
3111 2962 3492 3053 accidenS,
3557 2986 3682 3037 re-

2123 3068 2509 3166 ciperetur
2562 3072 2638 3146 in
2709 3075 2887 3169 alie,
2951 3088 3025 3151 et
3077 3102 3250 3152 eum
3318 3079 3413 3152 sit
3479 3079 3682 3153 acci-

2123 3185 2316 3260 dens
2373 3194 2962 3285 supernaturale
3026 3194 3450 3290 spirituale,
3524 3219 3679 3270 non

2126 3300 2427 3377 videtur
2495 3305 2698 3401 quod
2768 3308 3008 3404 possit
3088 3310 3325 3407 recipi
3396 3310 3541 3385 nisi
3605 3312 3680 3385 in

2121 3420 2547 3515 voluntate,
2609 3424 2730 3496 vel
2788 3423 2864 3496 in
2927 3424 3345 3519 intellectu,
3391 3437 3465 3501 et
3509 3430 3686 3503 nul-

2125 3534 2281 3608 lum
2365 3539 2514 3612 tale
2601 3549 2715 3612 est
2803 3539 3272 3617 sufficienter
3346 3543 3681 3620 activum

220 3651 329 3716 ¹2.
563 3629 841 3705 Tamen
902 3632 1120 3706 aliter
1191 3634 1495 3731 dicitur,
1563 3642 2013 3720 sustinendo
2126 3662 2471 3749 respectu
2510 3654 2987 3749 substantiae,
3020 3657 3190 3732 ideo
3217 3667 3442 3733 teneo
3476 3662 3682 3758 quod

112 3763 305 3877 gginio
337 3766 398 3875 lo.
467 3747 671 3843 quod
732 3759 970 3823 mater
1028 3761 1226 3847 agat,
1278 3756 1481 3851 quod
1546 3757 1678 3832 illa
1726 3759 2018 3836 foeeun-
2127 3778 2369 3842 mater
2401 3769 2629 3843 habet
2658 3769 3122 3868 principium
3167 3774 3497 3848 activum
3537 3777 3682 3851 lor-

112 3829 431 3966 3.¹‹¹1f'’9.·2¹2'.'
463 3863 658 3939 ditas
703 3866 986 3956 matris,
1034 3890 1207 3964 quae
1262 3880 1508 3968 potest
1566 3899 1819 3972 agere,
1879 3881 2019 3955 suit
2126 3884 2451 3979 maliter,
2501 3896 2579 3959 ut
2619 3886 2859 3983 prius.

180 3958 340 4003 “³¹²²'’
461 3987 856 4074 proeventa
948 4006 993 4054 a
1069 3981 1355 4080 Spiritu
1449 3999 1737 4079 sanctO,
1821 3993 2019 4068 sicut
2221 3999 2335 4074 Ad
2389 4000 2721 4097 primum
2784 4013 3075 4098 eontra,
3126 4006 3294 4079 dico
3350 4009 3552 4104 quod
3597 4010 3714 4103 inf
3822 4035 3926 4113 13,

458 4093 677 4189 virga
705 4098 988 4191 Aaron,
1034 4121 1210 4195 quae
1252 4102 1498 4197 potuit
1539 4104 1892 4183 floruisse
1944 4120 2015 4185 et
2128 4114 2395 4188 ultimo
2437 4115 2751 4191 instanti
2792 4119 3023 4193 habet
3054 4144 3290 4217 agens
3331 4136 3670 4201 creatum

461 4209 893 4287 fronduisse
955 4239 1092 4312 per
1171 4225 1555 4314 naturam,
1621 4223 1759 4297 fuit
1812 4250 2015 4322 prae-
2122 4230 2533 4325 actionem,
2618 4242 2691 4307 et
2778 4259 2933 4307 non
3034 4260 3168 4333 per
3262 4240 3670 4337 actionem,

459 4337 690 4402 venta
742 4354 1057 4406 acausa
1105 4335 1419 4409 fortiori·
2122 4373 2354 4447 quam
2458 4353 2726 4427 habuit
2833 4357 3260 4451 alterando,
3370 4372 3679 4458 propter

158 4473 209 4546 sq
242 4473 395 4537 virgo
560 4443 706 4517 Sed
751 4446 895 4520 ista
947 4450 1343 4546 responsio
1384 4452 1706 4529 destruit
1746 4481 2015 4556 propo·
2121 4469 2329 4563 duo3
2399 4480 2559 4544 tum
2623 4469 2804 4568 quia
2857 4471 2932 4545 in
3021 4473 3291 4549 ultimo
3361 4477 3674 4554 instanti

141 4535 394 4650 ξξζξξξζ
459 4558 721 4654 situm,
793 4564 977 4659 quia
1034 4587 1125 4638 ex
1194 4567 1335 4641 hoc
1401 4570 1750 4665 sequitur
1806 4575 2010 4669 quod
2121 4585 2253 4660 illa
2319 4586 2513 4661 actio
2581 4612 2735 4662 non
2800 4599 2975 4681 est3
3043 4600 3199 4664 tum
3278 4594 3459 4692 quia
3513 4607 3674 4673 esto

170 4667 386 4774 gffi'ffg,
458 4698 612 4752 non
694 4678 832 4752 fuit
888 4704 1066 4756 vere
1127 4691 1392 4777 mater,
1462 4686 1644 4782 quia
1698 4688 1756 4759 si
1813 4689 2011 4785 ignis
2119 4704 2322 4799 quod
2402 4714 2627 4798 esset,
2691 4706 2942 4781 adhuc
3021 4709 3376 4787 accidens
3443 4726 3669 4812 esset,

128 4791 388 4901 Nffgfefj
458 4805 716 4894 posset
778 4819 958 4871 Vere
1042 4799 1480 4888 calefacere,
1564 4811 1724 4877 eStO
1803 4807 2007 4901 quod
2118 4828 2192 4892 et
2248 4842 2386 4916 per
2440 4843 2925 4919 consequens
2984 4849 3136 4898 non
3198 4838 3446 4925 potest
3503 4856 3670 4909 esse

456 4912 977 5011 proeveniatur
1027 4937 1069 4987 a
1100 4916 1480 5012 superiori
1527 4942 1761 4994 causa
1819 4945 2006 4996 oau-
2114 4932 2577 5032 principium
2624 4937 2903 5043 actioni
2948 4943 3467 5036 generationis
3500 4949 3672 5023 sub-

453 5040 669 5104 sante
727 5031 1088 5126 calorem,
1134 5031 1336 5128 ignis
1390 5057 1543 5107 non
1605 5048 1718 5111 est
1773 5062 2004 5116 causa
2115 5051 2442 5126 stantiae.
3430 5149 3436 5154 ,

449 5146 753 5242 caloris,
799 5146 997 5222 sicut
1035 5148 1127 5222 de
1184 5148 1401 5246 virga
1455 5151 1581 5227 illa
1643 5156 2005 5232 manifes-
2211 5168 2391 5244 Ideo
2458 5170 2627 5245 dico
2714 5173 2918 5268 quod
2997 5199 3234 5272 agens
3320 5193 3659 5260 creatum
3693 5219 4011 5283 Agenscre-

448 5275 609 5338 “¹¹¹¹
654 5274 767 5341 est
820 5266 1025 5363 qUOd
1068 5266 1130 5340 Si
1173 5266 1311 5341 tuit
1352 5282 1772 5368 Praevessta›
1835 5275 2001 5374 ipsa
2110 5294 2360 5383 potest
2413 5311 2733 5383 coagere
2794 5290 3076 5364 actioni
3126 5316 3381 5371 eausae
3440 5324 3660 5398 supe·
3691 5285 3834 5332 ΜΠ]
3857 5298 3984 5334 ⁰⁰⁸·

3725 5346 3763 5394 it
3803 5360 3828 5394 a
3872 5347 3983 5396 enti

448 5407 600 5456 non
688 5385 1034 5459 causabit
1118 5384 1405 5471 ssores3
1502 5390 1687 5464 illud
1767 5393 1999 5490 igitur
2112 5399 2444 5476 riorisad
2474 5402 2994 5477 inductionem
3025 5405 3656 5490 forrnaesubstan·
3686 5358 4008 5467 amam-

450 5523 643 5597 opus
685 5501 930 5597 magis
972 5510 1172 5576 esset
1213 5503 1705 5580 tribuendum
1742 5533 1994 5586 causae
2110 5516 2330 5591 tialis.
3684 5469 3780 5519 ‘⁶¹¹
3810 5470 3875 5520 ⁸²⁶
3907 5471 3990 5521 ‘⁰¹

3695 5545 3835 5581 mam
3871 5534 3991 5583 sub·

450 5619 823 5717 superiori
865 5641 1095 5716 quam
1136 5619 1401 5717 virgae.
2202 5632 2453 5728 Dices,
2500 5658 2650 5709 non
2724 5646 2969 5735 potest
3033 5663 3273 5736 agens
3313 5653 3647 5721 creatum
3681 5595 4003 5649 stantialem.

3945 6124 3950 6127 —
3991 6036 4188 6181 ff
