4295 6326
642 367 770 433 212

650 568 789 644 pro
874 552 1215 643 tempore
1290 565 1428 641 pro
1507 564 1659 639 quo
1728 548 1844 615 est
1916 548 2189 639 aptus;

2013 365 2250 434 LIBRI
2299 366 2386 436 ΙΙ.

2300 542 2736 642 dupliciter,
2792 547 2914 620 vel
2958 544 3142 643 quia
3196 553 3370 620 actu
3424 537 3848 637 corrumpit

649 661 846 737 sicut
877 662 1176 737 catulus
1220 671 1395 736 ante
1456 683 1749 734 nonum
1792 658 1993 733 diem
2035 681 2191 732 non
2299 662 2652 756 gratiam,
2690 664 2810 737 vel
2845 662 3022 737 licet
3062 686 3216 737 non
3259 661 3356 736 sit
3414 656 3840 740 releribiliS‚

650 778 956 878 dicitur]
995 802 1272 854 caecus.
1332 776 1716 875 Injustitia
1783 776 2014 872 igitur
2081 782 2197 850 est

651 894 985 981 habitus,
1030 892 1516 968 velcarentia
1545 891 1895 988 justitiae,
1946 913 2193 990 quan-

650 1013 746 1087 do
781 1011 954 1110 quis
996 1012 1218 1087 debet
1248 1011 1454 1108 juste
1500 1032 1753 1106 agere.
1828 1008 1977 1084 Sed
2010 1031 2194 1107 pos·

652 1128 869 1203 sibile
937 1136 1051 1202 est
1135 1126 1528 1202 hominem
1598 1126 1872 1200 elicere
1932 1135 2186 1199 actum

649 1246 1109 1338 humanum,
1153 1244 1292 1318 etsi
1360 1266 1513 1317 non
1592 1266 1766 1317 cum
1827 1240 2188 1316 omnihus

645 1361 1268 1455 circumstantiis,
1332 1383 1508 1459 quae
1561 1359 2061 1458 requiruntur
2091 1356 2184 1431 ad

640 1478 1304 1568 actummoralem
1337 1475 1807 1574 simpliciter,
1844 1474 1986 1550 etsi
2028 1496 2182 1547 non

639 1595 734 1670 sit
779 1604 1046 1669 contra
1112 1617 1392 1684 moreS.
1466 1592 1662 1681 Quia
1737 1592 1800 1666 si
1903 1591 2185 1689 aliquis

636 1711 764 1787 det
795 1715 1364 1810 eleemosynam
1408 1710 1757 1808 pauperi,
1799 1731 1941 1783 nec
1990 1708 2185 1783 deli-

636 1833 854 1908 beret
892 1840 1202 1929 propter
1241 1852 1473 1926 quem
1532 1827 1795 1922 finem,
1859 1828 1989 1903 sed
2042 1837 2186 1903 sta-

636 1952 771 2026 tim
814 1974 991 2026 cum
1053 1947 1287 2040 videt,
1342 1946 1470 2021 dat
1523 1945 1698 2040 sibi,
1769 1946 1897 2019 ille
1968 1954 2183 2020 actus

637 2095 792 2147 non
826 2078 942 2145 est
971 2076 1239 2144 contra
1278 2088 1557 2157 moreS‚
1595 2087 1738 2139 nec
1766 2072 1881 2138 est
1927 2087 2183 2138 mora-

635 2190 730 2264 lis
770 2184 1243 2284 simpliciter,
1281 2206 1458 2259 cum
1492 2205 1646 2256 non
1700 2182 1980 2256 habeat
2010 2205 2182 2255 om-

636 2332 777 2384 nes
817 2302 1461 2381 circumstantias.

730 2425 842 2498 De
873 2421 1096 2497 tertia
1126 2419 1492 2512 bonitate,
1528 2440 1704 2514 quae
1737 2414 1954 2492 estin
2003 2424 2174 2490 actu

276 2545 608 2660 Ἰἰῑῑιῐῖὲθιξοξξ-
640 2538 1057 2631 meritorio,
1115 2536 1283 2610 dico
1347 2535 1551 2632 quod
1599 2533 1879 2630 aliquis
1929 2541 2179 2631 potest

309 2624 575 2735 Jpertsin
639 2660 885 2735 facere
917 2656 1252 2754 aliquem
1297 2663 1579 2746 actum,
1648 2662 1721 2726 et
1777 2651 2179 2725 actualiter

281 2738 469 2911 ἓξὲξ
496 2749 602 2910 ff:
635 2773 967 2871 cogitare
1026 2771 1118 2845 de
1185 2769 1345 2843 Deo
1406 2768 1483 2842 in
1552 2767 1804 2841 dando
1866 2776 2177 2864 propter

325 2921 567 2974 bituallu.

631 2893 909 2983 Deum,
979 2889 1103 2963 ‘vel
1170 2886 1601 2960 virtualiter
1676 2884 2010 2981 cogitare
2079 2882 2174 2958 de

628 3010 817 3101 De0,
891 3028 1065 3079 cum
1147 3002 1608 3102 principium
1666 3011 1781 3076 est
1845 3000 2167 3095 honum,

628 3148 799 3200 cum
837 3122 1012 3221 quis
1055 3119 1380 3196 assumit
1445 3117 1591 3195 sibi
1662 3142 1898 3193 unum
1952 3117 2170 3193 labo-

623 3266 787 3318 rem
891 3249 1204 3338 propter
1296 3239 1574 3331 Deum,
1654 3246 1726 3312 et
1802 3236 2167 3311 continue

622 3355 1043 3434 laborando
1101 3378 1254 3428 non
1316 3352 1715 3429 actualiter
1760 3352 1992 3428 refert
2044 3352 2169 3425 in-

621 3475 1045 3550 tentionem
1114 3472 1209 3546 ad
1284 3471 1558 3545 Deum.
1640 3470 1918 3564 Tertio,
1989 3493 2167 3544 cum

625 3590 798 3688 quis
862 3584 1353 3662 habitualiter
1411 3584 1691 3681 cogitat
1744 3585 1836 3659 de
1878 3585 2039 3659 Deo
2087 3584 2162 3657 in

624 3707 1044 3807 operandO,
1126 3728 1301 3780 cum
1380 3703 1583 3780 elicit
1668 3713 1949 3798 actum,
2032 3703 2163 3803 qui

624 3835 772 3901 stat
798 3850 972 3900 cum
1004 3823 1398 3915 charitate,
1435 3831 1509 3897 et
1557 3823 1890 3920 aliquem
1956 3823 2168 3895 ordi-

624 3965 802 4016 nem
844 3941 1084 4039 possit
1112 3940 1397 4015 habere
1449 3947 2163 4036 quantumcumque

621 4067 912 4134 remote
964 4057 1057 4132 ad
1119 4066 1372 4131 actum
1465 4055 1963 4129 meritorium.
2037 4056 2163 4131 Sic

621 4175 792 4249 dico
852 4174 1053 4270 quod
1111 4183 1358 4271 potest
1414 4180 1630 4246 actus
1686 4196 1837 4257 non
1897 4173 2159 4247 reterri

621 4291 715 4365 ad
748 4291 994 4365 Deum
1051 4288 1474 4387 tripliciter,
1525 4312 1675 4362 non
1733 4289 2157 4382 actualiter,

495 4482 505 4489 .
623 4433 777 4483 non
866 4408 1319 4501 virtualiter,
1392 4430 1542 4481 non
1639 4408 2156 4482 habitualiter.

622 4524 881 4598 Primo
924 4532 998 4598 et
1037 4523 1376 4597 secundo
1437 4523 1662 4596 modo
1719 4522 1969 4597 adhuc
2017 4524 2157 4596 du-

622 4641 947 4740 pliciter,
995 4639 1375 4735 negative,
1443 4641 1561 4713 vel
1615 4639 2020 4713 contrarie.
2073 4642 2166 4713 Et

621 4757 819 4831 sicut
885 4755 1036 4829 duo
1088 4764 1310 4841 actus
1377 4754 1604 4853 primi
1670 4755 1970 4853 positivi
2006 4780 2161 4829 non

620 4882 944 4971 possunt
984 4896 1150 4948 esse
1182 4871 1706 4948 indifferentes
1738 4873 1831 4947 ad
1875 4873 2166 4948 bonita-

620 4999 771 5065 tem
806 4990 1242 5087 gratuitam,
1280 4989 1387 5063 sic
1430 5012 1569 5062 noc
1611 5013 1876 5064 eorum
1920 5014 2165 5087 oppo-

619 5107 792 5200 sita,
834 5115 913 5179 ut
943 5107 1054 5180 eis
1077 5114 1601 5204 opponuntur.
1638 5106 1916 5180 Tamen
1948 5114 2163 5180 actus

619 5234 867 5325 potest
907 5247 1060 5297 non
1098 5223 1356 5298 referri
1392 5223 1482 5297 ad
1518 5223 1793 5316 Deum,
1825 5226 1944 5298 vel
1981 5224 2164 5321 quia

619 5367 775 5417 non
808 5351 923 5416 est
954 5339 1384 5433 relerihilis,
1426 5341 1547 5412 vel
1605 5339 1787 5438 quia
1844 5339 2162 5414 eliciens

620 5469 873 5535 actum
918 5482 1072 5532 non
1119 5456 1368 5550 refert,
1434 5455 1609 5531 licet
1666 5456 1763 5530 sit
1813 5457 2163 5531 referibi-

621 5573 742 5649 lis.
810 5570 890 5646 Si
952 5570 1199 5669 primo
1261 5569 1514 5663 modO,
1591 5571 1733 5643 hoc
1801 5571 2163 5645 convenit

2296 784 2552 851 tamen
2589 787 2736 853 stat
2774 802 2948 854 cum
2991 777 3261 876 gratia.
3311 776 3568 851 Primo
3614 772 3837 848 modo
3867 783 4179 899 fri⁹i9¹⁰⁰¹²

2297 907 2413 971 est
2444 908 2839 995 peccatum
2908 899 3251 990 mortale,
3316 895 3653 971 secundo
3716 896 3856 965 ve-'
3894 861 4147 902 ⁶⁸¹⁰&

2296 1013 2527 1089 niale.
2601 1017 2789 1089 Cum
2849 1015 3083 1112 igitur
3144 1013 3545 1089 actualiter
3610 1011 3835 1085 refert

2295 1129 2799 1206 intentionem
2860 1131 2936 1204 in
2991 1131 3268 1224 Deum,
3322 1129 3446 1204 vel
3492 1126 3838 1202 virtuali·

2293 1256 2434 1335 ter,
2508 1271 2662 1321 non
2740 1257 2856 1323 est
2913 1257 3129 1323 actus
3188 1245 3663 1338 indifferens,
3702 1243 3836 1317 sed

2295 1363 2759 1460 meritoriuS,
2814 1365 2996 1461 quia
3057 1363 3286 1438 nimis
3340 1361 3598 1459 gravis
3656 1383 3838 1436 sen-

2292 1478 2529 1552 tentia
2561 1487 2702 1572 est,
2738 1480 2943 1577 quod
2998 1501 3395 1577 nunquam
3461 1486 3575 1552 est
3619 1484 3836 1550 actus

2295 1596 2762 1691 meritorius,
2809 1596 2958 1670 nisi
2982 1595 3259 1671 actuali
3303 1593 3676 1671 relatione
3739 1583 3840 1666 ad‘

2290 1713 2565 1788 Deum.
2632 1715 2779 1790 Sed
2841 1716 2933 1790 de
2989 1714 3361 1790 habituali
3432 1711 3827 1804 relatione,

2289 1835 2408 1907 vel
2446 1857 2598 1907 non
2642 1834 3011 1909 relatione
3041 1833 3120 1907 in
3148 1842 3351 1927 actu,
3414 1831 3582 1906 dico
3625 1828 3828 1928 quod

2289 1959 2404 2022 est
2453 1959 2622 2024 actu
2674 1948 3148 2042 indifferenS‚
3206 1958 3281 2024 et
3330 1971 3471 2024 nec
3530 1946 3832 2022 merito·

2289 2065 2476 2149 rius,
2513 2090 2655 2141 nec
2705 2064 3269 2159 demeritorius‚
3332 2064 3516 2162 quia
3573 2064 3635 2138 si
3688 2063 3823 2153 sic,

2288 2184 2649 2258 continue
2686 2195 3022 2258 meretur
3062 2183 3262 2281 quiS,
3297 2181 3662 2279 quamdiu
3714 2188 3830 2254 est

2283 2298 2362 2371 in
2392 2299 2661 2395 gratia,
2717 2308 2791 2374 et
2837 2323 2972 2397 per
3021 2320 3509 2395 consequens
3576 2294 3828 2370 conti-

2285 2439 2438 2489 nue
2516 2416 2978 2508 demeretur,
3043 2415 3408 2513 quamdiu
3475 2423 3588 2488 est
3659 2411 3825 2486 sine

2283 2532 2555 2629 gratia,
2602 2538 3319 2629 quantumcumque
3361 2530 3643 2605 faceret
3695 2552 3828 2603 ac-

2283 2659 2444 2724 tum
2522 2650 2808 2724 honum
2883 2674 2972 2725 ex
3033 2670 3346 2745 genere,
3394 2647 3458 2721 si
3500 2645 3824 2744 quilibet

2281 2777 2495 2842 actus
2556 2768 2944 2841 humanus
3001 2764 3460 2863 inquantum
3541 2764 3820 2836 huma-

2280 2906 2428 2957 nus
2458 2892 2658 2957 esset
2733 2883 2984 2957 bonus
3061 2881 3401 2955 bonitate
3454 2865 3814 2976 gratuita,

2277 3002 2396 3076 vel
2434 3002 2681 3076 malus
2727 3000 3013 3074 malitia
3043 2997 3421 3098 opposita.

2375 3128 2552 3203 ldeo
2594 3128 2762 3202 dico
2805 3126 3009 3226 quod
3042 3123 3377 3201 existens
3428 3123 3508 3197 in
3569 3123 3814 3221 gratia
3961 3150 4026 3216 4,

2273 3255 2522 3345 potest
2588 3246 2862 3320 elicere
2924 3255 3179 3320 actum
3218 3242 3804 3336 indifferentem,
3841 3267 4048 3318 namur
4075 3283 4173 3318 20-

2274 3363 2404 3461 qui
2476 3387 2615 3439 nec
2676 3372 2789 3438 est
2855 3371 3067 3436 actus
3138 3360 3599 3454 meritorius,
3668 3383 3809 3434 nec
3864 3331 4149 3445 ῗῗιῗέιῗῗέἔῖ

2271 3490 2523 3554 tamen
2557 3489 2671 3553 est
2701 3477 3099 3552 ordinatus
3131 3478 3222 3552 ad
3263 3479 3573 3570 malum,
3604 3476 3807 3575 quod
3838 3456 4179 3571 q'ss‘ffssssufflff'

2273 3594 2554 3670 sufficit
2638 3595 2732 3668 ad
2826 3604 3222 3691 peccatum
3319 3593 3646 3685 veniale,
3737 3601 3811 3666 et

2272 3713 2498 3787 etiam
2543 3720 2789 3809 potest
2828 3735 2994 3787 esse
3032 3721 3246 3785 actus
3279 3733 3415 3807 per
3444 3732 3526 3784 se
3558 3709 3706 3783 bon
3723 3733 3809 3782 us

2272 3829 2663 3902 moraliter
2704 3838 2778 3902 et
2817 3829 3192 3925 complete
3253 3826 3591 3900 bonitate
3647 3849 3810 3898 mo-

2273 3945 2436 4030 rali,
2504 3955 2573 4018 et
2658 3953 2913 4019 tamen
2991 3965 3241 4039 neque
3343 3941 3806 4033 meritoriuS‚

2273 4084 2525 4158 neque
2587 4060 3149 4148 demeritorius‚
3219 4058 3416 4133 sicut
3475 4058 3548 4130 in
3607 4065 3806 4130 statu

2272 4175 2760 4251 innocentiae.
2810 4175 3154 4249 Etetiam
3219 4198 3426 4248 nunc
3476 4173 3811 4248 existens

2270 4304 2482 4369 extra
2521 4292 2838 4389 gratiam
2875 4300 3238 4389 operatur
3269 4314 3418 4364 non
3447 4289 3802 4386 gratuite,

2271 4421 2684 4508 antequam
2727 4409 3004 4484 habeat
3036 4408 3391 4505 gratiam,
3427 4417 3501 4482 et
3548 4417 3807 4480 tamen

2272 4530 2487 4627 prius
2519 4536 2765 4627 potest
2804 4527 2909 4602 ita
2938 4527 3134 4601 bene
3194 4523 3494 4624 operari
3559 4547 3812 4597 mora-

2272 4647 2470 4738 liter,
2541 4644 2745 4741 quod
2816 4651 3241 4718 mercretur
3314 4641 3636 4739 gloriam
3716 4639 3811 4713 de

2271 4785 2640 4859 congruo.
2716 4761 2986 4834 Posset
3074 4758 3307 4855 igitur
3373 4780 3541 4832 esse
3601 4763 3814 4831 actus

2270 4877 2598 4973 alicujus
2657 4875 3052 4950 existentis
3101 4873 3177 4947 in
3232 4880 3547 4971 peccato
3605 4894 3815 4945 mor-

2270 4994 2431 5085 tali,
2477 4992 2607 5091 qui
2649 5002 2905 5066 tamen
2950 5014 3104 5063 non
3147 4998 3348 5064 esset
3398 4987 3815 5062 demerito-

2271 5108 2431 5181 rius
2467 5105 2911 5198 mortaliter,
2949 5127 3090 5179 nec
3129 5103 3560 5178 venialiter.

2366 5223 2476 5298 Ad
2512 5222 2846 5322 primum
2899 5219 3351 5319 principale,
3407 5242 3580 5295 cum
3636 5219 3814 5294 dici·

2266 5349 2420 5433 tur,
2493 5340 2696 5413 inter
2750 5335 3096 5411 habitum
3156 5343 3230 5409 et
3290 5334 3811 5432 privationem

2266 5478 2422 5530 non
2489 5460 2598 5529 est
2651 5452 3020 5546 medium,
3080 5474 3352 5526 verum
3420 5459 3534 5525 est
3608 5449 3812 5524 circa

2267 5581 2529 5669 aptum
2572 5578 2866 5658 natum,
2901 5567 2965 5642 si
3007 5566 3316 5642 habitus
3370 5576 3444 5644 et
3479 5564 3810 5666 privatio

3945 916 4027 962 tus
4060 917 4112 964 in

3939 976 4115 1028 Deum.
