4295 6326
109 632 213 682 [nde
229 644 325 679 con·

1404 420 1633 491 DIST.
1681 419 1870 490 xlv.
1923 419 2342 501 QUAESTIO
2391 420 2481 495 Π.

374 601 524 673 bilis
588 599 794 673 illius
844 600 1184 673 Planetae
1245 620 1288 669 a
1340 596 1560 670 stella
1613 617 1887 668 versus

112 695 345 807 iilum}
372 717 762 809 Orientem,
800 740 888 791 ex
929 740 1081 813 quo
1137 711 1624 788 convincitur
1681 709 1886 807 quod

113 830 236 868 ‘⁰⁰¹³'
262 830 344 889 ¹1²9·
374 836 681 907 Ptanetae
726 843 979 907 motus
1012 840 1125 906 est
1158 830 1248 903 ad
1271 829 1688 903 Orientem.
1737 824 1888 900 Sed

114 890 188 931 tum
211 884 328 938 primi

175 942 293 993 orbis.

195 2244 240 2305 6.

108 2355 232 2415 (minio
260 2372 329 2406 ne·

120 2434 205 2466 513·ss
226 2433 314 2467 mo·

107 2490 176 2547 tum
192 2483 330 2531 Plane·

103 2550 147 2589 tis
172 2552 307 2593 eontra
396 2587 407 2599 .

142 2614 284 2656 motum

141 2669 302 2720 mobilis.

372 962 600 1024 utrum
653 950 752 1024 sit
810 950 911 1022 ita
967 948 1389 1023 secundum
1455 946 1883 1036 veritatem,

370 1067 551 1164 quod
586 1066 879 1140 scilicet
918 1065 1127 1138 orbis
1159 1065 1501 1137 Planetae
1536 1063 1890 1134 volvatur

366 1186 447 1259 ab
476 1184 780 1259 Oriente
823 1183 914 1256 ad
967 1181 1485 1273 Occidentem,
1547 1180 1670 1252 vel
1699 1179 1892 1269 [tan-

371 1310 507 1374 tum
550 1302 695 1375 hoc
737 1299 835 1373 sit
865 1299 1294 1374 secundum
1328 1294 1885 1395 apparentiam,

365 1418 669 1493 dubium
741 1427 878 1493 est.
958 1415 1448 1515 Alpetragius
1510 1422 1765 1488 tamen
1811 1412 1887 1484 in

364 1562 489 1611 suo
528 1537 727 1610 libro
768 1535 1096 1609 intendit
1159 1534 1456 1608 salvare
1498 1531 1717 1606 istam
1752 1552 1892 1626 ap-

365 1654 805 1752 parentiam,
873 1652 1229 1753 ponendo
1334 1673 1604 1725 omnes
1665 1647 1890 1722 orbes

363 1770 641 1844 moveri
721 1769 816 1844 ad
885 1791 1118 1842 unam
1196 1775 1518 1865 partem,
1601 1763 1892 1838 scilicet

360 1887 441 1960 ad
531 1886 1026 1961 Occidentem
1126 1907 1262 1981 per
1350 1892 1637 1955 motum
1726 1903 1894 1977 pro-

359 2004 631 2102 prium,
686 2014 761 2078 et
828 2004 998 2102 hoc}
1034 2024 1168 2099 per
1198 2002 1391 2074 duas
1445 1997 1894 2097 propositio-

361 2145 508 2195 nes.

447 2238 708 2310 Prima
767 2233 1186 2334 propositio
1273 2243 1388 2308 est
1444 2232 1613 2325 ista,
1686 2230 1891 2328 quod

361 2363 604 2426 motus
667 2373 1077 2449 corporum
1135 2349 1592 2423 inferiorum
1663 2345 1895 2441 subji-

358 2470 662 2543 ciuntur
764 2468 1095 2542 motibus
1172 2488 1581 2563 corporum
1658 2485 1894 2560 supe-

355 2610 670 2679 riorum,
701 2595 774 2660 et
801 2585 970 2659 ideo
998 2593 1249 2659 motus
1277 2582 1625 2656 omnium
1649 2582 1897 2679 sphae-

356 2728 602 2777 rarum
674 2699 1124 2776 inferiorum
1186 2709 1366 2775 sunt
1433 2707 1730 2773 tantum
1798 2696 1892 2769 ad

354 2819 696 2893 eamdem
752 2827 1072 2915 partem,
1101 2840 1274 2890 cum
1320 2823 1527 2888 motu
1564 2814 1891 2911 sphaerae

353 2936 647 3034 primae,
694 2936 828 3033 qui
870 2944 984 3009 est
1036 2933 1130 3007 ad
1173 2932 1662 3007 Occidentem
1714 2928 1893 3003 uni-

355 3054 717 3127 formiter.

440 3170 806 3246 Secunda
837 3167 1255 3266 propositio
1307 3176 1447 3261 est,
1484 3166 1686 3264 quod
1730 3189 1896 3238 om-

346 3288 458 3362 nis
488 3289 745 3361 virtus
786 3286 862 3359 in
898 3284 1288 3360 remotiori
1338 3282 1668 3359 debilius
1708 3305 1898 3380 ope-

348 3415 550 3479 ratur
584 3426 826 3500 quam
886 3403 963 3474 in
1005 3398 1569 3499 propinquiori,
1615 3407 1688 3474 et
1724 3397 1895 3473 ideo

345 3523 581 3596 virtus
606 3519 896 3594 motiva
918 3520 1246 3617 sphaerae
1270 3517 1753 3614 priniae,quae
1785 3524 1899 3589 est

344 3638 432 3711 ad
463 3638 996 3728 Occidentem,
1054 3634 1538 3709 uniformiter
1591 3632 1669 3704 in
1712 3632 1895 3707 orbe

346 3752 882 3852 propinquiori
917 3760 1185 3827 causat
1217 3750 1633 3857 motionem
1674 3747 1898 3848 Occi-

344 3873 647 3947 dentem
696 3870 1083 3946 fortiorem
1152 3879 1225 3944 et
1257 3864 1762 3960 velociorem,
1818 3866 1895 3939 in

347 3989 522 4062 orbe
566 4010 756 4062 vero
805 3984 1061 4083 magis
1082 3983 1405 4078 distanti
1428 3983 1894 4058 debiliorem

347 4115 415 4178 et
446 4105 911 4195 tardiorem}
958 4116 1032 4178 et
1076 4094 1259 4177 'ideo
1318 4103 1541 4176 Luna
1607 4101 1701 4176 ab
1754 4100 1901 4175 ista

346 4224 753 4298 velocitate
787 4220 1046 4295 diurni
1071 4219 1355 4313 deficit,
1385 4218 1570 4318 quia
1600 4218 1899 4315 primus

352 4352 600 4416 motus
654 4341 984 4414 diurnus
1060 4336 1146 4411 fit
1204 4338 1280 4411 in
1350 4337 1470 4411 die
1533 4335 1939 4429 naturali,.

347 4459 468 4530 alii
544 4459 777 4532 orbes
839 4457 1249 4531 incurvant
1306 4454 1539 4528 istum
1601 4462 1891 4527 motum

351 4578 547 4651 unde
628 4577 855 4649 Luna
941 4598 1078 4673 per
1176 4570 1542 4646 tredecim
1613 4572 1898 4667 gradus

354 4695 655 4768 Zodiaci
701 4691 958 4767 deficit
1022 4714 1296 4767 versus
1333 4689 1820 4764 Occidentem
1854 4711 1897 4762 a

352 4824 552 4886 motu
604 4811 817 4885 orbis
850 4809 1123 4909 pritni3
1168 4818 1242 4882 et
1301 4808 1471 4882 ideo
1510 4817 1736 4882 vocat
1764 4808 1900 4881 Al-

347 4929 743 5026 petragius
794 4927 981 5000 istos
1016 4934 1267 4998 motus
1300 5007 1303 5012 ⁵
1335 4922 1637 4998 orbium
1704 4923 1901 4996 alio-

350 5072 518 5119 rum
578 5071 625 5120 a
682 5046 959 5144 prim0,
1008 5053 1262 5117 motus
1302 5042 1892 5137 incurvationiS,

349 5175 417 5237 et
447 5166 559 5239 sic
594 5165 903 5239 videtur
957 5161 1372 5260 procedere
1417 5160 1493 5234 in
1562 5184 1703 5234 suo
1737 5160 1898 5234 dis-

351 5306 618 5373 cursu,
663 5305 838 5357 cum
908 5291 1161 5354 tamen
1251 5303 1402 5353 non
1466 5277 1690 5353 faciat
1766 5303 1892 5353 se-

348 5401 689 5473 cundum
748 5398 1178 5473 veritatem.
1234 5398 1323 5469 Et
1364 5395 1455 5470 de
1512 5395 1655 5469 isto
1697 5396 1893 5472 bene

346 5516 525 5590 dicit
558 5513 1095 5591 Linconiensis
1114 5512 1376 5609 primo
1410 5512 1746 5610 capitulo
1774 5512 1897 5588 sui

292 5660 323 5696 ο
350 5633 739 5734 Computi,
774 5656 955 5710 eum
998 5629 1138 5705 niti
1168 5629 1658 5729 conjecturis.

3461 420 3544 488 57

2535 752 2904 809 SCUOLIUM
2949 754 3017 809 11.

2073 930 2244 983 Putat
2279 932 2484 984 Doctor
2511 936 2711 983 contra
2739 926 3136 999 Alpetragium
3170 929 3225 980 et
3265 925 3547 980 Aristote-

2000 1018 2113 1074 lem
2149 1034 2278 1074 cum
2304 1019 2625 1085 communi,
2659 1019 2957 1090 ponendos
2986 1033 3114 1073 esse
3144 1016 3314 1072 orbes
3344 1032 3549 1071 excen-

2000 1106 2202 1175 tricos,
2233 1107 2290 1163 id
2324 1094 2434 1178 est,
2472 1124 2586 1163 non
2621 1107 2885 1178 ejusdem
2922 1105 3103 1162 centri
3135 1120 3263 1160 cum
3299 1105 3545 1171 muud0‚

1998 1204 2057 1250 et
2086 1196 2143 1251 in
2169 1195 2430 1268 quolibet
2460 1195 2719 1263 Planeta,
2754 1202 2816 1251 ut
2845 1195 3093 1251 evitetur
3121 1193 3323 1260 sectio,
3370 1210 3547 1266 pene-

1998 1286 2174 1343 tratio
2230 1292 2286 1344 et
2338 1301 2607 1355 vacuum,
2655 1287 2954 1358 ponendos
3011 1302 3138 1351 esse
3196 1289 3312 1341 tres
3361 1284 3547 1353 orbes,

1998 1393 2240 1448 quorum
2283 1379 2566 1450 superior,
2613 1378 2936 1434 secundum
2980 1392 3317 1444 convexam,
3363 1382 3416 1431 et
3455 1374 3548 1429 in-

1999 1466 2175 1522 ferior
2224 1469 2547 1523 seeundum
2598 1483 2930 1537 concavam,
2977 1472 3115 1524 sunt
3176 1464 3551 1533 concentrici,

2000 1556 2324 1612 secundum
2357 1555 2502 1613 alias
2526 1559 2693 1622 duas,
2721 1556 3028 1614 excentrici
3056 1558 3294 1612 mundo.
3321 1554 3551 1610 Medius

2000 1652 2195 1702 autem
2228 1646 2406 1717 orbis,
2441 1646 2539 1719 qui
2574 1647 2845 1703 differens
2878 1646 3111 1715 dicitur,
3143 1646 3276 1714 ζειαὶ)
3338 1648 3552 1700 utram-

2003 1750 2115 1806 que
2147 1736 2541 1806 superficiem,
2598 1741 2688 1791 est
2735 1735 3099 1791 excentricus
3160 1733 3401 1796 mundo,
3447 1732 3549 1788 sed

2002 1824 2402 1880 concentricus
2433 1824 2760 1895 superficiei
2793 1841 3056 1879 concavae
3110 1823 3452 1895 superioris,
3498 1825 3553 1876 et

2004 1928 2270 1968 convexoe
2302 1912 2632 1983 inferioris3
2668 1917 2724 1968 et
2745 1916 2911 1983 juxta
2943 1913 3062 1968 haec
3094 1911 3349 1967 salvatur
3398 1910 3553 1966 elon·

2002 2001 2156 2073 gatio
2211 2001 2583 2057 planetarum
2642 2002 2765 2057 sine
2823 2001 3104 2069 sectione,
3152 1999 3551 2072 penetratione

2000 2091 2087 2146 vel
2147 2108 2346 2148 vacuo.
2407 2090 2553 2147 Vide
2607 2092 2824 2165 figuras
2882 2093 3036 2164 apud
3107 2091 3414 2149 Ductorem
3490 2089 3546 2144 iu

2001 2183 2182 2238 Oxou.
2209 2186 2412 2254 quaest.
2443 2183 2497 2237 2.
2528 2187 2628 2237 Pro
2659 2182 3041 2254 intelligentia
3063 2180 3547 2253 hujus-*quaestio-

2004 2273 2113 2343 nis,
2146 2276 2375 2345 oportet
2393 2277 2572 2328 totam
2610 2272 2908 2329 materiam
2944 2273 3015 2328 de
3045 2271 3272 2345 spbaera
3304 2271 3470 2327 scire.

2102 2452 2252 2527 Sed
2290 2462 2405 2527 est
2435 2453 2583 2528 alia
2624 2453 3075 2552 apparentia
3114 2452 3191 2525 in
3227 2454 3418 2528 coelo
3451 2452 3543 2527 de
3695 2475 3759 2541 7,

2008 2580 2214 2645 motu
2323 2571 2817 2646 Planetarum
2945 2570 3378 2646 accedendo
3474 2576 3548 2643 et
3578 2595 3660 2668 Ap
3697 2604 3900 2667 ppneq-

2003 2689 2432 2766 recedendo
2526 2712 2572 2764 a
2657 2689 2975 2763 Zodiaco
3061 2712 3334 2763 versus
3409 2711 3551 2785 po-
3580 2656 3901 2770 ἀὲᾱεὲᾏῖζξῗ·

2004 2811 2165 2883 lum
2251 2808 2345 2882 ad
2421 2807 3036 2906 Septentrionem
3112 2809 3234 2882 vel
3319 2803 3554 2880 Meri·
3584 2787 3905 2896 ἕζζζιῗξὸῗαῖ

2004 2925 2230 3010 diem,
2301 2932 2374 2999 et
2472 2933 2792 2998 vocatur
2877 2933 3129 2998 motus
3217 2923 3557 2998 latitudi-
3613 2912 3876 2960 netarum.

2004 3041 2151 3116 nis.
2236 3040 2471 3114 Istum
2526 3048 2822 3114 motum
2853 3042 3155 3116 salvant
3200 3042 3558 3115 Astrono-

2007 3160 2112 3235 mi
2175 3159 2522 3235 moderni
2579 3184 2718 3260 per
2757 3160 3172 3259 epicycIOS,
3233 3169 3312 3236 ut
3350 3169 3559 3258 patet

2007 3275 2470 3352 describenti
2504 3277 2950 3353 'theoricam
3025 3277 3549 3351 Planetarum.

2006 3395 2499 3493 Alpetragius
2535 3407 2788 3471 tamen
2857 3396 2934 3468 in
2996 3395 3189 3470 libro
3248 3419 3389 3470 suo
3432 3420 3556 3472 se-

2009 3535 2257 3610 quens
2332 3512 2818 3589 Aristotelem
2860 3523 2933 3587 et
2987 3514 3561 3588 Commentato-

2010 3652 2201 3723 rem,
2250 3630 2320 3701 2.
2414 3629 2614 3704 Coelz·
2664 3637 2738 3705 et
2772 3629 3082 3723 Mundi,
3144 3631 3286 3728 qui·
3337 3645 3564 3728 nega-

2010 3755 2191 3840 runt
2251 3745 2662 3844 epicyclos,
2731 3749 2895 3820 vult
2965 3748 3292 3821 salvare·
3327 3747 3558 3830 ist-um
3673 3802 3681 3810 -
3721 3731 3728 3744 ’

2012 3873 2303 3939 motum
2346 3888 2484 3962 per
2511 3866 2996 3962 egressiones
3037 3867 3390 3964 polorum
3434 3877 3561 3941 or*

2010 3982 2225 4056 bium
2285 3983 2810 4084 planetarum,
2867 3991 2936 4060 a,
2970 3985 3420 4082 polis'orbis
3465 3986 3560 4059 si'-

2006 4124 2344 4196 gnorum
2376 4102 2466 4177 ad
2497 4102 2959 4201 Aquilonem
3015 4112 3089 4178 et
3120 4103 3555 4178 meridiem.

2013 4218 2161 4294 Sed
2204 4219 2402 4295 alius
2438 4231 2688 4295 motus
2718 4229 3035 4320 apparet
3065 4221 3143 4294 in
3189 4221 3557 4315 PlanetiS,

2012 4336 2302 4412 scilicet
2345 4349 2596 4413 motus
2622 4338 3075 4414 elevationis
3114 4348 3190 4413 et
3238 4339 3558 4437 depres-

2012 4455 2278 4549 sioniS,
2352 4479 2531 4531 nam
2591 4455 3014 4532 certissime
3087 4455 3561 4531 convincunt

2009 4572 2391 4669 Astrologi
2434 4574 2894 4649 diametrum
2940 4574 3193 4649 visum
3227 4572 3555 4670 alicujus

2012 4691 2355 4766 Planetae
2386 4714 2729 4766 crescere
2781 4701 2855 4767 et
2908 4692 3377 4767 decrescere.
3427 4693 3560 4766 Est

2011 4816 2269 4882 autem
2311 4806 2707 4901 diameter,
2753 4807 2885 4882 illa
2923 4831 3101 4906 pars
3132 4832 3365 4906 quarn
3424 4831 3559 4882 no·
3587 4828 3724 4893 Quid
3767 4833 3878 4883 aia-

2010 4924 2127 5000 bis
2170 4928 2499 5001 occultat
2522 4926 2680 5020 Sol,
2719 4928 2839 5001 vel
2872 4927 3022 5003 alia
3083 4929 3328 5020 stella,
3381 4952 3555 5004 cum
3660 4901 3874 4947 ‘nem'

2010 5045 2526 5143 interponitur
2602 5046 2800 5120 inter
2864 5045 3115 5122 visum
3175 5056 3553 5143 nostrum,

2011 5171 2084 5236 et
2118 5162 2328 5235 illam
2363 5172 2655 5260 partem
2698 5162 2871 5238 coeli
2916 5191 2935 5258 3
2994 5165 3182 5239 illud
3226 5166 3556 5242 maxime

2011 5280 2251 5378 probo
2282 5304 2421 5378 per
2451 5281 2794 5379 eclipsim
2823 5282 3091 5358 Lunae.
3120 5283 3313 5360 Nam
3350 5308 3560 5359 com·
3623 5314 3853 5363 nemon-

2011 5407 2312 5495 pertum
2368 5408 2483 5473 est
2538 5401 2742 5497 quod
2784 5402 3005 5476 Luna
3061 5411 3135 5476 et
3180 5401 3356 5475 Sole
3400 5402 3558 5476 exi·
3589 5381 3912 5489 ἒζᾭὶῗζῖξῖ

2008 5516 2388 5590 stentibus
2429 5516 2506 5588 in
2542 5518 2809 5591 eadem
2843 5517 3204 5593 distantia
3235 5545 3279 5594 a
3303 5519 3553 5613 nobiS‚
3591 5513 3675 5551 ¹¹⁸⁸
3707 5501 3773 5550 ’ἀ
3812 5507 3912 5553 ²⁰⁹·

3685 5567 3811 5617 tam.

2007 5632 2299 5709 scilicet
2337 5658 2383 5710 a
2431 5635 2677 5735 capite
2726 5646 2800 5712 et
2854 5638 3098 5712 cauda
3153 5637 3554 5738 DraconiS,
