4295 6326
624 461 749 528 1¹8

302 669 578 728 Quartum.
730 635 946 729 Item,
983 636 1460 733 Augustinus
1492 636 1583 710 de
1615 657 1799 708 vera
1832 632 2173 729 Religio-

632 774 727 825 ne
775 775 789 824 t
846 751 1075 826 Nihil
1127 759 1280 825 tam
1351 752 1432 825 in
1489 758 1859 851 potestate
1917 757 2174 822 nostra
2278 753 2484 826 aliud
2540 777 2585 827 a
2658 756 3051 829 voluntate
3137 763 3401 828 causat
3475 749 3892 846 effectiveo

627 868 826 941 sieut
867 869 1031 965 ipsa
1062 868 1452 961 volunta33
1497 877 1569 943 et
1597 868 1794 942 idem
1831 868 1994 940 vult
2036 864 2166 939 lib.

629 982 748 1053 83.
795 992 1062 1080 quaest.
1101 1010 1169 1081 q.
1218 984 1286 1054 8.
1328 984 1458 1057 sed
1509 983 1868 1056 voluntas
1928 988 2174 1078 potest

631 1098 820 1173 alias
857 1100 1237 1196 potentias
1272 1122 1615 1192 movere3
1654 1099 1888 1193 igitur
1929 1106 2176 1195 potest

631 1240 712 1291 se
749 1241 1081 1292 movere.
1656 1270 1660 1274 -

733 1334 945 1427 Item,
975 1334 1495 1432 Philosophus
1526 1334 1595 1407 9.
1625 1335 1965 1431 Metaph.
2004 1356 2169 1429 cap.

632 1449 700 1521 5.
737 1458 917 1524 text.
961 1450 1075 1522 10.
1116 1450 1478 1525 Potentia
1526 1449 1932 1524 rationalis
1978 1446 2183 1521 valet

630 1564 734 1638 acl
770 1566 1145 1662 opposita,
1201 1575 1275 1639 et
1341 1566 1596 1662 arguit
1655 1565 1966 1655 ibidem,
2004 1587 2176 1636 eam

627 1681 1105 1755 irrationalis
1135 1683 1391 1756 statim
1405 1681 1776 1779 procedat
1801 1680 1902 1755 ad
1925 1687 2178 1754 actam

538 1801 544 1806 ’
624 1796 869 1871 solato
911 1797 1394 1895 prohibente,
1446 1798 1683 1895 iqitar
1724 1798 1797 1870 si
1864 1793 2181 1891 indiffe-

630 1938 832 2004 rens,
887 1922 972 1988 ut
1017 1913 1500 2011 indifferenS,
1551 1914 1852 2012 aliquid
1882 1912 2179 2010 procla-

628 2036 775 2123 cat,
840 2032 1232 2105 contraria
1283 2031 1526 2105 simut
1587 2032 1940 2128 saez'unt3
2008 2029 2177 2102 ideo

620 2148 967 2243 potentia
1024 2148 1432 2222 rationalis
1492 2147 1697 2221 nihil
1748 2146 1964 2243 facit,
2023 2145 2185 2219 nisi

628 2262 1209 2338 determinatur.
1268 2263 1464 2349 Quid
1526 2263 1759 2358 igitur
1816 2261 2181 2336 determi-

630 2377 828 2452 nat?
894 2379 1365 2477 respondet:
1431 2379 1596 2453 Hoc
1658 2378 1825 2452 dico
1879 2377 2179 2474 'appeti-

626 2502 787 2568 tam
805 2496 1344 2592 proliaeresim,
1384 2496 1455 2568 id
1496 2505 1630 2578 est,
1666 2493 2118 2568 electionem
2153 2522 2173 2586 ;

629 2608 864 2705 igitur
905 2635 1041 2709 per
1090 2611 1341 2709 ipsum
1391 2610 1729 2708 potentia
1781 2608 2177 2683 rationalis

626 2736 877 2827 potest
971 2750 1052 2801 se
1119 2727 1360 2824 ipsam
1470 2725 2005 2809 determinare,
2102 2734 2177 2797 et

631 2842 960 2917 maxime
994 2843 1379 2917 voluntas,

730 2959 946 3051 Item,
1054 2958 1436 3054 obJectum
1534 2956 1975 3047 voluntatis,
2095 2963 2175 3028 ut

630 3075 1072 3160 voluntatiS,
1120 3086 1235 3149 est
1291 3073 1468 3148 finis
1523 3106 1538 3165 ;
1602 3073 1836 3171 igitur
1901 3082 1979 3145 ut
2064 3071 2172 3143 sic

631 3201 886 3267 movet
940 3192 1508 3290 metaphoriee;
1584 3191 1816 3287 igitur
1872 3201 1955 3264 ut
2030 3189 2167 3282 sic,

627 3334 783 3382 non
818 3307 1189 3397 effective,
1229 3308 1411 3404 quia
1455 3330 1774 3381 movens
1827 3305 2170 3380 effective

624 3426 1083 3524 inquantum
1207 3427 1377 3510 tale,
1494 3435 1747 3499 movet
1863 3432 2173 3521 propter

622 3542 855 3616 finem
896 3566 912 3629 ;
949 3542 1082 3616 sed
1129 3565 1273 3615 non
1322 3565 1413 3615 ex
1446 3543 1612 3626 hoc,
1667 3541 1871 3637 quod
1918 3548 2174 3612 movet

629 3659 938 3752 utfinis,
988 3668 1241 3734 movet
1273 3667 1583 3755 propter
1615 3657 1847 3732 linem
1886 3682 1902 3741 ;
1942 3654 2175 3750 igitur

627 3776 1010 3871 objectum
1119 3774 1560 3867 voluntatiS,
1645 3783 1724 3847 ut
1816 3773 2172 3846 voluntas

630 3899 769 3983 est,
807 3912 960 3961 non
999 3897 1251 3962 movet
1281 3887 1650 3962 effective.

734 4008 949 4100 Item,
1030 4006 1370 4104 potentia
1464 4004 1939 4078 nobilissima
2016 4028 2170 4076 non

633 4134 882 4222 potest
913 4148 1079 4197 esse
1118 4131 1404 4196 tantuin
1443 4121 1749 4218 passiva
1796 4148 1814 4213 ;
1866 4119 1996 4193 sed
2052 4120 2173 4190 in-

631 4242 979 4315 tellectus
1034 4249 1106 4313 et
1163 4239 1516 4311 voluntas
1570 4234 2175 4310 suntnobilissi-

635 4380 805 4449 maz,
842 4367 916 4430 et
949 4354 1272 4429 maxime
1323 4354 1679 4426 voluntas
1720 4379 1738 4444 ;
1789 4351 2022 4448 igitur
2060 4359 2174 4425 est

628 4473 904 4547 activa.

298 1361 568 1420 Quintum.

328 2984 485 3034 Ratio
521 2987 568 3035 3.

330 3046 568 3098 Sextum.

278 4038 423 4104 Septi
438 4054 604 4092 mum.

1184 4706 1547 4763 SGHOLIUM
1587 4706 1633 4762 1.

705 4879 893 4934 Prima
924 4878 1120 4948 opinio
1154 4878 1404 4932 Goss'redi
1437 4876 1768 4932 volitionem
1795 4879 1911 4933 lieri
1934 4897 1966 4932 a
2001 4878 2177 4948 phan-

633 4976 901 5034 tasmate,
934 4976 992 5023 et
1025 4969 1175 5024 idem
1213 4971 1282 5023 de
1316 4968 1725 5036 intellectione,
1769 4971 1906 5040 quia
1942 4987 2178 5024 movens

635 5067 692 5112 et
726 5067 944 5113 motum
979 5062 1119 5111 sunt
1149 5058 1424 5112 distincta
1456 5057 1738 5126 subjectu,
1786 5059 1934 5126 quod
1972 5061 2176 5128 proba-

636 5157 731 5203 tur
788 5146 1267 5219 quadrupliciter.
1330 5147 1408 5202 De
1458 5147 1565 5201 huc
1626 5148 1735 5202 late
1782 5160 1972 5203 actum
2003 5149 2179 5203 estin

638 5242 818 5297 Oxou.
848 5256 886 5295 1.
920 5239 1056 5292 dist.
1091 5239 1144 5292 3.
1181 5243 1385 5308 quaesl.
1418 5239 1472 5293 7.
1527 5257 1558 5291 u
1611 5256 1770 5292 num.
1825 5241 1879 5293 5.
1914 5242 2184 5297 Secunda

638 5330 832 5403 opinio
867 5337 943 5383 est
984 5328 1235 5396 Homini,
1270 5327 1419 5398 quod
1466 5327 1758 5396 objectum
1808 5329 1862 5382 in
1897 5346 1978 5394 se,
2006 5331 2087 5385 vel
2122 5338 2184 5385 ut

640 5420 961 5492 cognitum,
994 5426 1076 5473 est
1112 5434 1286 5472 causa
1319 5416 1613 5472 volitionis
1643 5438 1657 5485 ;
1705 5418 1854 5473 idem
1899 5429 2052 5476 tenet
2111 5423 2183 5477 de

642 5510 1051 5575 intellectione,
1085 5517 1255 5580 cujus
1287 5523 1523 5562 eausam
1560 5508 1641 5561 ait
1679 5525 1807 5564 esse
1864 5510 2184 5580 objectum,

643 5611 706 5658 ut
738 5602 1003 5657 reluuens
1036 5617 1068 5654 a
1101 5599 1530 5670 phantasmate,
1567 5598 1637 5653 de
1669 5615 1778 5669 quo
1813 5600 1919 5654 late
1944 5602 2183 5669 ibidem,

645 5709 807 5749 num.
848 5694 931 5746 12.

2016 461 2250 528 LIBRI
2301 461 2385 528 11.

2248 600 2263 615 θ
2332 633 2672 711 ,Πίοἰωπ
2764 635 2855 711 ad
2967 636 3506 734 quaestionem,
3614 630 3820 730 quod

2281 879 2534 942 aetum
2594 871 2667 942 in
2760 873 3153 944 voluntate
3227 899 3245 963 ;
3319 879 3391 944 et
3461 866 3646 941 illud
3708 872 3820 938 est

2282 989 2767 1084 phantasma,
2814 989 2995 1085 quia
3036 996 3334 1085 oportet
3388 994 3705 1058 movens
3750 990 3822 1055 et

2283 1116 2573 1179 motum
2617 1130 2783 1180 esse
2826 1104 3183 1180 distincta
3240 1104 3582 1201 subjecto
3621 1129 3637 1192 3
3693 1099 3823 1173 sed

2284 1220 2476 1294 nihil
2511 1221 3010 1295 intrinsecum
3064 1220 3294 1294 menti
3347 1228 3461 1292 est
3510 1216 3830 1290 distine-

2286 1348 2442 1411 tum
2471 1339 2813 1435 subjecto
2839 1362 2880 1411 a
2913 1341 3300 1412 voluntate
3331 1365 3348 1429 3
3379 1336 3613 1430 igitur
3636 1331 3829 1405 nihil

2286 1455 2489 1551 quod
2524 1463 2637 1527 est
2667 1454 2740 1527 in
2780 1454 3201 1545 intellectu,
3240 1462 3486 1549 potest
3523 1471 3832 1522 movere

2288 1572 2755 1645 voluntatem
2826 1569 3198 1646 effective.
3270 1567 3521 1663 Major
3596 1574 3829 1662 patet,

2286 1687 2467 1783 quia
2518 1687 2715 1760 idem
2788 1696 2902 1760 est
2980 1708 3264 1783 ponere
3353 1706 3674 1756 movens
3762 1690 3833 1755 et

2287 1812 2576 1875 motum
2611 1825 2766 1875 non
2828 1824 2995 1875 esse
3047 1799 3403 1873 distincta
3463 1796 3832 1893 subjecto,

2284 1929 2358 1992 et
2388 1942 2673 2015 ponere
2707 1918 2907 1992 idem
2957 1939 3265 1991 movere
3300 1939 3436 2009 se3
3493 1914 3623 1989 sed
3688 1915 3833 1987 hoe

2284 2045 2397 2109 est
2441 2034 2913 2132 impossibile
2968 2044 3278 2132 propter
3338 2033 3603 2105 multa.
3661 2030 3833 2104 Pri-

2287 2179 2435 2248 mo,
2482 2154 2663 2252 quia
2720 2165 2903 2229 tunc
2952 2153 3303 2251 sequitur
3359 2152 3564 2248 quod
3628 2150 3827 2224 idem

2283 2282 2485 2346 esset
2535 2273 2608 2345 in
2666 2281 2867 2357 actu,
2932 2282 3005 2345 et
3059 2271 3137 2343 in
3201 2268 3543 2368 potentia
3600 2268 3828 2341 simul

2285 2398 2630 2485 respectu
2677 2388 3075 2485 ejusdem,
3149 2388 3293 2460 hoc
3361 2395 3615 2459 autem
3686 2383 3831 2455 im-

2284 2505 2645 2603 possibile
2689 2516 2827 2591 est,
2865 2503 3048 2601 quia
3102 2527 3339 2598 agens
3392 2503 3616 2576 debet
3663 2523 3830 2576 esse

2280 2623 2428 2695 tale
2492 2621 2566 2693 in
2638 2630 2841 2714 actu,
2915 2622 3140 2718 quale
3202 2627 3314 2693 est
3382 2643 3695 2718 passum
3749 2618 3826 2690 in

2286 2740 2647 2838 potentia,
2676 2748 2768 2811 ut
2800 2748 3004 2835 patet
3035 2764 3082 2811 1.
3153 2737 3246 2811 de
3290 2738 3822 2830 Generalione,

2280 2866 2352 2933 et
2390 2860 2459 2931 3.
2491 2859 2733 2957 Phys.
2772 2865 2954 2932 tecet.
2997 2857 3111 2928 17.
3154 2856 3391 2949 Igitur
3424 2856 3566 2928 hoe
3608 2855 3825 2952 prin-

2280 2975 2564 3073 cipium
2609 2998 2893 3071 negare
2945 2983 3059 3048 est
3135 2973 3529 3047 destruere
3584 2981 3817 3046 totam

2279 3092 2883 3190 Philosophiam.

2376 3208 2745 3300 Secundo
2792 3207 2883 3280 ad
2942 3206 3139 3279 idem
3216 3230 3231 3280 :

2278 3324 2625 3422 efficiens
2674 3347 2829 3398 non
2884 3323 3350 3416 coincidunt,
3423 3323 3492 3395 2.
3576 3322 3809 3420 Phys.

2278 3453 2453 3517 text.
2491 3442 2610 3514 20.
2649 3442 2939 3515 Motum
2977 3464 3056 3515 se
3102 3442 3329 3515 habet
3370 3450 3453 3514 ut
3501 3439 3819 3514 materia

2279 3571 2624 3658 respectu
2696 3568 2990 3652 motus,
3055 3558 3290 3655 igitur
3343 3556 3817 3654 impossibile

2277 3686 2392 3750 est
2418 3675 2616 3750 idem
2654 3698 2961 3749 movere
3002 3699 3084 3749 se
3126 3675 3215 3748 ad
3262 3672 3579 3770 aliquid.

2371 3793 2618 3868 Tertio
2651 3793 2745 3866 ad
2800 3793 2994 3866 idem
3046 3817 3060 3866 :
3114 3793 3437 3866 Movens
3498 3792 3820 3864 refertur

2208 3997 2211 4000 ¹
2281 3911 2608 3995 realiter,
2655 3910 2723 3981 ὃ.
2784 3909 3127 4007 Metaplz.
3198 3914 3379 3982 [ωτι.
3465 3909 3579 3981 10.
3627 3911 3822 4005 ejus-

2278 4029 2448 4101 dem
2519 4029 2613 4101 ad
2674 4051 2753 4101 se
2808 4050 2962 4099 non
3030 4035 3143 4100 est
3215 4026 3483 4099 relatio
3562 4026 3814 4100 realis.

2279 4143 2684 4235 Probatur,
2730 4141 2912 4238 quia
2971 4141 3288 4214 relativa
3357 4141 3593 4215 realia
3642 4153 3822 4215 sunt

2278 4259 2629 4356 opposita
2664 4259 2948 4343 realia;
3007 4258 3238 4354 igitur
3298 4281 3448 4331 non
3513 4281 3823 4356 eompa-

2281 4377 2574 4453 tiuutur
2599 4399 2679 4450 se
2723 4376 2795 4448 in
2828 4374 3123 4450 eodem.

2379 4493 2663 4579 Quarto
2697 4491 2788 4566 ad
2832 4492 3028 4565 idem
3066 4515 3081 4564 :
3138 4494 3426 4587 Agente
3460 4494 3821 4590 approxi-

2284 4621 2484 4685 mato
2514 4622 2586 4685 et
2626 4634 2850 4707 passo
2882 4610 3278 4707 disposito,
3343 4634 3646 4709 semper
3708 4623 3822 4686 est

2284 4726 2478 4801 actio
2515 4751 2532 4812 ;
2580 4726 2812 4820 igitur
2843 4725 2904 4798 si
2945 4727 3304 4798 voluntas
3346 4738 3547 4800 esset
3577 4726 3823 4801 activa

2288 4853 2632 4943 respectu
2667 4844 2816 4937 sui,
2853 4867 3157 4941 semper
3197 4854 3399 4918 esset
3439 4845 3663 4920 aetio.
3700 4846 3829 4920 Sic

2287 4961 2539 5056 arguit
2606 4960 3123 5057 Philosophus
3211 4960 3281 5032 2.
3373 4961 3463 5035 de
3523 4962 3825 5049 Anima,

2292 5088 2466 5151 text.
2500 5076 2617 5148 52.
2661 5078 2757 5150 Si
2782 5101 3047 5150 sensas
3080 5086 3271 5150 esset
3309 5078 3626 5171 activus,
3655 5104 3828 5154 cam

2286 5196 2570 5270 sentire
2607 5195 2707 5268 sit
2772 5195 3227 5287 immanem,
3296 5219 3598 5292 semper
3646 5205 3836 5270 esset

2291 5314 2516 5406 aeti0,
2598 5311 3001 5386 sentiendo
3070 5334 3179 5404 se,
3251 5314 3369 5385 vel
3440 5315 3707 5386 saltem
3768 5314 3832 5388 si

2292 5452 2442 5502 non
2477 5450 2780 5525 semper
2839 5437 3038 5501 esset
3097 5427 3388 5520 volitiO,
3447 5428 3629 5524 quia
3693 5454 3835 5502 vo-

2296 5550 2549 5621 luntas
2590 5556 2703 5620 est
2737 5545 2998 5630 libera,
3035 5553 3288 5618 tamen
3324 5558 3581 5642 posset
3630 5570 3837 5621 sem-

2295 5687 2431 5762 per
2488 5686 2655 5739 esse
2724 5661 2988 5736 volitio
3071 5689 3088 5756 ;
3179 5684 3665 5763 consequens
3723 5678 3837 5743 est

3979 678 4045 746 3.

3898 794 4181 906 gia-Gom.

3955 862 4063 908 utto
4098 862 4145 908 t.

3326 3204 3664 3278 Materia
3747 3211 3820 3278 et
3875 3234 4146 3287 Secunda.

3912 3812 4108 3862 Tertia.

3907 4519 4128 4579 Quarta.
