4295 6326
1574 537 1799 605 DIST.
1852 536 1970 605 IV.

404 707 640 781 habet
663 706 1035 784 rationem
1069 709 1423 808 principii
1452 709 1677 785 activi
1712 733 1946 808 quarn

404 831 646 918 pater,
683 833 757 897 et
821 848 1058 920 agens
1128 825 1449 899 inferius
1491 849 1948 925 praesuppo-

405 938 518 1011 nit
549 940 907 1036 superius
940 965 1203 1038 agenS,
1238 945 1506 1016 saltem
1543 952 1843 1016 natura.

189 1049 254 1116 8·
502 1054 615 1128 Ad
657 1055 866 1129 aliud
900 1079 1069 1130 cum
1116 1058 1395 1131 dicitur
1431 1083 1445 1132 ε
1492 1058 1670 1132 Dico
1729 1081 1949 1155 afflen-

49 1164 376 1284 ξξὲἰῇξὲξ·
407 1173 518 1247 tia
548 1172 875 1247 univoca
905 1198 1058 1248 non
1080 1176 1578 1273 requiruntur
1616 1174 1720 1249 ad
1746 1199 1948 1249 eum-

50 1291 357 1406 ffiph'g‘gffi
408 1289 580 1363 clem
631 1287 1010 1386 effectam,
1083 1291 1281 1383 dico,
1355 1315 1612 1366 causa}
1665 1315 1799 1389 per
1865 1314 1945 1366 se

364 1391 377 1404 ⁹
411 1407 784 1482 ordinatae
827 1417 1151 1505 possunt
1186 1410 1579 1507 tripliciter
1620 1432 1949 1483 concur-

412 1548 577 1599 rere
616 1552 633 1617 ;
670 1524 790 1599 vel
860 1523 1063 1622 quod
1122 1526 1472 1624 superior
1526 1524 1809 1600 tribuat
1839 1525 1947 1598 in-

412 1640 665 1715 feriori
739 1641 1106 1735 formam3
1153 1643 1271 1717 vel
1331 1641 1533 1740 quod
1578 1665 1731 1717 non
1810 1642 1948 1715 tri-

410 1762 597 1836 buat
635 1760 777 1836 sibi
852 1761 1195 1848 formam,
1256 1763 1389 1837 sed
1456 1771 1743 1837 motum
1789 1771 1948 1836 tan-

410 1887 570 1951 turn
601 1905 618 1971 ;
655 1879 774 1952 vel
806 1880 1008 1975 quod
1043 1879 1235 1953 nihil
1261 1879 1405 1954 sibi
1439 1879 1749 1972 tribuat,
1804 1903 1945 1953 nec

408 1993 819 2085 actionem,
867 2016 1006 2068 nec
1078 1994 1397 2091 aliquid,
1472 2003 1723 2068 tamen
1790 2017 1946 2068 una

408 2108 910 2206 principalius
979 2109 1207 2184 habet
1288 2110 1641 2186 effectum
1711 2134 1939 2208 quam

407 2224 581 2298 alia.
615 2224 871 2298 Primo
927 2227 1151 2299 modo
1209 2237 1678 2302 concurrunt
1735 2228 1944 2302 Deus

406 2351 479 2415 et
510 2364 744 2414 causa
785 2342 1152 2435 secunda,
1199 2343 1383 2441 quia
1414 2344 1621 2418 Deus
1652 2343 1778 2416 dat
1810 2344 1947 2417 for-

409 2480 608 2531 mam
643 2481 899 2531 causae
932 2459 1324 2534 secundae.
1386 2459 1743 2534 Secundo
1780 2484 1945 2532 mo-

405 2574 502 2647 do
567 2597 649 2648 se
720 2573 1005 2648 habent
1068 2598 1308 2672 agens
1375 2576 1797 2675 principale
1874 2585 1947 2650 et

404 2691 888 2777 elementale,
945 2692 1149 2788 quod
1219 2692 1374 2788 agit
1415 2717 1553 2790 per
1625 2702 1938 2765 motum.

403 2804 653 2878 Tertio
689 2805 912 2877 modo
955 2829 1034 2879 se
1078 2806 1364 2880 habent
1418 2807 1830 2903 objectum,
1876 2815 1950 2881 et

408 2921 747 3020 potentia
763 2923 1187 2995 secundum
1216 2922 1437 2996 istam
1470 2922 1942 3020 opinionem,

408 3063 584 3138 quse
614 3040 827 3137 ponit
869 3049 1283 3136 utrumque
1350 3063 1809 3114 concurrere
1853 3040 1945 3113 ad

409 3166 662 3231 actum
719 3155 796 3229 in
861 3156 1152 3231 ratione
1246 3155 1599 3254 principii
1671 3153 1943 3249 activi,

410 3273 749 3371 potentia
790 3272 991 3346 enim
1048 3297 1199 3346 non
1256 3273 1520 3347 tribuit
1561 3297 1776 3348 suam
1816 3298 1953 3370 po-

416 3391 724 3463 tentiam
769 3389 1094 3463 activam
1137 3390 1461 3487 objectO,
1515 3414 1654 3464 nec
1687 3414 1725 3465 e
1769 3414 1953 3465 con-

414 3516 528 3581 tra
559 3536 576 3599 3
613 3507 721 3581 sic
755 3515 870 3581 est
918 3506 1009 3581 de
1055 3531 1261 3582 mare
1322 3518 1396 3582 et
1453 3510 1784 3603 femella,
1824 3508 1949 3582 uhi

415 3648 565 3697 non
601 3624 1186 3719 distinguuntur
1208 3625 1490 3722 specie,
1528 3625 1657 3699 sed
1695 3646 1955 3699 nume·

414 3766 525 3815 re.
584 3741 722 3815 Vel
776 3740 978 3814 enim
1027 3750 1206 3814 sunt
1248 3741 1421 3815 duae
1463 3765 1717 3815 causoe
1768 3740 1955 3815 sub-

414 3858 784 3932 ordinatae
828 3856 901 3929 in
954 3857 1258 3932 duobus
1314 3857 1730 3932 individuis
1762 3857 1957 3951 ejus-

414 3976 583 4048 dem
656 3974 968 4069 speciei,
1060 3984 1134 4047 et
1202 3998 1439 4047 unum
1510 3984 1623 4048 est
1702 3974 1956 4048 minus

415 4091 865 4189 principale,
922 4091 1128 4164 aliud
1161 4114 1343 4165 vero
1404 4093 1705 4190 1najus3
1765 4100 1838 4164 et
1878 4090 1951 4163 in

415 4208 697 4281 talibus
732 4206 1147 4282 individuis
1217 4217 1463 4306 potest
1508 4232 1745 4281 unum
1791 4230 1956 4281 esse

417 4320 855 4419 perfectiuS‚
911 4320 1118 4394 aliud
1212 4320 1757 4421 imperfectius.
1817 4320 1958 4393 Vel

418 4445 599 4512 sunt
655 4460 912 4511 causae
980 4459 1133 4510 non
1205 4436 1753 4524 subordinatas,
1826 4436 1958 4509 sed

424 4554 821 4651 'equaliter
860 4554 950 4626 ad
987 4553 1336 4628 effectum
1383 4561 1955 4645 concurrentes,

2024 536 2442 616 QUAESTIO
2490 533 2612 604 ΙΙΙ.

3472 531 3600 600 275

2059 708 2382 765 rationibus
2417 705 2818 764 seminalibus.
2847 706 3135 772 Secund0‚
3169 704 3425 763 declarat
3463 719 3604 775 quo-

2060 800 2232 855 modo
2271 803 2449 854 mater
2494 798 2683 854 verius
2736 796 2857 871 agit
2904 799 2962 853 in
3009 797 3378 869 generatione
3427 809 3602 867 quam

2060 894 2241 961 pater,
2296 888 2429 960 quia
2491 887 2596 944 hoc
2656 905 2771 943 non
2834 889 3136 955 existente,
3193 890 3319 958 ipsa
3382 901 3486 958 per
3543 902 3606 941 se

2059 976 2395 1032 immediate
2427 976 2562 1048 agit.
2599 975 2913 1031 DIfsscilius
2946 985 3028 1030 est
3062 974 3283 1030 salvare
3317 979 3376 1030 Β.
3419 972 3606 1044 Virgi-

2059 1082 2188 1122 nem
2236 1065 2492 1136 coegisse
2549 1066 2620 1120 ad
2682 1064 3119 1120 translationem
3174 1063 3473 1132 sanguinis
3530 1062 3602 1117 ad

2058 1154 2249 1209 locum
2283 1153 2697 1226 generationiS,
2733 1156 2798 1207 ad
2841 1153 3242 1208 alterationem
3294 1158 3354 1207 et
3401 1152 3607 1207 densa-

2058 1244 2274 1299 tionem
2311 1261 2325 1311 ;
2363 1249 2556 1299 tamen
2604 1242 2862 1298 ostendit
2917 1242 3139 1312 objecta
3190 1258 3301 1297 non
3355 1241 3603 1310 obstare,

2057 1334 2287 1390 etiamsi
2347 1338 2612 1388 tencatur
2661 1333 2770 1387 ista
2831 1333 2983 1386 facta
3040 1331 3095 1386 in
3151 1330 3408 1402 instanti,
3468 1332 3604 1402 quia

2059 1421 2307 1492 Spiritus
2352 1422 2411 1477 S.
2460 1421 2725 1492 permisit
2774 1419 3006 1476 Mariam
3064 1420 3249 1475 facere
3290 1421 3435 1490 quod
3476 1419 3600 1475 alite

2059 1520 2272 1568 matres
2299 1511 2535 1566 faciunt.
2570 1510 2715 1566 Vide
2744 1526 2878 1565 eum
2932 1509 2988 1564 in
3026 1510 3207 1565 Oxou.
3246 1508 3338 1564 bic
3365 1508 3537 1565 latius
3569 1526 3603 1565 a

2058 1617 2222 1656 num.
2254 1603 2307 1654 7.

2155 1875 2267 1948 Ad
2315 1874 2690 1948 rationem
2761 1874 3022 1968 aliam,
3089 1898 3264 1948 cum
3322 1874 3600 1947 dicitur
3766 1878 3831 1945 9.

2057 1993 2261 2089 quod
2298 1993 2368 2064 in
2416 1992 2729 2066 instanti
2788 1992 3311 2088 generationis
3354 2016 3599 2066 mens·
3633 1992 3952 2105 imiissnssssn

2057 2118 2312 2182 truum
2351 2133 2502 2182 non
2534 2108 2717 2204 agit,
2763 2109 2946 2205 quia
2998 2109 3073 2181 in
3120 2110 3247 2183 illo
3284 2109 3594 2183 instanti
3627 2118 3932 2244 gffiffgig:

2056 2226 2573 2323 corrumpitur
2612 2225 2854 2299 forma
2894 2226 3087 2322 ejuS,
3141 2250 3410 2301 verum
3452 2237 3588 2300 est.
3637 2244 3948 2294 nerauonis.

2058 2341 2236 2414 Ideo
2270 2343 2516 2414 solum
2563 2349 2677 2414 est
2710 2340 3169 2438 principium
3223 2306 3950 2420 alte1·atio-1¹}⁰2f²‘‹’sss¹3‘

2056 2456 2177 2529 nis
2220 2456 2558 2553 praeviae,
2596 2455 2727 2529 sed
2774 2479 2924 2528 non
2970 2464 3084 2529 est
3135 2457 3592 2554 principium
3759 2431 3839 2482 ¹⁸·

2058 2573 2579 2672 generationis
2600 2572 3062 2647 'substantiae
3095 2596 3230 2670 per
3262 2575 3597 2671 aliquam

2057 2690 2415 2764 virtutem
2461 2690 2535 2762 in
2572 2712 2691 2782 e0,
2738 2712 2990 2787 neque
3063 2689 3305 2763 virtus
3367 2691 3600 2788 patris

2056 2818 2270 2901 tunc,
2334 2816 2494 2881 esto
2537 2806 2739 2903 quod
2779 2815 3084 2880 maneat
3123 2814 3303 2880 tunc
3365 2806 3436 2878 in
3492 2829 3604 2880 se-

2030 2911 2291 3017 mine,
2321 2923 2505 3020 quia
2536 2921 3051 3019 imperfectior
3082 2932 3195 2995 est
3235 2947 3466 3020 quam
3509 2923 3605 2997 sit

2061 3040 2300 3114 forma
2332 3039 2597 3136 geniti,
2646 3040 2774 3114 sed
2810 3049 2923 3114 est
2981 3040 3449 3138 principium
3484 3064 3598 3115 ac·

2060 3159 2302 3235 tivum
2359 3158 2433 3232 in
2471 3156 2921 3232 alteratione
2985 3158 3346 3232 uniformi
3403 3183 3605 3257 prae-

2062 3277 2379 3350 cedente
2415 3297 2551 3373 per
2581 3274 2915 3348 calorem
2941 3298 3198 3368 suum,
3247 3275 3421 3348 licet
3453 3299 3606 3349 non

2064 3389 2650 3488 sitprincipium
2697 3387 3088 3463 sufficiens
3136 3389 3609 3464 alterationis

2064 3507 2436 3582 diss'ormis
2473 3505 3006 3603 praecedentis.
3057 3508 3148 3579 Et
3182 3508 3606 3581 secundum

2067 3627 2268 3698 hanc
2353 3623 2553 3696 viam
2635 3630 2886 3718 potest
2970 3623 3334 3697 sustineri
3404 3626 3610 3721 quod

2069 3749 2310 3814 mater
2339 3747 2587 3836 potest
2619 3738 2876 3811 verius
2907 3738 3052 3811 dici
3086 3762 3311 3835 agere
3358 3740 3432 3812 in
3507 3741 3617 3814 in·

2066 3856 2298 3931 stanti
2330 3855 2854 3952 generationis
2896 3878 3032 3952 per
3085 3856 3449 3930 virtutem
3509 3858 3617 3930 in-

2065 3974 2512 4049 existentem
2577 3972 2651 4043 in
2723 3980 2962 4045 matre
3006 3974 3431 4046 secundum
3500 3998 3607 4062 se,

2065 4115 2218 4164 non
2255 4090 2328 4162 in
2371 4096 2790 4180 monstruO,
2838 4109 3067 4184 quam
3127 4090 3367 4185 possit
3400 4099 3616 4187 pater

2065 4231 2203 4305 per
2234 4206 2569 4303 aliquam
2604 4205 2965 4280 virtutem
3009 4205 3199 4302 ejuS‚
3251 4207 3433 4303 quia
3472 4208 3613 4281 etsi

2067 4333 2283 4421 pater
2327 4346 2475 4396 non
2523 4330 2724 4396 esset.
2767 4322 2839 4394 in
2923 4321 3239 4395 instanti
3283 4347 3618 4420 genera-

2067 4438 2328 4532 tionis,
2393 4438 2584 4511 nihil
2651 4439 2904 4511 minus
2966 4449 3498 4535 generaretur,
3554 4443 3615 4516 si

2071 4556 2147 4628 in
2194 4556 2323 4629 illo
2368 4554 2678 4628 instanti
2723 4563 2924 4628 esset
2963 4565 3205 4630 mater
3246 4581 3614 4654 praesens.

421 4682 495 4745 et
546 4670 830 4744 ibidem
885 4670 1085 4768 capit
1125 4670 1256 4744 illa
1317 4668 1773 4743 universalis
1840 4668 1963 4741 in-
2071 4671 2151 4744 Si
2187 4670 2502 4769 ponitur
2559 4677 3036 4744 menstruum
3084 4682 3293 4745 extra
3365 4673 3617 4748 locum

422 4786 752 4877 stantia3
820 4787 1081 4859 nullus
1141 4785 1328 4860 ordo
1388 4793 1500 4860 est
1533 4784 1963 4859 essentialis
2073 4786 2622 4886 generationiS,

425 4902 896 4977 causalitatis
940 4901 1137 4975 inter
1178 4902 1574 4975 individua
1619 4901 1959 4996 ejusdcm

425 5018 734 5116 speciei.

959 5314 1315 5372 SCHOLIUM
1370 5314 1469 5370 111.

508 5490 678 5541 Docet
708 5489 1067 5540 menstruum
1125 5499 1239 5538 non
1295 5499 1639 5538 concurrere
1688 5483 1867 5538 active
1910 5482 1966 5537 in

436 5575 676 5630 instanti
709 5574 1125 5648 generationis,
1160 5575 1294 5644 quia
1348 5577 1485 5627 tunc
1530 5573 1720 5644 ipsum
1765 5572 1974 5627 desinit

440 5680 585 5733 csse,
618 5673 806 5721 tamen
839 5669 1025 5735 potest
1057 5678 1226 5735 agere
1252 5663 1320 5717 ad
1356 5662 1728 5719 alterationes
1759 5679 1972 5734 proece·

2737 4809 3128 4883 nunquam
3250 4789 3624 4867 formatur

2077 4906 2360 5004 proles.

2175 5019 2581 5094 Difficilius
2635 5021 2976 5093 salvatur
3015 5024 3219 5118 quod
3261 5025 3346 5098 B.
3393 5027 3627 5126 Virgo

2078 5137 2175 5211 sit
2214 5160 2393 5211 vere
2455 5145 2723 5228 mater,
2770 5145 3141 5232 quantum
3205 5141 3298 5214 ad
3342 5147 3632 5240 praevia

2078 5252 2626 5351 generationis,
2673 5252 3104 5348 cujusmodi
3147 5268 3326 5331 sunt
3378 5270 3632 5335 trans-

2081 5372 2260 5446 latio
2307 5370 2708 5466 sanguinis
2750 5370 2841 5443 ad
2899 5372 3148 5444 locum
3193 5380 3630 5468 generatio-

2082 5489 2229 5580 niS,
2277 5498 2348 5561 et
2388 5487 2733 5561 alteratio
2790 5495 2862 5559 et
2911 5488 3431 5564 condensatio.
3483 5496 3628 5569 Ista

2086 5605 2287 5680 enim
2333 5604 2620 5698 omnia,
2657 5603 2717 5676 si
2770 5603 2922 5676 sint
2964 5608 3395 5681 necessario
3433 5636 3631 5707 pra}-

448 5756 667 5822 drntcS,
721 5755 791 5810 de
840 5771 955 5826 quo
1006 5758 1208 5809 Doctor
1257 5754 1314 5808 in
1364 5752 1544 5808 Oxon.
1598 5754 1723 5809 tuse
1754 5754 1874 5825 agit
1905 5752 1976 5808 de
2080 5722 2207 5795 Via
2284 5729 2649 5818 tanquam
2723 5719 2972 5794 media
3038 5728 3626 5825 pl'f-DSUPPOSUU,
