4295 6326
673 407 802 474 638

675 578 1103 677 separabile
1140 606 1157 666 3
1196 601 1378 676 ergo
1431 578 1827 651 character
1869 573 1933 648 si
1984 582 2211 666 esset,

674 684 873 771 esset
926 696 1281 771 accidens
1326 693 1782 793 separabile,
1843 692 2046 790 quod
2104 701 2218 765 est

678 822 944 886 contra
976 813 1312 888 rationes
1345 812 1537 908 ejus.

778 931 861 1003 In
940 930 1383 1028 oppositum,
1460 937 1574 1003 est
1640 925 2057 1024 Dionysius
2124 924 2218 999 de

676 1047 1219 1123 Ecclesiastica
1270 1045 1728 1120 Hierarclzia
1774 1068 1939 1142 cap.
1977 1043 2047 1115 2.
2100 1042 2219 1114 di-

676 1187 859 1239 cens
920 1164 1125 1263 quod
1180 1163 1522 1238 venienti
1580 1162 1683 1237 ad
1728 1160 2216 1259 Baptismum

677 1280 905 1356 datur
932 1280 1401 1356 sacramenti
1446 1278 1930 1377 siqnaculum
1977 1302 2023 1351 a
2065 1276 2220 1352 Sa—

677 1397 1003 1493 cerdote,
1084 1397 1290 1494 quod
1351 1421 1504 1470 non
1578 1404 1826 1495 potest
1893 1393 2217 1489 intelligi

677 1513 827 1586 nisi
871 1516 1292 1589 character.

775 1630 991 1719 Item,
1056 1628 1583 1704 Damascenus
1626 1626 1755 1701 lib.
1804 1626 1872 1699 4.
1930 1649 2093 1723 cap.
2145 1624 2212 1698 1.

676 1747 859 1821 dicit
898 1746 1101 1843 quod
1134 1768 1282 1843 per
1302 1744 1786 1842 Baptismum
1818 1740 1910 1838 fit
1962 1743 2040 1816 in
2090 1765 2219 1816 no-

676 1863 789 1939 bis
822 1864 1293 1961 reqeneratio
1336 1870 1407 1938 et
1428 1861 1799 1960 siqillum,
1838 1885 1973 1958 per
1999 1859 2218 1958 siqit-

678 1979 836 2053 lum
880 1979 1321 2075 intelligens
1362 1980 1913 2053 characterem.

772 2099 987 2183 Item,
1080 2098 1380 2171 nullum
1464 2105 2031 2171 sacramentum
2102 2105 2217 2170 est

673 2212 1106 2288 initerabile
1174 2213 1292 2286 vel
1366 2211 1804 2305 indelebile,
1845 2210 1990 2286 nisi
2032 2211 2218 2309 quia

674 2328 1042 2428 imprimit
1171 2326 1523 2403 effectum
1629 2326 2114 2402 indelebilem
2193 2354 2208 2413 ;

674 2449 1114 2546 Baptismus
1148 2457 1261 2522 est
1301 2455 1865 2522 sacramentum
1912 2446 2216 2521 initera-

674 2568 872 2660 bile3
911 2589 1093 2662 ergo
1161 2565 1533 2664 imprimit
1586 2563 1934 2639 effectum
1995 2564 2217 2639 inde-

677 2684 1008 2772 lebilem,
1084 2685 1228 2757 hoc
1322 2706 1514 2757 voco
1596 2683 2115 2758 characterem
2192 2712 2209 2772 ;

673 2827 883 2900 ergo.

355 919 511 971 Ratio
532 920 587 992 in

356 997 570 1048 opposi-

408 1051 543 1097 tum.

327 1648 641 1700 Damascen.

1225 3012 1588 3072 SCHOLIUM
1629 3016 1671 3071 1.

745 3168 944 3223 Posita
971 3165 1303 3223 definitione
1338 3169 1395 3222 ct
1425 3162 1801 3236 explicatione
1846 3161 2216 3231 characteris,

676 3256 932 3329 ponitur,
966 3263 1021 3312 et
1059 3256 1185 3312 fuse
1238 3255 1515 3327 probatur
1560 3252 1887 3308 rationibus
1931 3252 2219 3309 sententia

675 3363 895 3418 negans
924 3361 1060 3402 eum
1107 3345 1231 3401 dari
1269 3370 1284 3411 ς
1342 3348 1399 3400 et
1446 3343 1770 3400 recitantur
1817 3342 2215 3410 auctoritates,

672 3452 821 3507 quas
847 3436 917 3491 ad
946 3437 1051 3491 hoc
1080 3434 1317 3491 adducit
1348 3434 1415 3491 D.
1446 3434 1718 3490 Thomas.

447 3619 513 3686 2.
770 3614 912 3689 Hic
945 3621 1126 3688 sunt
1173 3612 1324 3685 duo
1360 3608 1705 3685 facienda
1741 3634 1755 3683 z
1804 3608 2062 3682 Primo
2103 3632 2218 3683 os·

324 3735 613 3855 afflig&
676 3730 1058 3809 tendenda
1143 3738 1279 3815 est,
1370 3730 1490 3804 vel
1576 3728 1935 3827 ponenda
2026 3727 2217 3802 ratio

324 3872 380 3919 et
413 3864 544 3941 quid
576 3836 642 3915 οἷ·
676 3848 1111 3926 communis
1161 3846 1651 3937 characteris,
1700 3847 1774 3919 in
1840 3869 1993 3944 qua
2050 3869 2221 3919 om-

369 3928 604 3995 ⁸¹²¹fl⁰⁶t'
672 3991 810 4043 nes
856 3963 1353 4041 conveniunt.
1401 3962 1756 4037 Secundo
1798 3961 2217 4036 videndum

675 4094 790 4160 est
832 4084 895 4158 si
939 4081 1226 4180 aliquid
1288 4080 1430 4155 tale
1476 4080 1572 4155 sit
1629 4079 1702 4152 in
1749 4079 2032 4167 anima,
2093 4079 2215 4153 cui

673 4200 1083 4277 conveniat
1122 4199 1268 4273 ista
1300 4198 1519 4273 ratio.

772 4319 853 4390 In
891 4315 1138 4416 primo
1171 4314 1640 4389 concordant
1699 4337 1968 4388 omnes
2010 4312 2217 4410 quod

672 4437 1065 4512 character
1103 4440 1215 4509 est
1268 4432 1572 4531 aliquid
1614 4431 2017 4531 spirituale
2067 4432 2221 4507 im-

661 4576 1017 4653 pressum
1078 4550 1363 4626 animae
1422 4550 1499 4623 in
1558 4550 2033 4648 susceptione
2088 4574 2220 4624 cu-

654 4669 985 4773 juslibet
1024 4669 1514 4763 sacramenti,
1585 4693 1739 4743 non
1811 4668 2211 4744 iterabilis.

776 4793 885 4864 Ex
935 4790 1081 4864 ista
1113 4787 1406 4863 ratione
1462 4787 1852 4861 communi
1905 4788 2221 4861 charac-

683 4908 863 4983 teris
914 4912 1348 5004 sequuntur
1383 4903 1584 4978 tria:
1660 4903 2002 4978 Primum
2075 4913 2215 4997 est,

677 5022 881 5122 quod
925 5022 1321 5097 character
1361 5017 1761 5115 distinguit
1807 5019 2216 5094 habentem

674 5141 925 5239 ipsum
971 5161 1014 5212 a
1047 5135 1594 5229 non·habente,
1624 5136 1805 5234 quia
1849 5135 1911 5209 si
1946 5135 2042 5210 sit
2082 5135 2224 5209 ali-

673 5255 857 5355 quid
927 5255 1389 5351 impressum
1459 5252 1537 5325 in
1605 5251 1863 5326 anima
1922 5252 1996 5326 in
2086 5278 2224 5327 su-

673 5373 1063 5472 sceptione
1172 5369 1630 5461 sacramenti
1736 5370 2216 5464 initerabilis‚

672 5514 853 5587 ergo
911 5486 1316 5583 distinguit
1384 5485 1937 5585 suscipientem
1999 5487 2213 5562 illud.

673 5606 1033 5684 Secundo
1101 5603 1451 5701 sequitur
1544 5605 1750 5702 quod
1824 5607 2223 5681 character

336 4770 464 4832 Quae
495 4772 616 4823 cha·

403 4837 597 4888 racteri

392 4913 585 4950 conve·

395 4964 571 5014 niunt.

2036 400 2277 468 LIBRI
2326 403 2443 471 IV.

2330 576 2426 650 sit
2480 576 2787 673 signum
2861 578 3531 655 rememorativum
3612 601 3874 653 sacra-

2334 694 2566 769 menti
2608 696 2969 794 suscepti.
3001 696 3248 771 Tertio
3297 695 3502 792 quod
3531 695 3627 770 sit
3659 695 3875 792 prin-

2329 809 2615 907 cipium
2658 812 3092 887 assimilans
3160 811 3703 908 suscipientem
3774 811 3878 884 al-

2331 928 2468 1002 teri
2513 928 2824 1003 habenti
2857 929 3138 1028 ipsum.
3213 928 3582 1027 Sequitur
3636 951 3877 1026 quar-

2334 1054 2489 1120 tum
2535 1048 2735 1145 quod
2807 1050 3232 1122 conformat
3271 1046 3605 1123 animam
3677 1046 3868 1132 Dec,

2329 1163 2511 1262 quia
2532 1164 2608 1237 in
2644 1165 3126 1264 susceptione
3149 1164 3388 1262 hujus
3411 1163 3871 1240 sacramenti

2328 1281 2579 1377 signat
2610 1283 2945 1358 animam
3014 1281 3482 1380 configurari
3551 1292 3623 1357 et
3672 1281 3872 1356 obli-

2329 1399 2490 1497 gari
2531 1399 2718 1474 Deo.
2780 1401 3040 1475 Potest
3071 1424 3253 1497 ergo
3295 1401 3690 1475 character
3720 1399 3870 1472 dici
3905 1406 4174 1519 gfflgffij
4241 1403 4242 1410 ’

2325 1515 2583 1613 forma
2647 1516 3080 1615 spiritual-is
3156 1518 3530 1616 impressa
3583 1517 3871 1591 animae
4000 1531 4089 1581 tio-

2326 1634 2407 1707 in
2447 1635 2922 1731 susceptione
2962 1632 3369 1734 cujustibet
3406 1633 3879 1709 sacramenti

2326 1775 2478 1825 non
2510 1750 2910 1845 iterabilis‚
2948 1752 3425 1850 distinquens
3454 1750 3871 1849 suscipien-

2327 1876 2477 1943 tem
2509 1893 2556 1944 a
2595 1893 2748 1944 non
2782 1870 3272 1967 suscipiente,
3319 1876 3391 1944 et
3429 1868 3871 1944 assimilans

2323 1989 2818 2087 suscipientes
2850 1988 2955 2063 ad
2990 1988 3347 2081 invicem,
3394 2011 3870 2063 rememora-

2325 2105 2481 2178 tiva
2512 2104 2844 2178 eoeistens
2887 2104 3359 2179 sacramenti
3409 2104 3760 2202 suscepti,
3798 2112 3876 2178 et

2324 2220 2813 2319 confiqurans
2862 2223 3201 2297 animam
3240 2221 3567 2297 Christe.

2420 2340 2570 2415 Sed
2613 2339 2998 2437 quomodo
3032 2363 3113 2415 se
3182 2340 3413 2414 habet
3478 2339 3618 2415 iste
3678 2343 3868 2414 cha-
3898 2346 4176 2396 Cbtrflcter

2326 2466 2569 2530 racter
2655 2456 3079 2554 impressus
3142 2455 3423 2530 animae
3529 2457 3619 2529 ad
3698 2411 4200 2552 gra-{222i1i¹,⁰‘21⁸

2324 2572 2533 2666 tiam,
2567 2595 2742 2670 quae
2774 2580 2887 2646 est
2931 2572 3003 2644 in
3069 2578 3328 2647 anima
3365 2570 3405 2643 ?
3475 2581 3728 2647 utrum
3771 2573 3870 2648 sit
3899 2541 4200 2649 ‘ffss‘tiffilf‘

2325 2691 2554 2778 idem,
2589 2690 2707 2765 vel
2764 2689 2971 2764 aliud
3013 2690 3107 2765 ab
3158 2713 3249 2764 ea
3277 2689 3317 2762 Ῥ
3375 2690 3860 2788 Responde0‚

2324 2805 2529 2903 quod
2572 2813 2686 2880 est
2707 2804 2914 2879 aliud
2954 2828 2999 2880 a
3037 2805 3283 2901 gratia
3309 2816 3382 2880 et
3421 2805 3864 2901 virtutihus,

2324 2923 2507 3022 quia
2545 2923 2941 2997 character
2996 2921 3464 3020 imprimitur
3515 2924 3871 3021 quando-

2325 3063 2476 3137 que
2583 3041 2661 3113 in
2766 3040 3254 3138 susceptione
3377 3042 3865 3137 sacramenti,

2327 3147 2636 3257 quando
2669 3157 2912 3254 gratia
2934 3167 3008 3233 et
3047 3158 3371 3235 virtutes
3415 3184 3566 3235 non
3604 3160 3870 3235 iniun-

2326 3275 2640 3349 duntur.
2719 3274 2936 3350 Patet
3003 3275 3095 3349 de
3151 3274 3325 3352 ficte
3395 3276 3868 3375 suscipiente

2325 3391 2803 3489 Baptismum
2850 3390 2983 3488 qui
3018 3390 3285 3489 recipit
3316 3393 3867 3482 characterem,

2326 3518 2399 3583 et
2435 3532 2587 3582 non
2631 3507 2985 3604 gratiam,
3045 3531 3297 3605 neque
3347 3508 3696 3603 virtute8‚
3760 3508 3872 3583 si-

2326 3636 2454 3701 cut
2484 3649 2718 3723 supra
2758 3624 3045 3698 dictum
3087 3634 3198 3700 est
3231 3626 3277 3699 ⁰.
3903 3630 4212 3744 {fig-gg-

2423 3742 2532 3813 Ex
2572 3741 2717 3813 hoc
2771 3739 3124 3837 sequitur
3191 3739 3396 3836 quod
3470 3742 3871 3816 character
3941 3730 4059 3830 'ter
4089 3761 4167 3807 est

2325 3854 2421 3929 sit
2461 3852 3027 3953 quodammodo
3064 3854 3303 3928 torma
3343 3855 3552 3952 prior
3590 3832 4220 3955 gratia,-l²÷'2.‘f{3⁸3;.

2325 3969 2509 4068 quia
2535 3992 2705 4043 cum
2747 3977 3158 4065 utrumque
3202 3969 3298 4042 sit
3342 3970 3580 4046 forma
3616 3970 3867 4049 inhae-
3900 3942 4217 4057 ⁹⁰⁸1¹1iffinfd

2329 4112 2503 4163 rens
2543 4086 2851 4173 animae,
2889 4094 3137 4160 etnon
3172 4108 3263 4159 ex
3304 4109 3528 4184 aequo
3557 4087 3860 4184 infusae,

2329 4227 2466 4280 nec
2506 4205 2902 4279 character
2977 4201 3409 4278 infunditur
3482 4206 3868 4302 posterius

2325 4319 2594 4417 gratia,
2642 4319 2826 4417 quia
2867 4328 3118 4416 potest
3155 4322 3494 4417 separari
3572 4322 3668 4396 ab
3742 4347 3864 4414 ea,

2326 4449 2657 4513 etnone
2703 4460 3107 4529 converso,
3189 4460 3373 4532 ergo
3431 4437 3600 4514 dico
3660 4443 3868 4537 quod

2327 4565 2439 4631 cst
2470 4554 2729 4652 aliquo
2772 4553 3000 4627 modo
3043 4552 3251 4650 prior
3289 4552 3455 4650 ipsa
3492 4556 3762 4650 gratia.

2423 4675 2534 4747 Ex
2608 4674 2752 4746 hoc
2825 4670 3147 4746 ulterius
3220 4672 3570 4768 sequitur
3662 4675 3869 4771 quod

2327 4792 2718 4865 character
2760 4788 2856 4863 sit
2904 4787 3303 4886 dispositio
3358 4790 3453 4863 ad
3508 4790 3865 4887 gratiam,

2327 4907 2527 5006 quod
2573 4916 2776 5005 patet
2835 4905 3295 5004 dupliciter3
3359 4907 3421 4982 si
3490 4908 3693 4982 enim
3775 4911 3877 4984 sit

2327 5022 2841 5122 imperfectior
2879 5022 3151 5119 gratia,
3213 5032 3287 5097 et
3353 5022 3564 5121 prior
3632 5048 3750 5120 ea,
3795 5025 3874 5098 in

2327 5140 2595 5214 eodem
2658 5138 3030 5235 subjecte,
3076 5149 3150 5213 et
3221 5163 3373 5212 non
3437 5140 3871 5238 aequaliter‚

2328 5265 2401 5331 et
2430 5256 2675 5353 gratia
2708 5280 2856 5329 non
2918 5254 3014 5329 sit
3081 5254 3481 5353 dispositio
3537 5258 3630 5333 ad
3690 5261 3877 5333 cha-

2329 5384 2729 5466 racterem,
2769 5395 2950 5467 ergo
2994 5372 3344 5468 sequitur
3381 5375 3585 5471 quod
3618 5398 3658 5450 e
3691 5399 3859 5450 con·

2328 5514 2550 5566 verso
2619 5492 3017 5564 character
3083 5488 3227 5563 erit
3301 5490 3698 5588 dispositio
3775 5494 3870 5567 ad

2329 5609 2679 5706 gratiam,
2745 5606 2928 5706 quia
3020 5606 3329 5705 quando
3390 5608 3650 5706 aliqua
3719 5609 3873 5685 duo
