4295 6326
1385 422 1613 492 DIST.
1663 421 1918 490 XXIV.
1972 419 2392 501 QUAESTIO
2445 421 2679 491 UNIC.

431 602 619 688 tare,
658 595 937 669 e‘ttalis
975 594 1296 671 scientia
1349 606 1511 671 erat
1568 596 1644 671 in
1709 596 1977 669 monti-

119 734 366 801 Apostoli
429 711 604 804 hus,
651 711 938 787 scilicet
972 712 1049 785 in
1082 713 1491 812 Apostolis,
1551 722 1623 788 et
1676 723 1972 787 tantum

79 806 400 913 ἷᾏῗέῑρὲᾇῖξζ
434 852 836 904 assensum
943 833 1409 926 habuerunt,
1517 831 1721 930 quod
1818 856 1971 905 non

79 930 200 1040 ¹32⁰,
220 928 403 1042 *ᾗῇζῖ
433 958 857 1046 potuerunt
899 951 1247 1026 dubitare
1285 979 1303 1045 3
1350 961 1422 1025 et
1473 950 1644 1026 ideo
1697 950 1975 1024 certio—

431 1085 555 1137 res
614 1073 687 1137 et
750 1062 1128 1140 firmiores
1194 1066 1504 1140 fuerunt
1571 1064 1664 1139 ad
1743 1064 1974 1139 susti-

432 1178 771 1252 nendum
809 1180 1236 1278 passiones,
1283 1203 1509 1277 quarn
1547 1180 1610 1255 si
1666 1180 1756 1255 de
1820 1203 1973 1254 cre-

427 1293 796 1371 dibilibus
824 1296 1227 1373 scientiam
1289 1298 1966 1374 demonstrativam

425 1412 904 1489 habuissent.
963 1416 1053 1489 Et
1121 1416 1260 1490 iste
1332 1416 1640 1491 habitus
1694 1415 1972 1490 certior

427 1528 567 1602 fuit
625 1528 803 1626 fide,
884 1542 959 1607 et
1038 1532 1318 1607 dicitur
1400 1533 1660 1631 aliquo
1745 1533 1967 1607 modo

424 1648 770 1742 scientia,
826 1648 1117 1724 scilicet
1176 1650 1426 1725 media
1485 1650 1685 1724 inter
1715 1649 1972 1725 scien-

419 1763 605 1838 tiam
653 1766 959 1864 proprie
1006 1765 1285 1841 dictam
1338 1777 1411 1842 et
1469 1766 1727 1861 fidem,
1788 1767 1970 1865 quia

421 1881 647 1957 habet
746 1883 1285 1961 certitudinem
1383 1884 1644 1982 aliquo
1745 1884 1965 1958 modo

426 1998 792 2096 majorem
859 2023 1092 2100 quarn
1152 2000 1342 2077 fides
1408 2001 1486 2074 in
1549 2001 1797 2095 nobis,
1863 2001 1971 2074 in-

425 2129 798 2217 quantum
877 2122 1210 2196 excludit
1277 2146 1584 2197 omnem
1676 2130 1967 2197 motum

423 2260 994 2337 quemcumque
1046 2241 1587 2339 subreptitium
1650 2240 1743 2315 de
1794 2264 1968 2314 con-

426 2355 653 2429 trario
711 2354 916 2430 fidei.
982 2357 1130 2432 Per
1199 2359 1343 2432 hoc
1431 2358 1794 2433 convenit
1886 2358 1965 2431 in

421 2471 876 2548 certitudine
948 2497 1122 2547 cum
1203 2474 1551 2569 scientia,
1650 2474 1723 2547 in
1815 2497 1968 2572 qua

421 2588 741 2663 scientia
781 2588 1336 2665 determinatur
1366 2590 1458 2665 de
1507 2590 1964 2665 necessitate

423 2708 517 2783 ad
563 2733 831 2802 unum,
879 2709 979 2784 ita
1013 2711 1216 2808 quod
1259 2734 1412 2785 non
1461 2719 1709 2809 potest
1757 2709 1968 2807 judi-

424 2850 596 2902 care
663 2828 1150 2926 oppositum3
1257 2829 1704 2927 hujusmodi
1778 2829 1966 2902 forte

425 2945 564 3019 suit
593 2944 785 3020 fides
812 2946 1065 3022 infusa
1107 2945 1513 3044 majorum,
1552 2947 1680 3045 qui
1717 2946 1966 3045 primo

426 3061 848 3136 Ecclesiam
890 3062 1339 3137 fundabant.

522 3178 709 3253 Dico
777 3204 959 3278 ergo
1029 3180 1363 3273 breviter
1438 3180 1530 3255 ad
1600 3178 1969 3278 quaestio-

425 3320 631 3391 nem,
673 3299 876 3395 quod
919 3299 1011 3374 de
1045 3299 1352 3375 creditis
1396 3298 1756 3374 revelatis
1810 3322 1965 3373 non

423 3426 671 3514 potest
710 3417 958 3492 viator
989 3419 1273 3494 habere
1331 3418 1730 3494 scientiam
1787 3442 1969 3518 pro-

421 3535 584 3634 prie
618 3535 897 3611 dictam
942 3538 1033 3612 de
1085 3537 1401 3613 eisdem.
1460 3536 1678 3625 Quod
1732 3546 1963 3636 patet,

423 3652 670 3751 primo
726 3677 819 3728 ex
877 3663 1088 3753 parte
1153 3658 1694 3748 revelatorum,
1786 3654 1969 3752 quia

439 3793 614 3844 cum
649 3768 797 3845 fide
839 3796 991 3846 non
1036 3782 1285 3872 potest
1317 3782 1514 3848 stare
1547 3774 1971 3872 apprehen-

421 3887 533 3962 sio
593 3888 1099 3964 terminorum
1157 3890 1234 3964 in
1302 3890 1744 3989 particulari
1808 3890 1970 3964 dis-

421 4005 683 4099 tincta,
723 4007 908 4104 quia
933 4017 1116 4083 tunc
1147 4033 1301 4082 non
1346 4018 1603 4084 essent
1634 4007 1968 4083 credibi—

421 4121 547 4196 lia.
583 4122 941 4198 Secundo
979 4134 1302 4224 patetex
1346 4135 1559 4225 parte
1619 4124 1966 4224 impossi-

420 4237 734 4314 bilitatis
804 4241 1240 4338 habituum,
1314 4267 1490 4317 narn
1562 4244 1654 4319 ad
1716 4241 1967 4316 scien-

421 4353 603 4428 tiam
712 4358 1017 4455 proprie
1136 4358 1412 4433 dictam
1553 4357 1968 4457 requiritur

422 4471 809 4547 evidentia
849 4474 1125 4571 objecti
1170 4503 1188 4571 3
1253 4477 1642 4552 evidentia
1711 4484 1964 4550 autem

423 4588 698 4686 objecti
768 4603 1148 4689 repugnat
1209 4592 1415 4686 fidei,
1484 4617 1660 4691 quae
1728 4604 1842 4669 est
1874 4595 1966 4670 de

424 4729 577 4780 non
655 4707 844 4784 visis
876 4737 895 4804 3
951 4710 1120 4784 ideo
1167 4710 1337 4786 dico
1399 4712 1605 4809 quod
1648 4711 1970 4787 scientia

422 4833 496 4899 et
527 4824 717 4902 fides
758 4851 912 4901 non
977 4840 1302 4928 possunt
1361 4830 1589 4905 simul
1660 4855 1827 4906 esse
1889 4832 1963 4904 in

424 4942 724 5037 eodem,
770 4953 844 5018 et
886 4946 1028 5020 hoc
1061 4954 1412 5046 respectu
1449 4947 1826 5045 ejusdem.

66 5081 149 5132 Aa
192 5096 304 5156 arg,
344 5083 388 5135 1.
519 5059 633 5133 Ad
689 5059 1024 5158 primurn
1093 5074 1640 5161 argumentum
1699 5065 1969 5164 primae

66 5161 390 5263 Bs‘r’sffopfflss,
423 5176 840 5275 opinionis,
923 5182 1233 5277 quando
1309 5180 1660 5278 arguitur
1763 5182 1969 5281 quod

325 5369 328 5372 ,
422 5295 950 5370 subalternata
978 5297 1301 5373 scientia
1333 5298 1795 5396 inquantum
1833 5300 1973 5372 hu-

414 5411 784 5509 jusmodi,
823 5424 937 5489 est
968 5415 1315 5510 scientia,
1352 5425 1427 5491 et
1471 5426 1548 5491 ut
1601 5417 1737 5511 sic,
1804 5403 1993 5491 crc-'

425 5529 531 5603 dit
600 5541 674 5606 et
739 5533 1106 5630 supponit
1181 5533 1561 5632 principia
1623 5534 1975 5609 demons-

425 5645 704 5724 trativa
744 5648 820 5724 in
856 5649 1006 5725 alia
1038 5649 1384 5747 scientia,
1430 5650 1600 5725 dico
1643 5652 1845 5749 quod
1881 5674 1973 5726 ex

153 3222 160 3226 ’
192 3221 301 3289 22.

73 3339 218 3389 Reno
232 3339 365 3390 lulio

101 3403 361 3454 Doctoris.

3503 426 3631 496 457

2088 596 2231 668 hoc
2260 594 2454 669 bene
2485 594 2970 669 concluditur
3000 597 3206 694 quod
3239 605 3353 672 est
3391 597 3633 673 scien-

2084 709 2189 784 tia
2230 710 2534 807 proprie
2577 710 2803 804 dicta,
2868 711 3052 809 quia
3099 712 3398 787 reducit
3450 736 3633 787 suas

2083 826 2624 903 conclusiones
2701 828 2793 902 ad
2875 827 3281 927 principia,
3370 838 3625 904 tamen

2083 944 2402 1042 probata
2463 944 2535 1018 in
2600 945 2751 1021 alia
2803 945 3149 1021 scientia.
3242 946 3392 1021 Sed
3460 949 3627 1021 haec

2083 1062 2405 1136 scientia
2434 1062 2870 1160 Theologiae
2906 1087 3058 1137 non
3102 1072 3354 1163 potest
3387 1064 3628 1139 dedu-

2082 1202 2256 1254 cere
2289 1179 2857 1274 conclusioneS,
2912 1191 2983 1255 et
3044 1205 3185 1256 sua
3247 1180 3628 1280 principia

2082 1296 2177 1371 ad
2218 1296 2347 1371 illa
2378 1320 2422 1371 a
2453 1298 2737 1394 quibus
2769 1298 3342 1373 demonstratur
3383 1325 3403 1394 3
3468 1323 3626 1373 non

2079 1412 2285 1486 enim
2334 1422 2580 1509 potest
2606 1414 2886 1511 aliquis
2923 1416 3166 1489 facere
3200 1415 3347 1489 sibi
3387 1415 3627 1490 scien-

2079 1530 2292 1624 tiam,
2344 1531 2489 1605 nisi
2544 1542 3019 1628 cognoscens
3069 1532 3200 1606 illa
3248 1531 3628 1631 principia

2078 1647 2351 1744 prima,
2398 1658 2472 1723 et
2519 1648 2691 1723 talis
2744 1650 3008 1724 nullus
3055 1660 3169 1724 est
3217 1649 3364 1724 nisi
3416 1673 3624 1724 com-

2076 1765 2530 1861 prehensor.

2175 1892 2286 1966 Ad
2370 1893 2826 1986 secundum,
2909 1893 3319 1969 dicendum
3417 1894 3616 1991 quod
3770 1949 3957 1986 seeun-

2077 2032 2232 2083 non
2312 2011 2662 2107 sequitur
2757 2012 2961 2107 quod
3048 2011 3617 2110 PerspectivuS,
3748 1998 3892 2051 ⁶⁰¹³·

2078 2135 2220 2201 etc.
2310 2126 2849 2226 Perspectivus
2953 2128 3159 2203 enim
3256 2153 3412 2203 non
3509 2138 3624 2203 est

2078 2246 2331 2321 sciens
2390 2246 2539 2320 nisi
2580 2247 2676 2321 sit
2716 2247 3147 2341 Geometer,
3207 2248 3391 2346 quia
3429 2246 3623 2322 Per-

2077 2361 2419 2458 spectiva
2448 2386 2599 2435 non
2648 2370 2762 2437 est
2792 2361 3138 2454 scientia,
3167 2362 3312 2437 nisi
3344 2386 3620 2438 cause-

2082 2485 2202 2550 tur
2268 2477 2363 2552 ab
2430 2478 2755 2576 objecto,
2833 2480 2955 2553 vel
3043 2503 3088 2554 a
3150 2478 3528 2578 principio
3580 2501 3625 2552 a

2077 2615 2232 2689 quo
2274 2593 2705 2688 deducitur,
2759 2603 2833 2669 et
2889 2593 3061 2669 ideo
3113 2618 3283 2670 cum
3346 2595 3629 2692 depen-

2078 2710 2253 2785 deat
2284 2735 2327 2786 a
2369 2711 2802 2787 Geometria
2851 2714 3276 2788 secundum
3333 2709 3624 2811 princi·

2077 2827 2204 2926 pia
2237 2852 2403 2916 sua,
2451 2854 2606 2903 non
2650 2830 2792 2904 erit
2824 2829 3317 2928 Perspectiva
3369 2828 3625 2904 scien-

2077 2942 2209 3037 tia,
2292 2943 2441 3018 nisi
2512 2953 2874 3020 causetur
2939 2969 2983 3020 a
3050 2944 3514 3038 Geometria,
3551 2951 3625 3018 et

2078 3061 2250 3136 ideo
2332 3063 2594 3136 nullus
2675 3072 2790 3138 est
2883 3063 3451 3161 Perspectixf-us,
3542 3069 3627 3135 ut

2079 3180 2332 3254 sciens
2396 3204 2591 3279 eam,
2669 3181 2804 3256 sed
2883 3191 2964 3255 ut
3061 3182 3384 3256 credens
3458 3203 3624 3255 eam

2078 3305 2404 3390 tantum,
2444 3296 2590 3372 nisi
2625 3308 2986 3372 causetur
3017 3297 3287 3372 notitia
3337 3295 3630 3396 princi-

2077 3413 2381 3512 piorum
2417 3414 2494 3487 in
2538 3415 2697 3509 illo,
2733 3413 2809 3488 in
2856 3414 3235 3514 superiori
3277 3413 3622 3490 scientia.

2177 3532 2288 3605 Ad
2348 3532 2687 3626 tertium,
2751 3532 3163 3608 dicendum
3235 3533 3438 3630 quod
3505 3533 3627 3607 in-

2081 3649 2338 3723 ductio
2371 3659 2620 3747 potest
2659 3649 2900 3747 accipi
2935 3650 3346 3748 dupliciter
3390 3673 3404 3725 :
3454 3649 3625 3724 Uno
3721 3605 3937 3772 Affir-

2079 3765 2334 3858 modO,
2421 3776 2500 3839 ut
2557 3775 2669 3839 est
2730 3765 3027 3863 species
3097 3765 3534 3861 argumenti
3601 3794 3618 3860 ;
3690 3783 3947 3859 uuquam·

2080 3881 2231 3955 alio
2278 3882 2500 3956 modo
2543 3906 2680 3980 pro
2722 3882 3247 3981 acceptatione
3280 3883 3625 3979 singula·
3658 3849 3951 3984 dudssfsste‘ssf

2078 3999 2279 4072 rium
2350 4022 2394 4073 a
2442 4022 2702 4075 sensu.
2776 3999 3035 4074 Primo
3124 4001 3348 4075 modo
3434 3999 3625 4075 acci·
3681 3973 3944 4108 „gfff-2}

2077 4116 2361 4213 piendo
2416 4116 2964 4212 inductionem,
3020 4131 3443 4216 nunquam·
3478 4118 3623 4192 ali·
3654 4105 3976 4220 nffiffiffiss„

2079 4235 2286 4332 quod
2313 4232 2780 4332 principium
2825 4244 3093 4309 notum
3124 4257 3218 4310 ex
3272 4234 3623 4309 terminis
3655 4223 3954 4343 tfiffiss‘ciifgl

2079 4351 2570 4449 cognoscitur
2636 4376 2773 4450 per
2825 4351 3378 4440 inductionem,
3442 4352 3626 4449 quia
3742 4350 3909 4403 ²³⁰⁰*-

2079 4468 2255 4543 talis
2324 4468 2681 4568 principii
2750 4494 2901 4545 non
2975 4477 3156 4544 sunt
3248 4468 3626 4568 principia

2080 4585 2365 4685 priora,
2404 4586 2534 4661 sed
2574 4596 2823 4661 tamen
2859 4587 3204 4661 noscitur
3243 4609 3334 4662 ex
3365 4584 3629 4662 termi-

2082 4705 2228 4779 nis.
2292 4703 2513 4780 Unde
2562 4707 2728 4780 haec
2790 4705 3250 4781 universalis
3313 4729 3327 4780 :
3390 4704 3631 4780 Omne

2081 4830 2320 4898 totum
2364 4830 2478 4897 est·
2504 4825 2757 4924 majus
2786 4849 2928 4898 seca
2946 4831 3203 4922 parte,
3240 4833 3353 4899 est
3383 4823 3632 4923 primo

2083 4951 2160 5018 et
2225 4965 2362 5042 per
2425 4966 2505 5017 se
2561 4953 2743 5018 nota
2800 4971 2818 5037 3
2882 4966 3024 5017 nec
3086 4942 3421 5018 assentio
3490 4938 3629 5036 illi,

2086 5063 2270 5160 quia
2328 5062 2667 5138 assentio
2722 5062 2902 5137 huic
2940 5086 2953 5137 ε
2994 5062 3162 5137 Hoc
3222 5068 3459 5137 totum
3530 5068 3640 5135 est

2088 5181 2340 5279 majus
2377 5204 2519 5254 sua
2533 5186 2788 5277 parte,
2828 5179 2997 5254 ideo
3031 5179 3341 5278 quando
3384 5202 3640 5253 assen-

2088 5295 2273 5369 titur
2332 5296 2563 5370 alicui
2631 5295 2879 5393 primo
2976 5294 3382 5393 principio,
3480 5317 3635 5366 non

2086 5414 2505 5489 assentitur
2548 5414 2653 5486 illi
2686 5437 2825 5513 per
2876 5412 3430 5505 inductionem,
3494 5411 3638 5486 isto

2087 5532 2317 5605 modo
2407 5530 2785 5606 sumendo
2867 5530 3417 5605 inductionem.
3491 5528 3640 5603 Sed

2087 5670 2218 5724 sec
2236 5648 2442 5723 undo
2477 5647 2703 5722 modo
2737 5645 3079 5723 inductio
3129 5655 3243 5722 est
3283 5667 3643 5722 necessa-
