<?xml version="1.0" encoding="UTF-8"?>
<!DOCTYPE html PUBLIC "-//W3C//DTD XHTML 1.0 Transitional//EN"
    "http://www.w3.org/TR/xhtml1/DTD/xhtml1-transitional.dtd">
<html xmlns="http://www.w3.org/1999/xhtml" xml:lang="en" lang="en">
 <head>
  <title>
</title>
<meta http-equiv="Content-Type" content="text/html;charset=utf-8" />
  <meta name='ocr-system' content='tesseract 3.04.00' />
  <meta name='ocr-capabilities' content='ocr_page ocr_carea ocr_par ocr_line ocrx_word'/>
</head>
<body>
  <div class='ocr_page' id='page_1' title='image "./joannisdunsscot00waddgoog_0574.png"; bbox 0 0 4295 6326; ppageno 0'>
   <div class='ocr_carea' id='block_1_1' title="bbox 411 3096 492 3162">
    <p class='ocr_par' dir='ltr' id='par_1_1' title="bbox 411 3096 492 3162">
     <span class='ocr_line' id='line_1_1' title="bbox 411 3096 492 3162; baseline 0 0"><span class='ocrx_word' id='word_1_1' title='bbox 411 3096 492 3162; x_wconf 84' lang='lat'><strong>10</strong></span> 
     </span>
    </p>
   </div>
   <div class='ocr_carea' id='block_1_2' title="bbox 299 3213 617 3404">
    <p class='ocr_par' dir='ltr' id='par_1_2' title="bbox 299 3213 617 3404">
     <span class='ocr_line' id='line_1_2' title="bbox 301 3213 617 3287; baseline 0.003 -24"><span class='ocrx_word' id='word_1_2' title='bbox 301 3213 379 3263; x_wconf 78' lang='lat' dir='ltr'><strong>Ad</strong></span> <span class='ocrx_word' id='word_1_3' title='bbox 412 3226 617 3287; x_wconf 65' lang='lat' dir='ltr'><strong>argum.</strong></span> 
     </span>
     <span class='ocr_line' id='line_1_3' title="bbox 346 3289 578 3336; baseline -0.009 -11"><span class='ocrx_word' id='word_1_4' title='bbox 346 3289 578 3336; x_wconf 76' lang='lat' dir='ltr'><strong>primum</strong></span> 
     </span>
     <span class='ocr_line' id='line_1_4' title="bbox 299 3338 615 3404; baseline -0.006 -16"><span class='ocrx_word' id='word_1_5' title='bbox 299 3338 615 3404; x_wconf 75' lang='lat' dir='ltr'><strong>principale.</strong></span> 
     </span>
    </p>
   </div>
   <div class='ocr_carea' id='block_1_3' title="bbox 307 5633 599 5753">
    <p class='ocr_par' dir='ltr' id='par_1_3' title="bbox 307 5633 599 5753">
     <span class='ocr_line' id='line_1_5' title="bbox 307 5633 599 5687; baseline 0.014 -5"><span class='ocrx_word' id='word_1_6' title='bbox 307 5633 389 5682; x_wconf 86' lang='lat' dir='ltr'><strong>Ad</strong></span> <span class='ocrx_word' id='word_1_7' title='bbox 414 5648 599 5687; x_wconf 79' lang='lat' dir='ltr'><strong>secun-</strong></span> 
     </span>
     <span class='ocr_line' id='line_1_6' title="bbox 404 5699 551 5753; baseline 0.034 -5"><span class='ocrx_word' id='word_1_8' title='bbox 404 5699 551 5753; x_wconf 90' lang='lat' dir='ltr'><strong>dum.</strong></span> 
     </span>
    </p>
   </div>
   <div class='ocr_carea' id='block_1_4' title="bbox 629 445 759 514">
    <p class='ocr_par' dir='ltr' id='par_1_4' title="bbox 629 445 759 514">
     <span class='ocr_line' id='line_1_7' title="bbox 629 445 759 514; baseline -0.008 -1"><span class='ocrx_word' id='word_1_9' title='bbox 629 445 759 514; x_wconf 74' lang='lat'><strong>550</strong></span> 
     </span>
    </p>
   </div>
   <div class='ocr_carea' id='block_1_5' title="bbox 633 622 2190 3034">
    <p class='ocr_par' dir='ltr' id='par_1_5' title="bbox 633 622 2190 3034">
     <span class='ocr_line' id='line_1_8' title="bbox 634 622 2179 728; baseline 0.003 -31"><span class='ocrx_word' id='word_1_10' title='bbox 634 623 797 697; x_wconf 92' lang='lat' dir='ltr'><strong>sius</strong></span> <span class='ocrx_word' id='word_1_11' title='bbox 837 622 1064 721; x_wconf 88' lang='lat' dir='ltr'><strong>signi,</strong></span> <span class='ocrx_word' id='word_1_12' title='bbox 1110 625 1400 701; x_wconf 89' lang='lat' dir='ltr'><strong>scilicet</strong></span> <span class='ocrx_word' id='word_1_13' title='bbox 1423 652 1559 726; x_wconf 89' lang='lat' dir='ltr'><strong>pro</strong></span> <span class='ocrx_word' id='word_1_14' title='bbox 1592 628 1965 720; x_wconf 82' lang='lat' dir='ltr'><strong>sensibili,</strong></span> <span class='ocrx_word' id='word_1_15' title='bbox 1995 629 2179 728; x_wconf 90' lang='lat' dir='ltr'><strong>quia</strong></span> 
     </span>
     <span class='ocr_line' id='line_1_9' title="bbox 633 740 2177 841; baseline 0.006 -29"><span class='ocrx_word' id='word_1_16' title='bbox 633 740 847 814; x_wconf 83' lang='lat' dir='ltr'><strong>visus</strong></span> <span class='ocrx_word' id='word_1_17' title='bbox 902 752 1214 841; x_wconf 88' lang='lat' dir='ltr'><strong>propter</strong></span> <span class='ocrx_word' id='word_1_18' title='bbox 1260 746 1427 841; x_wconf 90' lang='lat' dir='ltr'><strong>ejus</strong></span> <span class='ocrx_word' id='word_1_19' title='bbox 1494 747 2024 821; x_wconf 87' lang='lat' dir='ltr'><strong>excellentiam</strong></span> <span class='ocrx_word' id='word_1_20' title='bbox 2083 747 2177 821; x_wconf 85' lang='lat' dir='ltr'><strong>ad</strong></span> 
     </span>
     <span class='ocr_line' id='line_1_10' title="bbox 635 857 2178 962; baseline 0.005 -32"><span class='ocrx_word' id='word_1_21' title='bbox 635 857 827 931; x_wconf 91' lang='lat' dir='ltr'><strong>alios</strong></span> <span class='ocrx_word' id='word_1_22' title='bbox 903 882 1179 934; x_wconf 89' lang='lat' dir='ltr'><strong>sensus</strong></span> <span class='ocrx_word' id='word_1_23' title='bbox 1248 867 1363 954; x_wconf 88' lang='lat' dir='ltr'><strong>(ut</strong></span> <span class='ocrx_word' id='word_1_24' title='bbox 1437 865 1694 959; x_wconf 75' lang='lat' dir='ltr'><strong>primo</strong></span> <span class='ocrx_word' id='word_1_25' title='bbox 1770 864 2178 962; x_wconf 77' lang='lat' dir='ltr'><strong>Metaphy-</strong></span> 
     </span>
     <span class='ocr_line' id='line_1_11' title="bbox 634 974 2178 1079; baseline 0.004 -31"><span class='ocrx_word' id='word_1_26' title='bbox 634 974 839 1063; x_wconf 73' lang='lat' dir='ltr'><strong>sicae,</strong></span> <span class='ocrx_word' id='word_1_27' title='bbox 890 982 1071 1050; x_wconf 70' lang='lat' dir='ltr'><strong>tesct.</strong></span> <span class='ocrx_word' id='word_1_28' title='bbox 1129 978 1197 1051; x_wconf 85' lang='lat'><strong>3.</strong></span> <span class='ocrx_word' id='word_1_29' title='bbox 1247 979 1553 1073; x_wconf 90' lang='lat' dir='ltr'><strong>dicitur)</strong></span> <span class='ocrx_word' id='word_1_30' title='bbox 1621 981 1991 1079; x_wconf 79' lang='lat' dir='ltr'><strong>accipitur</strong></span> <span class='ocrx_word' id='word_1_31' title='bbox 2040 1005 2178 1079; x_wconf 88' lang='lat' dir='ltr'><strong>pro</strong></span> 
     </span>
     <span class='ocr_line' id='line_1_12' title="bbox 638 1092 2181 1196; baseline 0.005 -31"><span class='ocrx_word' id='word_1_32' title='bbox 638 1092 846 1166; x_wconf 88' lang='lat' dir='ltr'><strong>omni</strong></span> <span class='ocrx_word' id='word_1_33' title='bbox 891 1117 1161 1187; x_wconf 91' lang='lat' dir='ltr'><strong>sensu,</strong></span> <span class='ocrx_word' id='word_1_34' title='bbox 1199 1097 1613 1172; x_wconf 76' lang='lat' dir='ltr'><strong>invisibilis</strong></span> <span class='ocrx_word' id='word_1_35' title='bbox 1649 1101 1924 1196; x_wconf 60' lang='lat' dir='ltr'><strong>qratia?</strong></span> <span class='ocrx_word' id='word_1_36' title='bbox 1975 1099 2181 1173; x_wconf 85' lang='lat' dir='ltr'><strong>acci-</strong></span> 
     </span>
     <span class='ocr_line' id='line_1_13' title="bbox 636 1209 2179 1311; baseline 0.005 -31"><span class='ocrx_word' id='word_1_37' title='bbox 636 1209 842 1306; x_wconf 89' lang='lat' dir='ltr'><strong>pitur</strong></span> <span class='ocrx_word' id='word_1_38' title='bbox 929 1236 1066 1309; x_wconf 88' lang='lat' dir='ltr'><strong>pro</strong></span> <span class='ocrx_word' id='word_1_39' title='bbox 1171 1214 1626 1289; x_wconf 76' lang='lat' dir='ltr'><strong>correlative</strong></span> <span class='ocrx_word' id='word_1_40' title='bbox 1725 1226 1798 1290; x_wconf 87' lang='lat' dir='ltr'><strong>et</strong></span> <span class='ocrx_word' id='word_1_41' title='bbox 1878 1217 2179 1311; x_wconf 88' lang='lat' dir='ltr'><strong>signato</strong></span> 
     </span>
     <span class='ocr_line' id='line_1_14' title="bbox 636 1324 2182 1422; baseline 0.005 -25"><span class='ocrx_word' id='word_1_42' title='bbox 636 1324 880 1422; x_wconf 90' lang='lat' dir='ltr'><strong>ipsius</strong></span> <span class='ocrx_word' id='word_1_43' title='bbox 921 1326 1148 1422; x_wconf 91' lang='lat' dir='ltr'><strong>signi.</strong></span> <span class='ocrx_word' id='word_1_44' title='bbox 1198 1328 1585 1404; x_wconf 82' lang='lat' dir='ltr'><strong>Deficiunt</strong></span> <span class='ocrx_word' id='word_1_45' title='bbox 1643 1339 1897 1405; x_wconf 87' lang='lat' dir='ltr'><strong>autem</strong></span> <span class='ocrx_word' id='word_1_46' title='bbox 1976 1329 2182 1404; x_wconf 82' lang='lat' dir='ltr'><strong>diffe-</strong></span> 
     </span>
     <span class='ocr_line' id='line_1_15' title="bbox 637 1442 2182 1540; baseline 0.006 -28"><span class='ocrx_word' id='word_1_47' title='bbox 637 1442 936 1530; x_wconf 60' lang='lat' dir='ltr'><strong>rendae,</strong></span> <span class='ocrx_word' id='word_1_48' title='bbox 984 1454 1058 1518; x_wconf 89' lang='lat' dir='ltr'><strong>et</strong></span> <span class='ocrx_word' id='word_1_49' title='bbox 1131 1445 1192 1518; x_wconf 92' lang='lat' dir='ltr'><strong>si</strong></span> <span class='ocrx_word' id='word_1_50' title='bbox 1238 1446 1646 1540; x_wconf 82' lang='lat' dir='ltr'>addantur,</span> <span class='ocrx_word' id='word_1_51' title='bbox 1683 1447 1951 1522; x_wconf 90' lang='lat' dir='ltr'><strong>eadem</strong></span> <span class='ocrx_word' id='word_1_52' title='bbox 2004 1445 2182 1521; x_wconf 84' lang='lat' dir='ltr'><strong>defi-</strong></span> 
     </span>
     <span class='ocr_line' id='line_1_16' title="bbox 636 1559 2184 1658; baseline 0.004 -27"><span class='ocrx_word' id='word_1_53' title='bbox 636 1559 827 1633; x_wconf 90' lang='lat' dir='ltr'><strong>nitio</strong></span> <span class='ocrx_word' id='word_1_54' title='bbox 870 1560 1010 1634; x_wconf 89' lang='lat' dir='ltr'><strong>erit</strong></span> <span class='ocrx_word' id='word_1_55' title='bbox 1042 1585 1216 1634; x_wconf 90' lang='lat' dir='ltr'><strong>cum</strong></span> <span class='ocrx_word' id='word_1_56' title='bbox 1253 1563 1379 1636; x_wconf 81' lang='lat' dir='ltr'><strong>illa</strong></span> <span class='ocrx_word' id='word_1_57' title='bbox 1418 1563 1585 1658; x_wconf 85' lang='lat' dir='ltr'><strong>jam</strong></span> <span class='ocrx_word' id='word_1_58' title='bbox 1613 1564 1812 1651; x_wconf 87' lang='lat' dir='ltr'><strong>data,</strong></span> <span class='ocrx_word' id='word_1_59' title='bbox 1867 1573 1947 1636; x_wconf 88' lang='lat' dir='ltr'><strong>ut</strong></span> <span class='ocrx_word' id='word_1_60' title='bbox 1985 1564 2184 1637; x_wconf 88' lang='lat' dir='ltr'><strong>dica·</strong></span> 
     </span>
     <span class='ocr_line' id='line_1_17' title="bbox 640 1675 2183 1773; baseline 0.003 -25"><span class='ocrx_word' id='word_1_61' title='bbox 640 1686 765 1749; x_wconf 91' lang='lat' dir='ltr'><strong>tur</strong></span> <span class='ocrx_word' id='word_1_62' title='bbox 795 1676 1000 1773; x_wconf 91' lang='lat' dir='ltr'><strong>quod</strong></span> <span class='ocrx_word' id='word_1_63' title='bbox 1037 1675 1626 1754; x_wconf 75' lang='lat' dir='ltr'><em>Sacramentum</em></span> <span class='ocrx_word' id='word_1_64' title='bbox 1677 1689 1785 1753; x_wconf 77' lang='lat' dir='ltr'><strong>est</strong></span> <span class='ocrx_word' id='word_1_65' title='bbox 1825 1678 2183 1754; x_wconf 74' lang='lat' dir='ltr'><strong>invisibi-</strong></span> 
     </span>
     <span class='ocr_line' id='line_1_18' title="bbox 641 1794 2181 1897; baseline 0.001 -28"><span class='ocrx_word' id='word_1_66' title='bbox 641 1794 737 1869; x_wconf 77' lang='lat' dir='ltr'><strong>lis</strong></span> <span class='ocrx_word' id='word_1_67' title='bbox 764 1797 1039 1893; x_wconf 75' lang='lat' dir='ltr'><strong>qratiae</strong></span> <span class='ocrx_word' id='word_1_68' title='bbox 1084 1796 1412 1872; x_wconf 78' lang='lat' dir='ltr'><strong>visibilis</strong></span> <span class='ocrx_word' id='word_1_69' title='bbox 1440 1799 1724 1897; x_wconf 76' lang='lat' dir='ltr'><strong>forma,</strong></span> <span class='ocrx_word' id='word_1_70' title='bbox 1762 1799 1836 1871; x_wconf 86' lang='lat' dir='ltr'><strong>id</strong></span> <span class='ocrx_word' id='word_1_71' title='bbox 1899 1810 2036 1893; x_wconf 88' lang='lat' dir='ltr'><strong>est,</strong></span> <span class='ocrx_word' id='word_1_72' title='bbox 2074 1798 2181 1872; x_wconf 90' lang='lat' dir='ltr'><strong>si-</strong></span> 
     </span>
     <span class='ocr_line' id='line_1_19' title="bbox 637 1915 2174 2013; baseline 0.002 -27"><span class='ocrx_word' id='word_1_73' title='bbox 637 1937 877 2009; x_wconf 90' lang='lat' dir='ltr'><strong>gnum</strong></span> <span class='ocrx_word' id='word_1_74' title='bbox 942 1915 1334 2008; x_wconf 81' lang='lat' dir='ltr'><strong>sensibile,</strong></span> <span class='ocrx_word' id='word_1_75' title='bbox 1387 1940 1541 1990; x_wconf 90' lang='lat' dir='ltr'><strong>nou</strong></span> <span class='ocrx_word' id='word_1_76' title='bbox 1602 1916 2174 2013; x_wconf 85' lang='lat' dir='ltr'><strong>quodcumque,</strong></span> 
     </span>
     <span class='ocr_line' id='line_1_20' title="bbox 638 2028 2184 2106; baseline 0.001 -3"><span class='ocrx_word' id='word_1_77' title='bbox 638 2028 770 2103; x_wconf 93' lang='lat' dir='ltr'><strong>sed</strong></span> <span class='ocrx_word' id='word_1_78' title='bbox 822 2053 916 2103; x_wconf 85' lang='lat' dir='ltr'><strong>ex</strong></span> <span class='ocrx_word' id='word_1_79' title='bbox 983 2030 1461 2106; x_wconf 86' lang='lat' dir='ltr'><strong>institutione</strong></span> <span class='ocrx_word' id='word_1_80' title='bbox 1513 2032 1889 2106; x_wconf 81' lang='lat' dir='ltr'><strong>veraciter</strong></span> <span class='ocrx_word' id='word_1_81' title='bbox 1941 2042 2015 2105; x_wconf 89' lang='lat' dir='ltr'><strong>et</strong></span> <span class='ocrx_word' id='word_1_82' title='bbox 2060 2031 2184 2105; x_wconf 90' lang='lat' dir='ltr'><strong>de-</strong></span> 
     </span>
     <span class='ocr_line' id='line_1_21' title="bbox 639 2146 2182 2243; baseline 0.001 -26"><span class='ocrx_word' id='word_1_83' title='bbox 639 2146 1138 2220; x_wconf 87' lang='lat' dir='ltr'><strong>monstrative</strong></span> <span class='ocrx_word' id='word_1_84' title='bbox 1172 2147 1493 2241; x_wconf 77' lang='lat' dir='ltr'><strong>gratiam</strong></span> <span class='ocrx_word' id='word_1_85' title='bbox 1543 2148 1862 2243; x_wconf 88' lang='lat' dir='ltr'><strong>signans</strong></span> <span class='ocrx_word' id='word_1_86' title='bbox 1912 2146 2182 2221; x_wconf 90' lang='lat' dir='ltr'><strong>invisi-</strong></span> 
     </span>
     <span class='ocr_line' id='line_1_22' title="bbox 638 2250 2188 2353; baseline 0.001 -20"><span class='ocrx_word' id='word_1_87' title='bbox 638 2261 872 2335; x_wconf 86' lang='lat' dir='ltr'><strong>bilem</strong></span> <span class='ocrx_word' id='word_1_88' title='bbox 945 2288 962 2353; x_wconf 92' lang='lat'>;</span> <span class='ocrx_word' id='word_1_89' title='bbox 1036 2270 1109 2334; x_wconf 91' lang='lat' dir='ltr'><strong>et</strong></span> <span class='ocrx_word' id='word_1_90' title='bbox 1186 2264 1383 2335; x_wconf 90' lang='lat' dir='ltr'><strong>hanc</strong></span> <span class='ocrx_word' id='word_1_91' title='bbox 1464 2250 1991 2337; x_wconf 84' lang='lat' dir='ltr'><strong>definitionem</strong></span> <span class='ocrx_word' id='word_1_92' title='bbox 2066 2287 2188 2337; x_wconf 84' lang='lat' dir='ltr'><strong>ex-</strong></span> 
     </span>
     <span class='ocr_line' id='line_1_23' title="bbox 640 2377 2186 2477; baseline 0.002 -29"><span class='ocrx_word' id='word_1_93' title='bbox 640 2377 917 2474; x_wconf 81' lang='lat' dir='ltr'><strong>pressit</strong></span> <span class='ocrx_word' id='word_1_94' title='bbox 946 2378 1314 2475; x_wconf 78' lang='lat' dir='ltr'><strong>Magister</strong></span> <span class='ocrx_word' id='word_1_95' title='bbox 1336 2403 1507 2453; x_wconf 91' lang='lat' dir='ltr'><strong>cum</strong></span> <span class='ocrx_word' id='word_1_96' title='bbox 1555 2380 1742 2452; x_wconf 87' lang='lat' dir='ltr'><strong>dixit</strong></span> <span class='ocrx_word' id='word_1_97' title='bbox 1771 2380 1975 2477; x_wconf 86' lang='lat' dir='ltr'><strong>quod</strong></span> <span class='ocrx_word' id='word_1_98' title='bbox 2021 2402 2186 2477; x_wconf 88' lang='lat' dir='ltr'><strong>pro-</strong></span> 
     </span>
     <span class='ocr_line' id='line_1_24' title="bbox 641 2493 2184 2593; baseline 0.002 -28"><span class='ocrx_word' id='word_1_99' title='bbox 641 2493 804 2591; x_wconf 92' lang='lat' dir='ltr'><strong>prie</strong></span> <span class='ocrx_word' id='word_1_100' title='bbox 882 2493 1467 2569; x_wconf 79' lang='lat' dir='ltr'><strong>Sacramentum</strong></span> <span class='ocrx_word' id='word_1_101' title='bbox 1529 2495 1806 2569; x_wconf 86' lang='lat' dir='ltr'><strong>dicitur</strong></span> <span class='ocrx_word' id='word_1_102' title='bbox 1879 2496 2184 2593; x_wconf 71' lang='lat' dir='ltr'><strong>siquam</strong></span> 
     </span>
     <span class='ocr_line' id='line_1_25' title="bbox 642 2609 2185 2708; baseline 0.002 -25"><span class='ocrx_word' id='word_1_103' title='bbox 642 2609 1056 2685; x_wconf 71' lang='lat' dir='ltr'><strong>invisibilis</strong></span> <span class='ocrx_word' id='word_1_104' title='bbox 1102 2613 1398 2708; x_wconf 72' lang='lat' dir='ltr'><strong>qratiae,</strong></span> <span class='ocrx_word' id='word_1_105' title='bbox 1437 2618 1521 2685; x_wconf 75' lang='lat' dir='ltr'><strong>ut</strong></span> <span class='ocrx_word' id='word_1_106' title='bbox 1559 2613 1723 2707; x_wconf 78' lang='lat' dir='ltr'><strong>ejus</strong></span> <span class='ocrx_word' id='word_1_107' title='bbox 1770 2613 2185 2708; x_wconf 73' lang='lat' dir='ltr'><strong>imaqinem</strong></span> 
     </span>
     <span class='ocr_line' id='line_1_26' title="bbox 639 2728 2182 2823; baseline 0.001 -24"><span class='ocrx_word' id='word_1_108' title='bbox 639 2732 880 2823; x_wconf 72' lang='lat' dir='ltr'><strong>qerat,</strong></span> <span class='ocrx_word' id='word_1_109' title='bbox 989 2734 1062 2801; x_wconf 85' lang='lat' dir='ltr'><strong>et</strong></span> <span class='ocrx_word' id='word_1_110' title='bbox 1152 2752 1381 2803; x_wconf 77' lang='lat' dir='ltr'><strong>causa</strong></span> <span class='ocrx_word' id='word_1_111' title='bbox 1475 2730 1776 2816; x_wconf 68' lang='lat' dir='ltr'><strong>existat,</strong></span> <span class='ocrx_word' id='word_1_112' title='bbox 1886 2728 1961 2801; x_wconf 92' lang='lat' dir='ltr'><strong>id</strong></span> <span class='ocrx_word' id='word_1_113' title='bbox 2042 2737 2182 2815; x_wconf 88' lang='lat' dir='ltr'><strong>est,</strong></span> 
     </span>
     <span class='ocr_line' id='line_1_27' title="bbox 644 2842 2190 2944; baseline 0.002 -29"><span class='ocrx_word' id='word_1_114' title='bbox 644 2842 1057 2919; x_wconf 84' lang='lat' dir='ltr'><strong>efficaciter</strong></span> <span class='ocrx_word' id='word_1_115' title='bbox 1086 2868 1255 2920; x_wconf 89' lang='lat' dir='ltr'><strong>eam</strong></span> <span class='ocrx_word' id='word_1_116' title='bbox 1289 2846 1606 2941; x_wconf 89' lang='lat' dir='ltr'><strong>signans</strong></span> <span class='ocrx_word' id='word_1_117' title='bbox 1632 2855 1707 2920; x_wconf 89' lang='lat' dir='ltr'><strong>et</strong></span> <span class='ocrx_word' id='word_1_118' title='bbox 1754 2869 2190 2944; x_wconf 71' lang='lat' dir='ltr'><strong>repraesen-</strong></span> 
     </span>
     <span class='ocr_line' id='line_1_28' title="bbox 645 2968 844 3034; baseline 0.015 -3"><span class='ocrx_word' id='word_1_119' title='bbox 645 2968 844 3034; x_wconf 88' lang='lat' dir='ltr'><strong>tans.</strong></span> 
     </span>
    </p>
   </div>
   <div class='ocr_carea' id='block_1_6' title="bbox 746 3077 2187 3178">
    <p class='ocr_par' dir='ltr' id='par_1_6' title="bbox 746 3077 2187 3178">
     <span class='ocr_line' id='line_1_29' title="bbox 746 3077 2187 3178; baseline 0 -26"><span class='ocrx_word' id='word_1_120' title='bbox 746 3078 858 3152; x_wconf 92' lang='lat' dir='ltr'><strong>Ad</strong></span> <span class='ocrx_word' id='word_1_121' title='bbox 910 3077 1234 3177; x_wconf 87' lang='lat' dir='ltr'><strong>primam</strong></span> <span class='ocrx_word' id='word_1_122' title='bbox 1307 3080 1682 3155; x_wconf 87' lang='lat' dir='ltr'><strong>rationem</strong></span> <span class='ocrx_word' id='word_1_123' title='bbox 1753 3080 1922 3154; x_wconf 92' lang='lat' dir='ltr'><strong>dico</strong></span> <span class='ocrx_word' id='word_1_124' title='bbox 1982 3080 2187 3178; x_wconf 90' lang='lat' dir='ltr'><strong>quod</strong></span> 
     </span>
    </p>
   </div>
   <div class='ocr_carea' id='block_1_7' title="bbox 649 3196 2196 3516">
    <p class='ocr_par' dir='ltr' id='par_1_7' title="bbox 649 3196 2196 3516">
     <span class='ocr_line' id='line_1_30' title="bbox 653 3196 2195 3271; baseline 0.001 -4"><span class='ocrx_word' id='word_1_125' title='bbox 653 3196 905 3271; x_wconf 90' lang='lat' dir='ltr'><strong>minor</strong></span> <span class='ocrx_word' id='word_1_126' title='bbox 943 3204 1060 3270; x_wconf 88' lang='lat' dir='ltr'><strong>est</strong></span> <span class='ocrx_word' id='word_1_127' title='bbox 1117 3197 1327 3270; x_wconf 87' lang='lat' dir='ltr'><strong>falsa.</strong></span> <span class='ocrx_word' id='word_1_128' title='bbox 1390 3196 1600 3271; x_wconf 90' lang='lat' dir='ltr'><strong>Licet</strong></span> <span class='ocrx_word' id='word_1_129' title='bbox 1656 3197 1859 3271; x_wconf 89' lang='lat' dir='ltr'><strong>enim</strong></span> <span class='ocrx_word' id='word_1_130' title='bbox 1931 3196 2195 3271; x_wconf 88' lang='lat' dir='ltr'><strong>Sacra-</strong></span> 
     </span>
     <span class='ocr_line' id='line_1_31' title="bbox 649 3313 2196 3412; baseline 0 -26"><span class='ocrx_word' id='word_1_131' title='bbox 649 3322 1023 3400; x_wconf 78' lang='lat' dir='ltr'><strong>mentum,</strong></span> <span class='ocrx_word' id='word_1_132' title='bbox 1082 3322 1163 3386; x_wconf 91' lang='lat' dir='ltr'><strong>ut</strong></span> <span class='ocrx_word' id='word_1_133' title='bbox 1203 3313 1562 3412; x_wconf 82' lang='lat' dir='ltr'><strong>importat</strong></span> <span class='ocrx_word' id='word_1_134' title='bbox 1635 3314 1779 3387; x_wconf 87' lang='lat' dir='ltr'><strong>ista</strong></span> <span class='ocrx_word' id='word_1_135' title='bbox 1845 3313 1996 3386; x_wconf 91' lang='lat' dir='ltr'><strong>duo</strong></span> <span class='ocrx_word' id='word_1_136' title='bbox 2029 3313 2196 3387; x_wconf 90' lang='lat' dir='ltr'><strong>fun-</strong></span> 
     </span>
     <span class='ocr_line' id='line_1_32' title="bbox 652 3429 2194 3516; baseline -0.001 -14"><span class='ocrx_word' id='word_1_137' title='bbox 652 3429 1014 3504; x_wconf 89' lang='lat' dir='ltr'><strong>damenta</strong></span> <span class='ocrx_word' id='word_1_138' title='bbox 1056 3453 1234 3503; x_wconf 92' lang='lat' dir='ltr'><strong>cum</strong></span> <span class='ocrx_word' id='word_1_139' title='bbox 1280 3429 1679 3516; x_wconf 76' lang='lat' dir='ltr'><strong>relatione,</strong></span> <span class='ocrx_word' id='word_1_140' title='bbox 1736 3454 1890 3503; x_wconf 91' lang='lat' dir='ltr'><strong>non</strong></span> <span class='ocrx_word' id='word_1_141' title='bbox 1935 3429 2032 3503; x_wconf 89' lang='lat' dir='ltr'><strong>sit</strong></span> <span class='ocrx_word' id='word_1_142' title='bbox 2062 3430 2194 3503; x_wconf 89' lang='lat' dir='ltr'><strong>ali-</strong></span> 
     </span>
    </p>
   </div>
   <div class='ocr_carea' id='block_1_8' title="bbox 640 3547 2196 5398">
    <p class='ocr_par' dir='ltr' id='par_1_8' title="bbox 640 3547 2196 5398">
     <span class='ocr_line' id='line_1_33' title="bbox 646 3547 2188 3643; baseline -0.001 -23"><span class='ocrx_word' id='word_1_143' title='bbox 646 3547 830 3643; x_wconf 86' lang='lat' dir='ltr'><strong>quid</strong></span> <span class='ocrx_word' id='word_1_144' title='bbox 865 3570 1133 3633; x_wconf 89' lang='lat' dir='ltr'><strong>unum,</strong></span> <span class='ocrx_word' id='word_1_145' title='bbox 1168 3547 1352 3643; x_wconf 92' lang='lat' dir='ltr'><strong>quia</strong></span> <span class='ocrx_word' id='word_1_146' title='bbox 1383 3547 1650 3621; x_wconf 90' lang='lat' dir='ltr'><strong>relatio</strong></span> <span class='ocrx_word' id='word_1_147' title='bbox 1684 3547 2000 3621; x_wconf 87' lang='lat' dir='ltr'><strong>rationis</strong></span> <span class='ocrx_word' id='word_1_148' title='bbox 2034 3571 2188 3620; x_wconf 91' lang='lat' dir='ltr'><strong>non</strong></span> 
     </span>
     <span class='ocr_line' id='line_1_34' title="bbox 644 3661 2192 3762; baseline 0.001 -25"><span class='ocrx_word' id='word_1_149' title='bbox 644 3687 902 3762; x_wconf 92' lang='lat' dir='ltr'><strong>perse</strong></span> <span class='ocrx_word' id='word_1_150' title='bbox 961 3661 1282 3736; x_wconf 88' lang='lat' dir='ltr'><strong>includit</strong></span> <span class='ocrx_word' id='word_1_151' title='bbox 1349 3663 1931 3746; x_wconf 82' lang='lat' dir='ltr'><strong>fundamentum</strong></span> <span class='ocrx_word' id='word_1_152' title='bbox 1979 3674 2192 3739; x_wconf 86' lang='lat' dir='ltr'><strong>extra</strong></span> 
     </span>
     <span class='ocr_line' id='line_1_35' title="bbox 643 3779 2186 3877; baseline 0 -22"><span class='ocrx_word' id='word_1_153' title='bbox 643 3780 1009 3868; x_wconf 85' lang='lat' dir='ltr'><strong>animam,</strong></span> <span class='ocrx_word' id='word_1_154' title='bbox 1082 3788 1339 3853; x_wconf 90' lang='lat' dir='ltr'><strong>tamen</strong></span> <span class='ocrx_word' id='word_1_155' title='bbox 1410 3779 1858 3877; x_wconf 90' lang='lat' dir='ltr'><strong>accipiendo</strong></span> <span class='ocrx_word' id='word_1_156' title='bbox 1933 3779 2186 3877; x_wconf 90' lang='lat' dir='ltr'><strong>ipsum</strong></span> 
     </span>
     <span class='ocr_line' id='line_1_36' title="bbox 642 3896 2182 3994; baseline 0 -21"><span class='ocrx_word' id='word_1_157' title='bbox 642 3898 1066 3973; x_wconf 87' lang='lat' dir='ltr'><strong>secundum</strong></span> <span class='ocrx_word' id='word_1_158' title='bbox 1118 3899 1433 3971; x_wconf 89' lang='lat' dir='ltr'><strong>formale</strong></span> <span class='ocrx_word' id='word_1_159' title='bbox 1493 3920 1721 3971; x_wconf 89' lang='lat' dir='ltr'><strong>suum</strong></span> <span class='ocrx_word' id='word_1_160' title='bbox 1763 3896 2182 3994; x_wconf 84' lang='lat' dir='ltr'><strong>signatum,</strong></span> 
     </span>
     <span class='ocr_line' id='line_1_37' title="bbox 645 4015 2190 4112; baseline -0.002 -21"><span class='ocrx_word' id='word_1_161' title='bbox 645 4026 727 4091; x_wconf 90' lang='lat' dir='ltr'><strong>ut</strong></span> <span class='ocrx_word' id='word_1_162' title='bbox 757 4015 936 4091; x_wconf 89' lang='lat' dir='ltr'><strong>dicit</strong></span> <span class='ocrx_word' id='word_1_163' title='bbox 971 4015 1342 4089; x_wconf 85' lang='lat' dir='ltr'><strong>unitatem</strong></span> <span class='ocrx_word' id='word_1_164' title='bbox 1404 4023 1823 4112; x_wconf 91' lang='lat' dir='ltr'><strong>conceptus</strong></span> <span class='ocrx_word' id='word_1_165' title='bbox 1875 4015 2190 4112; x_wconf 87' lang='lat' dir='ltr'><strong>quiddi—</strong></span> 
     </span>
     <span class='ocr_line' id='line_1_38' title="bbox 640 4131 2185 4227; baseline -0.001 -20"><span class='ocrx_word' id='word_1_166' title='bbox 640 4134 815 4208; x_wconf 85' lang='lat' dir='ltr'><strong>tatis</strong></span> <span class='ocrx_word' id='word_1_167' title='bbox 910 4132 987 4205; x_wconf 89' lang='lat' dir='ltr'><strong>in</strong></span> <span class='ocrx_word' id='word_1_168' title='bbox 1112 4131 1534 4220; x_wconf 85' lang='lat' dir='ltr'><strong>intellectu,</strong></span> <span class='ocrx_word' id='word_1_169' title='bbox 1646 4153 1822 4227; x_wconf 81' lang='lat' dir='ltr'><strong>quae</strong></span> <span class='ocrx_word' id='word_1_170' title='bbox 1930 4140 2185 4207; x_wconf 87' lang='lat' dir='ltr'><strong>tamen</strong></span> 
     </span>
     <span class='ocr_line' id='line_1_39' title="bbox 642 4246 2187 4326; baseline -0.003 0"><span class='ocrx_word' id='word_1_171' title='bbox 642 4258 756 4326; x_wconf 90' lang='lat' dir='ltr'><strong>est</strong></span> <span class='ocrx_word' id='word_1_172' title='bbox 877 4248 1143 4323; x_wconf 88' lang='lat' dir='ltr'><strong>relatio</strong></span> <span class='ocrx_word' id='word_1_173' title='bbox 1278 4246 1595 4321; x_wconf 89' lang='lat' dir='ltr'><strong>rationis</strong></span> <span class='ocrx_word' id='word_1_174' title='bbox 1717 4249 1953 4321; x_wconf 87' lang='lat' dir='ltr'><strong>relata</strong></span> <span class='ocrx_word' id='word_1_175' title='bbox 2093 4249 2187 4322; x_wconf 92' lang='lat' dir='ltr'><strong>ad</strong></span> 
     </span>
     <span class='ocr_line' id='line_1_40' title="bbox 643 4363 2187 4463; baseline -0.001 -22"><span class='ocrx_word' id='word_1_176' title='bbox 643 4367 1060 4463; x_wconf 86' lang='lat' dir='ltr'><strong>signatum,</strong></span> <span class='ocrx_word' id='word_1_177' title='bbox 1147 4363 1256 4437; x_wconf 91' lang='lat' dir='ltr'><strong>sic</strong></span> <span class='ocrx_word' id='word_1_178' title='bbox 1325 4372 1439 4438; x_wconf 91' lang='lat' dir='ltr'><strong>est</strong></span> <span class='ocrx_word' id='word_1_179' title='bbox 1523 4363 1812 4460; x_wconf 90' lang='lat' dir='ltr'><strong>aliquid</strong></span> <span class='ocrx_word' id='word_1_180' title='bbox 1883 4387 2019 4462; x_wconf 92' lang='lat' dir='ltr'><strong>per</strong></span> <span class='ocrx_word' id='word_1_181' title='bbox 2106 4388 2187 4439; x_wconf 91' lang='lat' dir='ltr'><strong>se</strong></span> 
     </span>
     <span class='ocr_line' id='line_1_41' title="bbox 643 4479 2186 4578; baseline -0.003 -18"><span class='ocrx_word' id='word_1_182' title='bbox 643 4507 915 4560; x_wconf 88' lang='lat' dir='ltr'><strong>unum.</strong></span> <span class='ocrx_word' id='word_1_183' title='bbox 970 4481 1082 4555; x_wconf 91' lang='lat' dir='ltr'><strong>Ad</strong></span> <span class='ocrx_word' id='word_1_184' title='bbox 1143 4479 1702 4577; x_wconf 84' lang='lat' dir='ltr'><strong>probationem,</strong></span> <span class='ocrx_word' id='word_1_185' title='bbox 1750 4479 1916 4554; x_wconf 88' lang='lat' dir='ltr'><strong>dico</strong></span> <span class='ocrx_word' id='word_1_186' title='bbox 1981 4482 2186 4578; x_wconf 89' lang='lat' dir='ltr'><strong>quod</strong></span> 
     </span>
     <span class='ocr_line' id='line_1_42' title="bbox 643 4598 2189 4696; baseline -0.003 -22"><span class='ocrx_word' id='word_1_187' title='bbox 643 4601 820 4675; x_wconf 89' lang='lat' dir='ltr'><strong>licet</strong></span> <span class='ocrx_word' id='word_1_188' title='bbox 886 4623 977 4673; x_wconf 89' lang='lat' dir='ltr'><strong>ex</strong></span> <span class='ocrx_word' id='word_1_189' title='bbox 1036 4607 1533 4696; x_wconf 88' lang='lat' dir='ltr'><strong>permanente</strong></span> <span class='ocrx_word' id='word_1_190' title='bbox 1594 4607 1667 4672; x_wconf 90' lang='lat' dir='ltr'><strong>et</strong></span> <span class='ocrx_word' id='word_1_191' title='bbox 1752 4598 2189 4672; x_wconf 86' lang='lat' dir='ltr'><strong>successivo</strong></span> 
     </span>
     <span class='ocr_line' id='line_1_43' title="bbox 642 4713 2189 4814; baseline -0.002 -23"><span class='ocrx_word' id='word_1_192' title='bbox 642 4741 799 4791; x_wconf 90' lang='lat' dir='ltr'><strong>non</strong></span> <span class='ocrx_word' id='word_1_193' title='bbox 834 4724 1091 4814; x_wconf 89' lang='lat' dir='ltr'><strong>posset</strong></span> <span class='ocrx_word' id='word_1_194' title='bbox 1136 4713 1303 4789; x_wconf 83' lang='lat' dir='ltr'><strong>fieri</strong></span> <span class='ocrx_word' id='word_1_195' title='bbox 1332 4714 1622 4812; x_wconf 90' lang='lat' dir='ltr'><strong>aliquid</strong></span> <span class='ocrx_word' id='word_1_196' title='bbox 1657 4739 1794 4813; x_wconf 91' lang='lat' dir='ltr'><strong>per</strong></span> <span class='ocrx_word' id='word_1_197' title='bbox 1835 4740 1916 4790; x_wconf 90' lang='lat' dir='ltr'><strong>se</strong></span> <span class='ocrx_word' id='word_1_198' title='bbox 1948 4740 2189 4790; x_wconf 84' lang='lat' dir='ltr'><strong>uuum</strong></span> 
     </span>
     <span class='ocr_line' id='line_1_44' title="bbox 644 4833 2189 4930; baseline -0.003 -19"><span class='ocrx_word' id='word_1_199' title='bbox 644 4844 859 4911; x_wconf 87' lang='lat' dir='ltr'><strong>extra</strong></span> <span class='ocrx_word' id='word_1_200' title='bbox 889 4833 1254 4926; x_wconf 87' lang='lat' dir='ltr'><strong>animam,</strong></span> <span class='ocrx_word' id='word_1_201' title='bbox 1303 4841 1627 4930; x_wconf 90' lang='lat' dir='ltr'><strong>possunt</strong></span> <span class='ocrx_word' id='word_1_202' title='bbox 1666 4843 1920 4908; x_wconf 90' lang='lat' dir='ltr'><strong>tamen</strong></span> <span class='ocrx_word' id='word_1_203' title='bbox 1965 4834 2189 4908; x_wconf 86' lang='lat' dir='ltr'><strong>ambo</strong></span> 
     </span>
     <span class='ocr_line' id='line_1_45' title="bbox 648 4949 2193 5026; baseline -0.003 0"><span class='ocrx_word' id='word_1_204' title='bbox 648 4953 967 5026; x_wconf 88' lang='lat' dir='ltr'><strong>fundare</strong></span> <span class='ocrx_word' id='word_1_205' title='bbox 1005 4973 1234 5024; x_wconf 90' lang='lat' dir='ltr'><strong>unam</strong></span> <span class='ocrx_word' id='word_1_206' title='bbox 1266 4950 1722 5024; x_wconf 88' lang='lat' dir='ltr'><strong>relationem</strong></span> <span class='ocrx_word' id='word_1_207' title='bbox 1758 4949 2077 5024; x_wconf 88' lang='lat' dir='ltr'><strong>rationis</strong></span> <span class='ocrx_word' id='word_1_208' title='bbox 2113 4960 2193 5022; x_wconf 90' lang='lat' dir='ltr'><strong>ut</strong></span> 
     </span>
     <span class='ocr_line' id='line_1_46' title="bbox 645 5069 2196 5162; baseline -0.001 -17"><span class='ocrx_word' id='word_1_209' title='bbox 645 5071 934 5145; x_wconf 88' lang='lat' dir='ltr'><strong>dictum</strong></span> <span class='ocrx_word' id='word_1_210' title='bbox 976 5077 1090 5144; x_wconf 92' lang='lat' dir='ltr'><strong>est</strong></span> <span class='ocrx_word' id='word_1_211' title='bbox 1132 5096 1151 5162; x_wconf 90' lang='lat'>;</span> <span class='ocrx_word' id='word_1_212' title='bbox 1204 5078 1277 5143; x_wconf 90' lang='lat' dir='ltr'><strong>et</strong></span> <span class='ocrx_word' id='word_1_213' title='bbox 1333 5078 1517 5142; x_wconf 88' lang='lat' dir='ltr'><strong>tunc</strong></span> <span class='ocrx_word' id='word_1_214' title='bbox 1585 5069 2098 5144; x_wconf 89' lang='lat' dir='ltr'><strong>abstrahendo</strong></span> <span class='ocrx_word' id='word_1_215' title='bbox 2151 5094 2196 5144; x_wconf 89' lang='lat' dir='ltr'><strong>a</strong></span> 
     </span>
     <span class='ocr_line' id='line_1_47' title="bbox 649 5184 2193 5282; baseline -0.002 -21"><span class='ocrx_word' id='word_1_216' title='bbox 649 5184 1165 5261; x_wconf 82' lang='lat' dir='ltr'><strong>fundamentis</strong></span> <span class='ocrx_word' id='word_1_217' title='bbox 1200 5184 1665 5281; x_wconf 88' lang='lat' dir='ltr'><strong>specialibus</strong></span> <span class='ocrx_word' id='word_1_218' title='bbox 1694 5194 2193 5282; x_wconf 88' lang='lat' dir='ltr'><strong>permanente</strong></span> 
     </span>
     <span class='ocr_line' id='line_1_48' title="bbox 648 5301 2195 5398; baseline -0.002 -20"><span class='ocrx_word' id='word_1_219' title='bbox 648 5315 721 5379; x_wconf 88' lang='lat' dir='ltr'><strong>et</strong></span> <span class='ocrx_word' id='word_1_220' title='bbox 832 5302 1298 5390; x_wconf 85' lang='lat' dir='ltr'><strong>successivo,</strong></span> <span class='ocrx_word' id='word_1_221' title='bbox 1392 5301 1688 5398; x_wconf 91' lang='lat' dir='ltr'><strong>aliquid</strong></span> <span class='ocrx_word' id='word_1_222' title='bbox 1786 5324 2195 5376; x_wconf 87' lang='lat' dir='ltr'><strong>commune</strong></span> 
     </span>
    </p>
   </div>
   <div class='ocr_carea' id='block_1_9' title="bbox 2068 454 2473 524">
    <p class='ocr_par' dir='ltr' id='par_1_9' title="bbox 2068 454 2473 524">
     <span class='ocr_line' id='line_1_49' title="bbox 2068 454 2473 524; baseline 0 -1"><span class='ocrx_word' id='word_1_223' title='bbox 2068 454 2306 523; x_wconf 88' lang='lat' dir='ltr'><strong>LlBRl</strong></span> <span class='ocrx_word' id='word_1_224' title='bbox 2354 454 2473 524; x_wconf 91' lang='lat' dir='ltr'><strong>1v.</strong></span> 
     </span>
    </p>
   </div>
   <div class='ocr_carea' id='block_1_10' title="bbox 2284 627 4145 1895">
    <p class='ocr_par' dir='ltr' id='par_1_10' title="bbox 2284 627 3834 1309">
     <span class='ocr_line' id='line_1_50' title="bbox 2286 627 3829 728; baseline -0.001 -27"><span class='ocrx_word' id='word_1_225' title='bbox 2286 638 2414 702; x_wconf 90' lang='lat' dir='ltr'><strong>tur</strong></span> <span class='ocrx_word' id='word_1_226' title='bbox 2444 627 2548 702; x_wconf 92' lang='lat' dir='ltr'><strong>ibi</strong></span> <span class='ocrx_word' id='word_1_227' title='bbox 2577 628 2838 726; x_wconf 83' lang='lat' dir='ltr'><strong>forma</strong></span> <span class='ocrx_word' id='word_1_228' title='bbox 2870 654 3006 728; x_wconf 87' lang='lat' dir='ltr'><strong>pro</strong></span> <span class='ocrx_word' id='word_1_229' title='bbox 3058 630 3302 704; x_wconf 89' lang='lat' dir='ltr'><strong>forma</strong></span> <span class='ocrx_word' id='word_1_230' title='bbox 3342 628 3829 719; x_wconf 78' lang='lat' dir='ltr'><strong>informante,</strong></span> 
     </span>
     <span class='ocr_line' id='line_1_51' title="bbox 2284 743 3832 843; baseline -0.001 -26"><span class='ocrx_word' id='word_1_231' title='bbox 2284 769 2426 819; x_wconf 88' lang='lat' dir='ltr'><strong>nec</strong></span> <span class='ocrx_word' id='word_1_232' title='bbox 2485 769 2619 843; x_wconf 90' lang='lat' dir='ltr'><strong>pro</strong></span> <span class='ocrx_word' id='word_1_233' title='bbox 2674 745 2915 820; x_wconf 86' lang='lat' dir='ltr'><strong>forma</strong></span> <span class='ocrx_word' id='word_1_234' title='bbox 2983 745 3429 842; x_wconf 83' lang='lat' dir='ltr'><strong>exemplari,</strong></span> <span class='ocrx_word' id='word_1_235' title='bbox 3494 743 3626 817; x_wconf 90' lang='lat' dir='ltr'><strong>sed</strong></span> <span class='ocrx_word' id='word_1_236' title='bbox 3697 765 3832 840; x_wconf 90' lang='lat' dir='ltr'><strong>pro</strong></span> 
     </span>
     <span class='ocr_line' id='line_1_52' title="bbox 2285 859 3833 960; baseline -0.003 -26"><span class='ocrx_word' id='word_1_237' title='bbox 2285 862 2528 934; x_wconf 87' lang='lat' dir='ltr'><strong>forma</strong></span> <span class='ocrx_word' id='word_1_238' title='bbox 2583 872 3186 960; x_wconf 58' lang='lat' dir='ltr'><strong>repraesentante</strong></span> <span class='ocrx_word' id='word_1_239' title='bbox 3230 872 3302 936; x_wconf 89' lang='lat' dir='ltr'><strong>et</strong></span> <span class='ocrx_word' id='word_1_240' title='bbox 3344 861 3690 934; x_wconf 87' lang='lat' dir='ltr'><strong>imitante</strong></span> <span class='ocrx_word' id='word_1_241' title='bbox 3725 859 3833 931; x_wconf 88' lang='lat' dir='ltr'><strong>si-</strong></span> 
     </span>
     <span class='ocr_line' id='line_1_53' title="bbox 2286 975 3832 1073; baseline -0.001 -23"><span class='ocrx_word' id='word_1_242' title='bbox 2286 987 2604 1073; x_wconf 89' lang='lat' dir='ltr'><strong>gnatum</strong></span> <span class='ocrx_word' id='word_1_243' title='bbox 2693 990 2767 1053; x_wconf 92' lang='lat' dir='ltr'><strong>et</strong></span> <span class='ocrx_word' id='word_1_244' title='bbox 2831 980 3441 1053; x_wconf 88' lang='lat' dir='ltr'><strong>demonstratum</strong></span> <span class='ocrx_word' id='word_1_245' title='bbox 3494 1001 3508 1063; x_wconf 82' lang='lat'><em>3</em></span> <span class='ocrx_word' id='word_1_246' title='bbox 3573 987 3647 1050; x_wconf 89' lang='lat' dir='ltr'><strong>et</strong></span> <span class='ocrx_word' id='word_1_247' title='bbox 3729 975 3832 1048; x_wconf 91' lang='lat' dir='ltr'><strong>ita</strong></span> 
     </span>
     <span class='ocr_line' id='line_1_54' title="bbox 2286 1090 3834 1194; baseline -0.003 -27"><span class='ocrx_word' id='word_1_248' title='bbox 2286 1097 2726 1194; x_wconf 85' lang='lat' dir='ltr'><strong>proceditur</strong></span> <span class='ocrx_word' id='word_1_249' title='bbox 2765 1096 2869 1170; x_wconf 89' lang='lat' dir='ltr'><strong>ibi</strong></span> <span class='ocrx_word' id='word_1_250' title='bbox 2912 1097 3007 1171; x_wconf 89' lang='lat' dir='ltr'><strong>ab</strong></span> <span class='ocrx_word' id='word_1_251' title='bbox 3052 1095 3597 1183; x_wconf 85' lang='lat' dir='ltr'><strong>insufficiente,</strong></span> <span class='ocrx_word' id='word_1_252' title='bbox 3646 1102 3721 1167; x_wconf 88' lang='lat' dir='ltr'><strong>et</strong></span> <span class='ocrx_word' id='word_1_253' title='bbox 3750 1090 3834 1164; x_wconf 84' lang='lat' dir='ltr'><strong>fit</strong></span> 
     </span>
     <span class='ocr_line' id='line_1_55' title="bbox 2287 1213 3363 1309; baseline -0.003 -23"><span class='ocrx_word' id='word_1_254' title='bbox 2287 1213 2391 1287; x_wconf 92' lang='lat' dir='ltr'><strong>ibi</strong></span> <span class='ocrx_word' id='word_1_255' title='bbox 2433 1213 2731 1288; x_wconf 89' lang='lat' dir='ltr'><strong>fallacia</strong></span> <span class='ocrx_word' id='word_1_256' title='bbox 2761 1213 3363 1309; x_wconf 84' lang='lat' dir='ltr'><strong>consequentiae.</strong></span> 
     </span>
    </p>

    <p class='ocr_par' dir='ltr' id='par_1_11' title="bbox 2286 1319 4145 1895">
     <span class='ocr_line' id='line_1_56' title="bbox 2382 1319 4145 1430; baseline -0.005 -26"><span class='ocrx_word' id='word_1_257' title='bbox 2382 1331 2494 1405; x_wconf 85' lang='lat' dir='ltr'><strong>Ad</strong></span> <span class='ocrx_word' id='word_1_258' title='bbox 2556 1331 2854 1405; x_wconf 86' lang='lat' dir='ltr'><strong>tertiam</strong></span> <span class='ocrx_word' id='word_1_259' title='bbox 2913 1330 3289 1405; x_wconf 86' lang='lat' dir='ltr'><strong>rationem</strong></span> <span class='ocrx_word' id='word_1_260' title='bbox 3370 1350 3828 1424; x_wconf 87' lang='lat' dir='ltr'><strong>responsum</strong></span> <span class='ocrx_word' id='word_1_261' title='bbox 3905 1319 4145 1430; x_wconf 52' lang='lat' dir='ltr'><strong>Affiffis‘i·</strong></span> 
     </span>
     <span class='ocr_line' id='line_1_57' title="bbox 2286 1443 3830 1545; baseline -0.004 -24"><span class='ocrx_word' id='word_1_262' title='bbox 2286 1458 2426 1539; x_wconf 89' lang='lat' dir='ltr'><strong>est,</strong></span> <span class='ocrx_word' id='word_1_263' title='bbox 2484 1447 2663 1543; x_wconf 87' lang='lat' dir='ltr'><strong>quia</strong></span> <span class='ocrx_word' id='word_1_264' title='bbox 2724 1447 3097 1545; x_wconf 87' lang='lat' dir='ltr'><strong>accipitur</strong></span> <span class='ocrx_word' id='word_1_265' title='bbox 3150 1446 3251 1520; x_wconf 92' lang='lat' dir='ltr'><strong>ibi</strong></span> <span class='ocrx_word' id='word_1_266' title='bbox 3319 1443 3617 1519; x_wconf 79' lang='lat' dir='ltr'><strong>visibile</strong></span> <span class='ocrx_word' id='word_1_267' title='bbox 3696 1466 3830 1540; x_wconf 91' lang='lat' dir='ltr'><strong>pro</strong></span> 
     </span>
     <span class='ocr_line' id='line_1_58' title="bbox 2287 1560 3833 1659; baseline -0.003 -24"><span class='ocrx_word' id='word_1_268' title='bbox 2287 1562 2632 1636; x_wconf 89' lang='lat' dir='ltr'><strong>sensibili</strong></span> <span class='ocrx_word' id='word_1_269' title='bbox 2682 1563 2756 1635; x_wconf 87' lang='lat' dir='ltr'><strong>in</strong></span> <span class='ocrx_word' id='word_1_270' title='bbox 2805 1563 3227 1655; x_wconf 88' lang='lat' dir='ltr'><strong>communi,</strong></span> <span class='ocrx_word' id='word_1_271' title='bbox 3265 1561 3448 1659; x_wconf 90' lang='lat' dir='ltr'><strong>quia</strong></span> <span class='ocrx_word' id='word_1_272' title='bbox 3480 1570 3696 1634; x_wconf 91' lang='lat' dir='ltr'><strong>actus</strong></span> <span class='ocrx_word' id='word_1_273' title='bbox 3729 1560 3833 1631; x_wconf 85' lang='lat' dir='ltr'><strong>vi·</strong></span> 
     </span>
     <span class='ocr_line' id='line_1_59' title="bbox 2287 1679 3833 1754; baseline -0.003 -2"><span class='ocrx_word' id='word_1_274' title='bbox 2287 1704 2420 1754; x_wconf 84' lang='lat' dir='ltr'><strong>sus</strong></span> <span class='ocrx_word' id='word_1_275' title='bbox 2452 1680 2890 1754; x_wconf 84' lang='lat' dir='ltr'><strong>extenditur</strong></span> <span class='ocrx_word' id='word_1_276' title='bbox 2929 1681 3018 1753; x_wconf 90' lang='lat' dir='ltr'><strong>ad</strong></span> <span class='ocrx_word' id='word_1_277' title='bbox 3057 1690 3272 1754; x_wconf 86' lang='lat' dir='ltr'><strong>actus</strong></span> <span class='ocrx_word' id='word_1_278' title='bbox 3301 1679 3630 1752; x_wconf 89' lang='lat' dir='ltr'><strong>aliorum</strong></span> <span class='ocrx_word' id='word_1_279' title='bbox 3667 1700 3833 1751; x_wconf 90' lang='lat' dir='ltr'><strong>sen·</strong></span> 
     </span>
     <span class='ocr_line' id='line_1_60' title="bbox 2288 1794 3832 1895; baseline -0.005 -23"><span class='ocrx_word' id='word_1_280' title='bbox 2288 1821 2514 1872; x_wconf 90' lang='lat' dir='ltr'><strong>suum</strong></span> <span class='ocrx_word' id='word_1_281' title='bbox 2553 1824 2569 1882; x_wconf 90' lang='lat'>;</span> <span class='ocrx_word' id='word_1_282' title='bbox 2609 1820 2791 1893; x_wconf 90' lang='lat' dir='ltr'><strong>ergo</strong></span> <span class='ocrx_word' id='word_1_283' title='bbox 2825 1808 2895 1870; x_wconf 91' lang='lat' dir='ltr'><strong>et</strong></span> <span class='ocrx_word' id='word_1_284' title='bbox 2920 1796 3285 1871; x_wconf 90' lang='lat' dir='ltr'><strong>sensibile</strong></span> <span class='ocrx_word' id='word_1_285' title='bbox 3321 1798 3487 1895; x_wconf 90' lang='lat' dir='ltr'><strong>ejus</strong></span> <span class='ocrx_word' id='word_1_286' title='bbox 3528 1794 3622 1869; x_wconf 89' lang='lat' dir='ltr'><strong>ad</strong></span> <span class='ocrx_word' id='word_1_287' title='bbox 3665 1816 3832 1867; x_wconf 91' lang='lat' dir='ltr'><strong>sen-</strong></span> 
     </span>
    </p>
   </div>
   <div class='ocr_carea' id='block_1_11' title="bbox 2287 1914 4167 2825">
    <p class='ocr_par' dir='ltr' id='par_1_12' title="bbox 2287 1914 4167 2147">
     <span class='ocr_line' id='line_1_61' title="bbox 2287 1914 3334 1988; baseline -0.003 0"><span class='ocrx_word' id='word_1_288' title='bbox 2287 1914 2542 1988; x_wconf 89' lang='lat' dir='ltr'><strong>sibilia</strong></span> <span class='ocrx_word' id='word_1_289' title='bbox 2569 1914 2897 1988; x_wconf 88' lang='lat' dir='ltr'><strong>aliorum</strong></span> <span class='ocrx_word' id='word_1_290' title='bbox 2935 1937 3334 1988; x_wconf 82' lang='lat' dir='ltr'><strong>sensuum.</strong></span> 
     </span>
     <span class='ocr_line' id='line_1_62' title="bbox 2393 2023 4167 2147; baseline -0.004 -46"><span class='ocrx_word' id='word_1_291' title='bbox 2393 2026 2494 2101; x_wconf 81' lang='lat' dir='ltr'><strong>Ad</strong></span> <span class='ocrx_word' id='word_1_292' title='bbox 2535 2026 2879 2100; x_wconf 87' lang='lat' dir='ltr'><strong>ultimam</strong></span> <span class='ocrx_word' id='word_1_293' title='bbox 2923 2027 3123 2119; x_wconf 85' lang='lat' dir='ltr'><strong>dico,</strong></span> <span class='ocrx_word' id='word_1_294' title='bbox 3197 2025 3402 2123; x_wconf 88' lang='lat' dir='ltr'><strong>quod</strong></span> <span class='ocrx_word' id='word_1_295' title='bbox 3462 2024 3525 2099; x_wconf 93' lang='lat' dir='ltr'><strong>si</strong></span> <span class='ocrx_word' id='word_1_296' title='bbox 3588 2023 3832 2122; x_wconf 84' lang='lat' dir='ltr'><strong>expri-</strong></span> <span class='ocrx_word' id='word_1_297' title='bbox 3894 2032 4167 2147; x_wconf 54' lang='lat' dir='ltr'><strong>A‘iuqnim&#39;</strong></span> 
     </span>
    </p>

    <p class='ocr_par' dir='ltr' id='par_1_13' title="bbox 2290 2133 4088 2230">
     <span class='ocr_line' id='line_1_63' title="bbox 2290 2133 4088 2230; baseline -0.002 -13"><span class='ocrx_word' id='word_1_298' title='bbox 2290 2154 2599 2218; x_wconf 88' lang='lat' dir='ltr'><strong>mantur</strong></span> <span class='ocrx_word' id='word_1_299' title='bbox 2664 2143 2887 2218; x_wconf 82' lang='lat' dir='ltr'><strong>dictae</strong></span> <span class='ocrx_word' id='word_1_300' title='bbox 2952 2143 3431 2230; x_wconf 83' lang='lat' dir='ltr'><strong>differentiae,</strong></span> <span class='ocrx_word' id='word_1_301' title='bbox 3499 2166 3652 2215; x_wconf 90' lang='lat' dir='ltr'><strong>non</strong></span> <span class='ocrx_word' id='word_1_302' title='bbox 3722 2140 3836 2215; x_wconf 87' lang='lat' dir='ltr'><strong>est</strong></span> <span class='ocrx_word' id='word_1_303' title='bbox 4075 2133 4088 2143; x_wconf 57' lang='lat'><em>⁶</em></span> 
     </span>
    </p>

    <p class='ocr_par' dir='ltr' id='par_1_14' title="bbox 2289 2259 3833 2358">
     <span class='ocr_line' id='line_1_64' title="bbox 2289 2259 3833 2358; baseline -0.003 -24"><span class='ocrx_word' id='word_1_304' title='bbox 2289 2260 2440 2334; x_wconf 86' lang='lat' dir='ltr'><strong>alia</strong></span> <span class='ocrx_word' id='word_1_305' title='bbox 2494 2260 2839 2334; x_wconf 81' lang='lat' dir='ltr'><strong>delinitio</strong></span> <span class='ocrx_word' id='word_1_306' title='bbox 2884 2284 2929 2335; x_wconf 91' lang='lat' dir='ltr'><strong>a</strong></span> <span class='ocrx_word' id='word_1_307' title='bbox 2995 2259 3385 2358; x_wconf 71' lang='lat' dir='ltr'><strong>praedicta,</strong></span> <span class='ocrx_word' id='word_1_308' title='bbox 3453 2268 3535 2332; x_wconf 88' lang='lat' dir='ltr'><strong>ut</strong></span> <span class='ocrx_word' id='word_1_309' title='bbox 3602 2268 3833 2357; x_wconf 87' lang='lat' dir='ltr'><strong>patet,</strong></span> 
     </span>
    </p>

    <p class='ocr_par' dir='ltr' id='par_1_15' title="bbox 2290 2374 3843 2473">
     <span class='ocr_line' id='line_1_65' title="bbox 2290 2374 3843 2473; baseline 0 -25"><span class='ocrx_word' id='word_1_310' title='bbox 2290 2399 2466 2448; x_wconf 90' lang='lat' dir='ltr'><strong>nam</strong></span> <span class='ocrx_word' id='word_1_311' title='bbox 2512 2399 2632 2449; x_wconf 80' lang='lat' dir='ltr'><strong>res</strong></span> <span class='ocrx_word' id='word_1_312' title='bbox 2660 2400 2880 2449; x_wconf 77' lang='lat' dir='ltr'><strong>sacra</strong></span> <span class='ocrx_word' id='word_1_313' title='bbox 2925 2375 3299 2473; x_wconf 87' lang='lat' dir='ltr'><strong>accipitur</strong></span> <span class='ocrx_word' id='word_1_314' title='bbox 3343 2374 3448 2448; x_wconf 92' lang='lat' dir='ltr'><strong>ibi</strong></span> <span class='ocrx_word' id='word_1_315' title='bbox 3481 2398 3619 2471; x_wconf 87' lang='lat' dir='ltr'><strong>pro</strong></span> <span class='ocrx_word' id='word_1_316' title='bbox 3679 2397 3843 2470; x_wconf 92' lang='lat' dir='ltr'><strong>gra-</strong></span> 
     </span>
    </p>

    <p class='ocr_par' dir='ltr' id='par_1_16' title="bbox 2289 2491 3844 2589">
     <span class='ocr_line' id='line_1_66' title="bbox 2289 2491 3844 2589; baseline -0.002 -24"><span class='ocrx_word' id='word_1_317' title='bbox 2289 2492 2395 2566; x_wconf 88' lang='lat' dir='ltr'><strong>tia</strong></span> <span class='ocrx_word' id='word_1_318' title='bbox 2427 2491 2792 2567; x_wconf 85' lang='lat' dir='ltr'><strong>invisibili</strong></span> <span class='ocrx_word' id='word_1_319' title='bbox 2843 2502 2913 2565; x_wconf 87' lang='lat' dir='ltr'><strong>et</strong></span> <span class='ocrx_word' id='word_1_320' title='bbox 2967 2491 3449 2577; x_wconf 84' lang='lat' dir='ltr'><strong>correlativ0,</strong></span> <span class='ocrx_word' id='word_1_321' title='bbox 3488 2499 3560 2565; x_wconf 85' lang='lat' dir='ltr'><strong>et</strong></span> <span class='ocrx_word' id='word_1_322' title='bbox 3591 2491 3844 2589; x_wconf 87' lang='lat' dir='ltr'><strong>expri-</strong></span> 
     </span>
    </p>

    <p class='ocr_par' dir='ltr' id='par_1_17' title="bbox 2294 2608 3841 2706">
     <span class='ocr_line' id='line_1_67' title="bbox 2294 2608 3841 2706; baseline -0.001 -24"><span class='ocrx_word' id='word_1_323' title='bbox 2294 2610 2525 2683; x_wconf 90' lang='lat' dir='ltr'><strong>mitur</strong></span> <span class='ocrx_word' id='word_1_324' title='bbox 2556 2610 2658 2683; x_wconf 92' lang='lat' dir='ltr'><strong>ibi</strong></span> <span class='ocrx_word' id='word_1_325' title='bbox 2686 2632 2961 2706; x_wconf 84' lang='lat' dir='ltr'><strong>genuS,</strong></span> <span class='ocrx_word' id='word_1_326' title='bbox 2997 2634 3172 2684; x_wconf 91' lang='lat' dir='ltr'><strong>cum</strong></span> <span class='ocrx_word' id='word_1_327' title='bbox 3206 2608 3485 2682; x_wconf 90' lang='lat' dir='ltr'><strong>dicitur</strong></span> <span class='ocrx_word' id='word_1_328' title='bbox 3512 2608 3841 2705; x_wconf 73' lang='lat' dir='ltr'><strong>siquam,</strong></span> 
     </span>
    </p>

    <p class='ocr_par' dir='ltr' id='par_1_18' title="bbox 2293 2723 3841 2825">
     <span class='ocr_line' id='line_1_68' title="bbox 2293 2723 3841 2825; baseline -0.003 -23"><span class='ocrx_word' id='word_1_329' title='bbox 2293 2737 2363 2803; x_wconf 87' lang='lat' dir='ltr'><strong>et</strong></span> <span class='ocrx_word' id='word_1_330' title='bbox 2401 2737 2585 2800; x_wconf 87' lang='lat' dir='ltr'><strong>tunc</strong></span> <span class='ocrx_word' id='word_1_331' title='bbox 2627 2736 2925 2824; x_wconf 88' lang='lat' dir='ltr'><strong>oportet</strong></span> <span class='ocrx_word' id='word_1_332' title='bbox 2969 2729 3329 2825; x_wconf 87' lang='lat' dir='ltr'><strong>supplere</strong></span> <span class='ocrx_word' id='word_1_333' title='bbox 3373 2723 3841 2800; x_wconf 83' lang='lat' dir='ltr'><strong>differentias</strong></span> 
     </span>
    </p>
   </div>
   <div class='ocr_carea' id='block_1_12' title="bbox 2296 2844 3152 2941">
    <p class='ocr_par' dir='ltr' id='par_1_19' title="bbox 2296 2844 3152 2941">
     <span class='ocr_line' id='line_1_69' title="bbox 2296 2844 3152 2941; baseline -0.001 -24"><span class='ocrx_word' id='word_1_334' title='bbox 2296 2844 2500 2941; x_wconf 89' lang='lat' dir='ltr'><strong>signi</strong></span> <span class='ocrx_word' id='word_1_335' title='bbox 2542 2853 2616 2918; x_wconf 90' lang='lat' dir='ltr'><strong>et</strong></span> <span class='ocrx_word' id='word_1_336' title='bbox 2648 2844 3152 2919; x_wconf 83' lang='lat' dir='ltr'><strong>fundamenti.</strong></span> 
     </span>
    </p>
   </div>
   <div class='ocr_carea' id='block_1_13' title="bbox 2780 3214 3343 3291">
    <p class='ocr_par' dir='ltr' id='par_1_20' title="bbox 2780 3214 3343 3291">
     <span class='ocr_line' id='line_1_70' title="bbox 2780 3214 3343 3291; baseline 0 -11"><span class='ocrx_word' id='word_1_337' title='bbox 2780 3214 3183 3291; x_wconf 83' lang='lat' dir='ltr'><strong>QUAESTIO</strong></span> <span class='ocrx_word' id='word_1_338' title='bbox 3236 3217 3343 3281; x_wconf 89' lang='grc' dir='ltr'><strong>ΙΙΙ.</strong></span> 
     </span>
    </p>
   </div>
   <div class='ocr_carea' id='block_1_14' title="bbox 2300 3384 3842 3668">
    <p class='ocr_par' dir='ltr' id='par_1_21' title="bbox 2300 3384 3842 3668">
     <span class='ocr_line' id='line_1_71' title="bbox 2300 3384 3842 3473; baseline 0.001 -25"><span class='ocrx_word' id='word_1_339' title='bbox 2300 3384 2542 3449; x_wconf 74' lang='lat' dir='ltr'><strong>{strum</strong></span> <span class='ocrx_word' id='word_1_340' title='bbox 2600 3386 3050 3451; x_wconf 82' lang='lat' dir='ltr'><strong>Sacramenta</strong></span> <span class='ocrx_word' id='word_1_341' title='bbox 3096 3403 3282 3452; x_wconf 67' lang='lat' dir='ltr'><strong>novae</strong></span> <span class='ocrx_word' id='word_1_342' title='bbox 3330 3386 3495 3473; x_wconf 75' lang='lat' dir='ltr'><strong>leqz&#39;s</strong></span> <span class='ocrx_word' id='word_1_343' title='bbox 3541 3388 3842 3454; x_wconf 74' lang='lat' dir='ltr'><strong>habeant</strong></span> 
     </span>
     <span class='ocr_line' id='line_1_72' title="bbox 2383 3494 3839 3584; baseline 0.002 -24"><span class='ocrx_word' id='word_1_344' title='bbox 2383 3494 2865 3561; x_wconf 76' lang='lat' dir='ltr'><strong>causalitatem</strong></span> <span class='ocrx_word' id='word_1_345' title='bbox 2934 3495 3232 3562; x_wconf 81' lang='lat' dir='ltr'><strong>activam</strong></span> <span class='ocrx_word' id='word_1_346' title='bbox 3299 3507 3607 3583; x_wconf 83' lang='lat' dir='ltr'><strong>respectu</strong></span> <span class='ocrx_word' id='word_1_347' title='bbox 3672 3517 3839 3584; x_wconf 74' lang='lat' dir='ltr'><strong>qra-</strong></span> 
     </span>
     <span class='ocr_line' id='line_1_73' title="bbox 2382 3598 2575 3668; baseline 0 -1"><span class='ocrx_word' id='word_1_348' title='bbox 2382 3602 2494 3668; x_wconf 74' lang='lat' dir='ltr'><strong>tz‘ae</strong></span> <span class='ocrx_word' id='word_1_349' title='bbox 2533 3598 2575 3667; x_wconf 75' lang='grc' dir='ltr'><strong>ξ)</strong></span> 
     </span>
    </p>
   </div>
   <div class='ocr_carea' id='block_1_15' title="bbox 2289 3796 3920 4369">
    <p class='ocr_par' dir='ltr' id='par_1_22' title="bbox 2289 3796 3920 4369">
     <span class='ocr_line' id='line_1_74' title="bbox 2289 3796 3840 3867; baseline 0.003 -15"><span class='ocrx_word' id='word_1_350' title='bbox 2289 3796 2486 3853; x_wconf 83' lang='lat' dir='ltr'><strong>Alens.</strong></span> <span class='ocrx_word' id='word_1_351' title='bbox 2538 3797 2591 3851; x_wconf 81' lang='lat'><strong>4.</strong></span> <span class='ocrx_word' id='word_1_352' title='bbox 2640 3803 2784 3867; x_wconf 80' lang='lat' dir='ltr'><strong>part.</strong></span> <span class='ocrx_word' id='word_1_353' title='bbox 2839 3800 3030 3867; x_wconf 74' lang='lat' dir='ltr'><strong>quaest.</strong></span> <span class='ocrx_word' id='word_1_354' title='bbox 3079 3800 3134 3853; x_wconf 88' lang='lat'><strong>5.</strong></span> <span class='ocrx_word' id='word_1_355' title='bbox 3185 3799 3428 3854; x_wconf 81' lang='lat' dir='ltr'><strong>membro</strong></span> <span class='ocrx_word' id='word_1_356' title='bbox 3464 3799 3520 3853; x_wconf 88' lang='lat'><strong>3.</strong></span> <span class='ocrx_word' id='word_1_357' title='bbox 3563 3804 3668 3854; x_wconf 81' lang='lat' dir='ltr'><strong>art.</strong></span> <span class='ocrx_word' id='word_1_358' title='bbox 3703 3800 3753 3854; x_wconf 81' lang='lat'><strong>4.</strong></span> <span class='ocrx_word' id='word_1_359' title='bbox 3786 3810 3840 3856; x_wconf 78' lang='lat' dir='ltr'><strong>ec</strong></span> 
     </span>
     <span class='ocr_line' id='line_1_75' title="bbox 2364 3867 3833 3940; baseline 0.003 -18"><span class='ocrx_word' id='word_1_360' title='bbox 2364 3875 2559 3940; x_wconf 78' lang='lat' dir='ltr'><strong>quaest.</strong></span> <span class='ocrx_word' id='word_1_361' title='bbox 2608 3867 2661 3921; x_wconf 91' lang='lat'><strong>8.</strong></span> <span class='ocrx_word' id='word_1_362' title='bbox 2706 3885 2781 3922; x_wconf 89' lang='lat' dir='ltr'><strong>m.</strong></span> <span class='ocrx_word' id='word_1_363' title='bbox 2832 3869 2885 3925; x_wconf 89' lang='lat'><strong>3.</strong></span> <span class='ocrx_word' id='word_1_364' title='bbox 2937 3878 3044 3924; x_wconf 85' lang='lat' dir='ltr'><strong>art.</strong></span> <span class='ocrx_word' id='word_1_365' title='bbox 3098 3870 3153 3926; x_wconf 91' lang='lat'><strong>5.</strong></span> <span class='ocrx_word' id='word_1_366' title='bbox 3205 3869 3272 3926; x_wconf 95' lang='lat' dir='ltr'><strong>D.</strong></span> <span class='ocrx_word' id='word_1_367' title='bbox 3330 3870 3643 3926; x_wconf 81' lang='lat' dir='ltr'><strong>Bonavent.</strong></span> <span class='ocrx_word' id='word_1_368' title='bbox 3677 3872 3766 3927; x_wconf 73' lang='lat' dir='ltr'><strong>hic</strong></span> <span class='ocrx_word' id='word_1_369' title='bbox 3794 3890 3833 3928; x_wconf 88' lang='lat'><strong>1.</strong></span> 
     </span>
     <span class='ocr_line' id='line_1_76' title="bbox 2362 3940 3832 4015; baseline 0.004 -21"><span class='ocrx_word' id='word_1_370' title='bbox 2362 3943 2510 4010; x_wconf 83' lang='lat' dir='ltr'><strong>part.</strong></span> <span class='ocrx_word' id='word_1_371' title='bbox 2533 3948 2641 3995; x_wconf 77' lang='lat' dir='ltr'><strong>art.</strong></span> <span class='ocrx_word' id='word_1_372' title='bbox 2671 3942 2722 3993; x_wconf 78' lang='lat'><strong>4.</strong></span> <span class='ocrx_word' id='word_1_373' title='bbox 2759 3948 3017 4011; x_wconf 57' lang='lat' dir='ltr'><strong>quamn...</strong></span> <span class='ocrx_word' id='word_1_374' title='bbox 3044 3940 3113 3998; x_wconf 94' lang='lat' dir='ltr'><strong>D.</strong></span> <span class='ocrx_word' id='word_1_375' title='bbox 3144 3940 3351 3996; x_wconf 89' lang='lat' dir='ltr'><strong>Thom.</strong></span> <span class='ocrx_word' id='word_1_376' title='bbox 3385 3945 3578 4015; x_wconf 56' lang='grc' dir='ltr'><strong>φακῆ.</strong></span> <span class='ocrx_word' id='word_1_377' title='bbox 3615 3960 3654 3999; x_wconf 92' lang='lat'><strong>1.</strong></span> <span class='ocrx_word' id='word_1_378' title='bbox 3698 3948 3752 4000; x_wconf 82' lang='lat' dir='ltr'><strong>et</strong></span> <span class='ocrx_word' id='word_1_379' title='bbox 3780 3945 3832 4000; x_wconf 88' lang='grc'><strong>4.</strong></span> 
     </span>
     <span class='ocr_line' id='line_1_77' title="bbox 2361 4011 3839 4082; baseline 0.003 -15"><span class='ocrx_word' id='word_1_380' title='bbox 2361 4021 2413 4067; x_wconf 78' lang='grc' dir='ltr'><strong>ει</strong></span> <span class='ocrx_word' id='word_1_381' title='bbox 2469 4011 2522 4066; x_wconf 92' lang='grc'><strong>3.</strong></span> <span class='ocrx_word' id='word_1_382' title='bbox 2567 4021 2719 4082; x_wconf 77' lang='lat' dir='ltr'><strong>parc.</strong></span> <span class='ocrx_word' id='word_1_383' title='bbox 2773 4017 2966 4082; x_wconf 74' lang='lat' dir='ltr'><strong>quaest.</strong></span> <span class='ocrx_word' id='word_1_384' title='bbox 3014 4013 3105 4066; x_wconf 78' lang='lat'><strong>62.</strong></span> <span class='ocrx_word' id='word_1_385' title='bbox 3155 4022 3262 4069; x_wconf 81' lang='lat' dir='ltr'><strong>art.</strong></span> <span class='ocrx_word' id='word_1_386' title='bbox 3311 4016 3365 4068; x_wconf 82' lang='lat'><strong>2.</strong></span> <span class='ocrx_word' id='word_1_387' title='bbox 3418 4013 3680 4070; x_wconf 83' lang='lat' dir='ltr'><strong>Durand.</strong></span> <span class='ocrx_word' id='word_1_388' title='bbox 3749 4017 3839 4071; x_wconf 68' lang='lat' dir='ltr'><strong>hic</strong></span> 
     </span>
     <span class='ocr_line' id='line_1_78' title="bbox 2363 4082 3832 4154; baseline 0.003 -17"><span class='ocrx_word' id='word_1_389' title='bbox 2363 4090 2557 4154; x_wconf 69' lang='lat' dir='ltr'><strong>quaest.</strong></span> <span class='ocrx_word' id='word_1_390' title='bbox 2592 4083 2644 4137; x_wconf 85' lang='lat'><strong>4.</strong></span> <span class='ocrx_word' id='word_1_391' title='bbox 2678 4091 2728 4139; x_wconf 82' lang='lat' dir='ltr'><strong>et</strong></span> <span class='ocrx_word' id='word_1_392' title='bbox 2756 4084 2810 4137; x_wconf 90' lang='lat'><strong>5.</strong></span> <span class='ocrx_word' id='word_1_393' title='bbox 2847 4082 3080 4140; x_wconf 83' lang='lat' dir='ltr'><strong>Aureol.</strong></span> <span class='ocrx_word' id='word_1_394' title='bbox 3113 4087 3310 4154; x_wconf 66' lang='lat' dir='ltr'><strong>qaaest.</strong></span> <span class='ocrx_word' id='word_1_395' title='bbox 3345 4102 3382 4140; x_wconf 87' lang='lat'><strong>1.</strong></span> <span class='ocrx_word' id='word_1_396' title='bbox 3415 4090 3528 4142; x_wconf 79' lang='lat' dir='ltr'><strong>art.</strong></span> <span class='ocrx_word' id='word_1_397' title='bbox 3570 4085 3621 4141; x_wconf 89' lang='lat'><strong>3.</strong></span> <span class='ocrx_word' id='word_1_398' title='bbox 3658 4086 3832 4142; x_wconf 77' lang='lat' dir='ltr'><strong>Gabr.</strong></span> 
     </span>
     <span class='ocr_line' id='line_1_79' title="bbox 2363 4155 3920 4229; baseline 0.004 -21"><span class='ocrx_word' id='word_1_399' title='bbox 2363 4159 2560 4223; x_wconf 58' lang='lat' dir='ltr'><strong>quaest.</strong></span> <span class='ocrx_word' id='word_1_400' title='bbox 2610 4157 2664 4210; x_wconf 85' lang='lat'><strong>2.</strong></span> <span class='ocrx_word' id='word_1_401' title='bbox 2712 4155 2940 4210; x_wconf 85' lang='lat' dir='ltr'><strong>Suarez.</strong></span> <span class='ocrx_word' id='word_1_402' title='bbox 2997 4156 3048 4210; x_wconf 87' lang='lat'><strong>3.</strong></span> <span class='ocrx_word' id='word_1_403' title='bbox 3100 4161 3248 4225; x_wconf 81' lang='lat' dir='ltr'><strong>part.</strong></span> <span class='ocrx_word' id='word_1_404' title='bbox 3300 4165 3428 4213; x_wconf 78' lang='lat' dir='ltr'><strong>tom.</strong></span> <span class='ocrx_word' id='word_1_405' title='bbox 3480 4158 3531 4212; x_wconf 87' lang='lat'><strong>3.</strong></span> <span class='ocrx_word' id='word_1_406' title='bbox 3582 4158 3721 4229; x_wconf 84' lang='lat' dir='ltr'><strong>disp.</strong></span> <span class='ocrx_word' id='word_1_407' title='bbox 3776 4160 3832 4214; x_wconf 87' lang='lat'><strong>7.</strong></span> <span class='ocrx_word' id='word_1_408' title='bbox 3917 4189 3920 4192; x_wconf 96' lang='lat'>·</span> 
     </span>
     <span class='ocr_line' id='line_1_80' title="bbox 2367 4226 3837 4297; baseline 0.003 -17"><span class='ocrx_word' id='word_1_409' title='bbox 2367 4227 2534 4295; x_wconf 80' lang='lat' dir='ltr'><strong>Vasq.</strong></span> <span class='ocrx_word' id='word_1_410' title='bbox 2564 4226 2617 4282; x_wconf 89' lang='lat'><strong>3.</strong></span> <span class='ocrx_word' id='word_1_411' title='bbox 2647 4229 2802 4297; x_wconf 82' lang='lat' dir='ltr'><strong>part.</strong></span> <span class='ocrx_word' id='word_1_412' title='bbox 2835 4227 2977 4296; x_wconf 73' lang='lat' dir='ltr'><strong>disp.</strong></span> <span class='ocrx_word' id='word_1_413' title='bbox 3008 4228 3130 4281; x_wconf 86' lang='lat'><strong>181.</strong></span> <span class='ocrx_word' id='word_1_414' title='bbox 3183 4227 3393 4283; x_wconf 82' lang='lat' dir='ltr'><strong>Scotus</strong></span> <span class='ocrx_word' id='word_1_415' title='bbox 3446 4228 3508 4283; x_wconf 82' lang='lat' dir='ltr'><strong>in</strong></span> <span class='ocrx_word' id='word_1_416' title='bbox 3544 4229 3718 4285; x_wconf 75' lang='lat' dir='ltr'><strong>Oxou.</strong></span> <span class='ocrx_word' id='word_1_417' title='bbox 3749 4231 3837 4286; x_wconf 71' lang='lat' dir='ltr'><strong>hic</strong></span> 
     </span>
     <span class='ocr_line' id='line_1_81' title="bbox 2364 4298 3449 4369; baseline 0.004 -18"><span class='ocrx_word' id='word_1_418' title='bbox 2364 4305 2547 4369; x_wconf 74' lang='lat' dir='ltr'><strong>quaest.</strong></span> <span class='ocrx_word' id='word_1_419' title='bbox 2590 4299 2642 4352; x_wconf 83' lang='lat'><strong>4.</strong></span> <span class='ocrx_word' id='word_1_420' title='bbox 2678 4301 2727 4353; x_wconf 82' lang='lat' dir='ltr'><strong>et</strong></span> <span class='ocrx_word' id='word_1_421' title='bbox 2758 4298 2810 4352; x_wconf 88' lang='lat'><strong>4.</strong></span> <span class='ocrx_word' id='word_1_422' title='bbox 2846 4300 3098 4366; x_wconf 66' lang='lat' dir='ltr'><strong>Metapa.</strong></span> <span class='ocrx_word' id='word_1_423' title='bbox 3131 4308 3325 4369; x_wconf 60' lang='lat' dir='ltr'><strong>quaest.</strong></span> <span class='ocrx_word' id='word_1_424' title='bbox 3363 4300 3449 4355; x_wconf 88' lang='lat'><strong>11.</strong></span> 
     </span>
    </p>
   </div>
   <div class='ocr_carea' id='block_1_16' title="bbox 2294 4484 4157 5401">
    <p class='ocr_par' dir='ltr' id='par_1_23' title="bbox 2294 4484 4157 5401">
     <span class='ocr_line' id='line_1_82' title="bbox 2391 4484 4069 4584; baseline 0.004 -26"><span class='ocrx_word' id='word_1_425' title='bbox 2391 4484 2761 4580; x_wconf 82' lang='lat' dir='ltr'><strong>Arguitur</strong></span> <span class='ocrx_word' id='word_1_426' title='bbox 2828 4486 3032 4583; x_wconf 89' lang='lat' dir='ltr'><strong>quod</strong></span> <span class='ocrx_word' id='word_1_427' title='bbox 3110 4485 3243 4559; x_wconf 90' lang='lat' dir='ltr'><strong>sic.</strong></span> <span class='ocrx_word' id='word_1_428' title='bbox 3337 4486 3835 4563; x_wconf 86' lang='lat' dir='ltr'><strong>Sacramenta</strong></span> <span class='ocrx_word' id='word_1_429' title='bbox 4009 4519 4069 4584; x_wconf 59' lang='lat'><strong>1,</strong></span> 
     </span>
     <span class='ocr_line' id='line_1_83' title="bbox 2294 4601 4142 4706; baseline 0.004 -33"><span class='ocrx_word' id='word_1_430' title='bbox 2294 4623 2518 4674; x_wconf 79' lang='lat' dir='ltr'><strong>novae</strong></span> <span class='ocrx_word' id='word_1_431' title='bbox 2560 4601 2750 4695; x_wconf 90' lang='lat' dir='ltr'><strong>legis</strong></span> <span class='ocrx_word' id='word_1_432' title='bbox 2792 4601 3187 4675; x_wconf 89' lang='lat' dir='ltr'><strong>continent</strong></span> <span class='ocrx_word' id='word_1_433' title='bbox 3215 4603 3565 4698; x_wconf 88' lang='lat' dir='ltr'><strong>gratiam.</strong></span> <span class='ocrx_word' id='word_1_434' title='bbox 3615 4604 3832 4680; x_wconf 93' lang='lat' dir='ltr'><strong>Unde</strong></span> <span class='ocrx_word' id='word_1_435' title='bbox 3916 4636 4142 4706; x_wconf 60' lang='lat' dir='ltr'><strong>Apgum.</strong></span> 
     </span>
     <span class='ocr_line' id='line_1_84' title="bbox 2296 4710 4157 4820; baseline 0.004 -30"><span class='ocrx_word' id='word_1_436' title='bbox 2296 4717 2374 4790; x_wconf 89' lang='lat' dir='ltr'><strong>in</strong></span> <span class='ocrx_word' id='word_1_437' title='bbox 2435 4718 2762 4814; x_wconf 84' lang='lat' dir='ltr'><strong>quadam</strong></span> <span class='ocrx_word' id='word_1_438' title='bbox 2808 4719 3143 4792; x_wconf 86' lang='lat' dir='ltr'><strong>Collecta</strong></span> <span class='ocrx_word' id='word_1_439' title='bbox 3201 4717 3530 4794; x_wconf 87' lang='lat' dir='ltr'><strong>dicitur:</strong></span> <span class='ocrx_word' id='word_1_440' title='bbox 3589 4719 3836 4820; x_wconf 79' lang='lat' dir='ltr'><strong>Perfi-</strong></span> <span class='ocrx_word' id='word_1_441' title='bbox 3900 4710 4157 4762; x_wconf 69' lang='lat' dir='ltr'><strong>prmum.</strong></span> 
     </span>
     <span class='ocr_line' id='line_1_85' title="bbox 2297 4832 3838 4930; baseline 0.005 -23"><span class='ocrx_word' id='word_1_442' title='bbox 2297 4833 2506 4908; x_wconf 71' lang='lat' dir='ltr'><strong>ciant</strong></span> <span class='ocrx_word' id='word_1_443' title='bbox 2528 4833 2608 4906; x_wconf 78' lang='lat' dir='ltr'><strong>in</strong></span> <span class='ocrx_word' id='word_1_444' title='bbox 2649 4832 2893 4922; x_wconf 67' lang='lat' dir='ltr'><strong>nobie,</strong></span> <span class='ocrx_word' id='word_1_445' title='bbox 2931 4834 3295 4930; x_wconf 77' lang='lat' dir='ltr'><strong>Domine,</strong></span> <span class='ocrx_word' id='word_1_446' title='bbox 3332 4835 3838 4914; x_wconf 81' lang='lat' dir='ltr'><strong>Sacramenta</strong></span> 
     </span>
     <span class='ocr_line' id='line_1_86' title="bbox 2297 4948 3838 5048; baseline 0.006 -27"><span class='ocrx_word' id='word_1_447' title='bbox 2297 4948 2504 5048; x_wconf 75' lang='lat' dir='ltr'><strong>quod</strong></span> <span class='ocrx_word' id='word_1_448' title='bbox 2520 4950 2910 5023; x_wconf 78' lang='lat' dir='ltr'><strong>concinent</strong></span> <span class='ocrx_word' id='word_1_449' title='bbox 2934 4978 2960 5035; x_wconf 91' lang='lat'><strong>,·</strong></span> <span class='ocrx_word' id='word_1_450' title='bbox 2990 4951 3120 5024; x_wconf 90' lang='lat' dir='ltr'><strong>sed</strong></span> <span class='ocrx_word' id='word_1_451' title='bbox 3154 4950 3651 5028; x_wconf 84' lang='lat' dir='ltr'><strong>Sacramenta</strong></span> <span class='ocrx_word' id='word_1_452' title='bbox 3682 4980 3838 5030; x_wconf 91' lang='lat' dir='ltr'><strong>non</strong></span> 
     </span>
     <span class='ocr_line' id='line_1_87' title="bbox 2302 5067 3837 5171; baseline 0.004 -30"><span class='ocrx_word' id='word_1_453' title='bbox 2302 5067 2703 5141; x_wconf 89' lang='lat' dir='ltr'><strong>continent</strong></span> <span class='ocrx_word' id='word_1_454' title='bbox 2760 5067 3068 5142; x_wconf 88' lang='lat' dir='ltr'><strong>realiter</strong></span> <span class='ocrx_word' id='word_1_455' title='bbox 3112 5077 3187 5143; x_wconf 88' lang='lat' dir='ltr'><strong>et</strong></span> <span class='ocrx_word' id='word_1_456' title='bbox 3226 5068 3303 5142; x_wconf 91' lang='lat' dir='ltr'><strong>in</strong></span> <span class='ocrx_word' id='word_1_457' title='bbox 3350 5079 3523 5145; x_wconf 86' lang='lat' dir='ltr'><strong>actu</strong></span> <span class='ocrx_word' id='word_1_458' title='bbox 3592 5072 3837 5171; x_wconf 91' lang='lat' dir='ltr'><strong>ipsam</strong></span> 
     </span>
     <span class='ocr_line' id='line_1_88' title="bbox 2301 5183 3837 5286; baseline 0.005 -30"><span class='ocrx_word' id='word_1_459' title='bbox 2301 5183 2659 5280; x_wconf 88' lang='lat' dir='ltr'><strong>gratiam,</strong></span> <span class='ocrx_word' id='word_1_460' title='bbox 2705 5183 2901 5258; x_wconf 88' lang='lat' dir='ltr'><strong>sicut</strong></span> <span class='ocrx_word' id='word_1_461' title='bbox 2955 5207 3092 5258; x_wconf 78' lang='lat' dir='ltr'><strong>vas</strong></span> <span class='ocrx_word' id='word_1_462' title='bbox 3149 5185 3491 5261; x_wconf 87' lang='lat' dir='ltr'><strong>continet</strong></span> <span class='ocrx_word' id='word_1_463' title='bbox 3529 5211 3837 5286; x_wconf 87' lang='lat' dir='ltr'><strong>aquam,</strong></span> 
     </span>
     <span class='ocr_line' id='line_1_89' title="bbox 2298 5297 3847 5401; baseline 0.005 -31"><span class='ocrx_word' id='word_1_464' title='bbox 2298 5298 2423 5372; x_wconf 83' lang='lat' dir='ltr'><strong>vel</strong></span> <span class='ocrx_word' id='word_1_465' title='bbox 2487 5297 2922 5373; x_wconf 90' lang='lat' dir='ltr'><strong>intellectus</strong></span> <span class='ocrx_word' id='word_1_466' title='bbox 2992 5299 3328 5397; x_wconf 88' lang='lat' dir='ltr'><strong>speciem</strong></span> <span class='ocrx_word' id='word_1_467' title='bbox 3395 5301 3847 5401; x_wconf 91' lang='lat' dir='ltr'><strong>intelligibi-</strong></span> 
     </span>
    </p>
   </div>
   <div class='ocr_carea' id='block_1_17' title="bbox 654 5416 3842 5519">
    <p class='ocr_par' dir='ltr' id='par_1_24' title="bbox 654 5416 3842 5519">
     <span class='ocr_line' id='line_1_90' title="bbox 654 5416 3842 5519; baseline 0 -23"><span class='ocrx_word' id='word_1_468' title='bbox 654 5421 989 5519; x_wconf 88' lang='lat' dir='ltr'><strong>utrique,</strong></span> <span class='ocrx_word' id='word_1_469' title='bbox 1038 5427 1287 5517; x_wconf 89' lang='lat' dir='ltr'><strong>potest</strong></span> <span class='ocrx_word' id='word_1_470' title='bbox 1336 5417 1526 5491; x_wconf 91' lang='lat' dir='ltr'><strong>illud</strong></span> <span class='ocrx_word' id='word_1_471' title='bbox 1569 5418 1751 5516; x_wconf 90' lang='lat' dir='ltr'><strong>poni</strong></span> <span class='ocrx_word' id='word_1_472' title='bbox 1798 5419 1877 5491; x_wconf 87' lang='lat' dir='ltr'><strong>in</strong></span> <span class='ocrx_word' id='word_1_473' title='bbox 1919 5416 2200 5492; x_wconf 84' lang='lat' dir='ltr'><strong>defini-</strong></span> <span class='ocrx_word' id='word_1_474' title='bbox 2306 5418 2456 5490; x_wconf 91' lang='lat' dir='ltr'><strong>lem</strong></span> <span class='ocrx_word' id='word_1_475' title='bbox 2494 5437 2726 5511; x_wconf 84' lang='lat' dir='ltr'><strong>;e1·go</strong></span> <span class='ocrx_word' id='word_1_476' title='bbox 2755 5416 3153 5491; x_wconf 90' lang='lat' dir='ltr'><strong>continent</strong></span> <span class='ocrx_word' id='word_1_477' title='bbox 3184 5440 3353 5491; x_wconf 90' lang='lat' dir='ltr'><strong>eam</strong></span> <span class='ocrx_word' id='word_1_478' title='bbox 3386 5419 3842 5518; x_wconf 83' lang='lat' dir='ltr'><strong>virtualiter,</strong></span> 
     </span>
    </p>
   </div>
   <div class='ocr_carea' id='block_1_18' title="bbox 661 5533 1412 5613">
    <p class='ocr_par' dir='ltr' id='par_1_25' title="bbox 661 5533 1412 5613">
     <span class='ocr_line' id='line_1_91' title="bbox 661 5533 1412 5613; baseline -0.012 0"><span class='ocrx_word' id='word_1_479' title='bbox 661 5539 864 5613; x_wconf 89' lang='lat' dir='ltr'><strong>tione</strong></span> <span class='ocrx_word' id='word_1_480' title='bbox 907 5533 1412 5609; x_wconf 86' lang='lat' dir='ltr'><strong>Sacramenti.</strong></span> 
     </span>
    </p>
   </div>
   <div class='ocr_carea' id='block_1_19' title="bbox 2308 5530 3848 5614">
    <p class='ocr_par' dir='ltr' id='par_1_26' title="bbox 2308 5530 3848 5614">
     <span class='ocr_line' id='line_1_92' title="bbox 2308 5530 3848 5614; baseline 0.006 -9"><span class='ocrx_word' id='word_1_481' title='bbox 2308 5531 2508 5605; x_wconf 89' lang='lat' dir='ltr'><strong>sicut</strong></span> <span class='ocrx_word' id='word_1_482' title='bbox 2539 5554 2773 5606; x_wconf 89' lang='lat' dir='ltr'><strong>causa</strong></span> <span class='ocrx_word' id='word_1_483' title='bbox 2814 5532 3156 5606; x_wconf 89' lang='lat' dir='ltr'><strong>continet</strong></span> <span class='ocrx_word' id='word_1_484' title='bbox 3198 5530 3551 5608; x_wconf 81' lang='lat' dir='ltr'><strong>effectum</strong></span> <span class='ocrx_word' id='word_1_485' title='bbox 3594 5535 3671 5608; x_wconf 90' lang='lat' dir='ltr'><strong>in</strong></span> <span class='ocrx_word' id='word_1_486' title='bbox 3707 5560 3848 5614; x_wconf 87' lang='lat' dir='ltr'><strong>sua</strong></span> 
     </span>
    </p>
   </div>
   <div class='ocr_carea' id='block_1_20' title="bbox 757 5645 2614 5750">
    <p class='ocr_par' dir='ltr' id='par_1_27' title="bbox 757 5645 2614 5750">
     <span class='ocr_line' id='line_1_93' title="bbox 757 5645 2614 5750; baseline -0.006 -20"><span class='ocrx_word' id='word_1_487' title='bbox 757 5654 869 5730; x_wconf 86' lang='lat' dir='ltr'><strong>Ad</strong></span> <span class='ocrx_word' id='word_1_488' title='bbox 912 5652 1147 5742; x_wconf 89' lang='lat' dir='ltr'><strong>aliud,</strong></span> <span class='ocrx_word' id='word_1_489' title='bbox 1192 5660 1399 5750; x_wconf 89' lang='lat' dir='ltr'><strong>patet</strong></span> <span class='ocrx_word' id='word_1_490' title='bbox 1450 5651 1656 5749; x_wconf 90' lang='lat' dir='ltr'><strong>quod</strong></span> <span class='ocrx_word' id='word_1_491' title='bbox 1717 5673 1866 5724; x_wconf 90' lang='lat' dir='ltr'><strong>non</strong></span> <span class='ocrx_word' id='word_1_492' title='bbox 1914 5649 2201 5747; x_wconf 88' lang='lat' dir='ltr'><strong>accipi-</strong></span> <span class='ocrx_word' id='word_1_493' title='bbox 2305 5645 2614 5720; x_wconf 87' lang='lat' dir='ltr'><strong>virtute.</strong></span> 
     </span>
    </p>
   </div>
  </div>
 </body>
</html>
