4295 6326
602 447 733 515 242

606 617 968 694 terminat
1112 618 1311 692 hanc
1369 618 1379 625 '
1433 609 2140 712 independentiam,

562 738 841 835 vigitur
880 760 1017 835 per
1076 735 1450 810 rationem
1517 728 1798 804 infiniti
1876 725 2144 802 termi-

603 865 738 930 nat
780 883 799 949 3
844 864 915 929 at
959 853 1172 953 prius
1210 851 1493 925 dictum
1566 856 1678 922 est
1735 844 1939 943 quod
1968 866 2145 941 per-

606 998 797 1051 sona
836 972 1096 1047 divina
1136 995 1293 1044 non
1354 978 1468 1044 est
1526 965 1830 1039 infinita
1862 965 2142 1038 forma-

605 1091 778 1167 liter
846 1088 995 1163 nisi
1073 1087 1367 1162 ratione
1445 1081 1800 1159 essentiae
1838 1108 1856 1174 ;
1913 1079 2146 1175 igitur

604 1232 741 1308 per
773 1207 1145 1282 rationem
1175 1201 1531 1280 essentirc
1561 1198 1917 1274 terminat
1945 1198 2144 1270 hanc

602 1322 1221 1424 dependentiam.
1261 1321 1449 1393 Dico
1486 1316 1688 1415 quod
1726 1316 1898 1390 licet
1930 1312 2147 1387 nulla

601 1441 964 1542 perfectio
1008 1437 1459 1538 simpliciter
1491 1432 1902 1509 conveniat
1968 1453 2146 1529 per-

602 1583 815 1635 sonae
857 1557 1169 1646 divinae,
1207 1554 1356 1628 nisi
1390 1551 1687 1627 ratione
1755 1546 2141 1639 essentiae,

602 1687 855 1750 tamen
899 1670 1371 1771 imperfectio
1422 1675 1669 1766 potest
1712 1686 2144 1761 repugnare

601 1814 954 1891 personae
986 1789 1301 1881 divinae,
1348 1795 1419 1860 et
1451 1808 1606 1858 non
1660 1780 1955 1856 ratione
2024 1802 2149 1854 95-

602 1909 894 1994 sentioe,
959 1905 1142 2005 quia
1207 1904 1384 1979 licet
1443 1897 1913 1998 imperfectio
1989 1919 2146 1970 non

601 2033 981 2126 repugnet
1011 2022 1149 2117 illi,
1205 2020 1411 2119 quod
1488 2025 1738 2116 potest
1778 2037 1946 2090 esse
2015 2013 2150 2085 im·

602 2144 1052 2244 perfectum,
1086 2149 1342 2214 tamen
1412 2142 1660 2234 potest
1713 2152 2146 2229 repugnare

601 2263 739 2351 illi,
786 2260 990 2359 quod
1027 2254 1462 2333 necessario
1495 2277 1649 2327 non
1704 2259 1819 2325 est
1858 2248 2150 2346 imper-

604 2381 934 2470 fectum3
1008 2374 1179 2448 ideo
1221 2395 1397 2447 curn
1466 2365 1975 2468 personalitas
2030 2363 2150 2436 di-

600 2494 784 2569 vina
817 2514 971 2565 non
1025 2489 1122 2563 sit
1198 2484 1617 2561 formaliter
1674 2480 2143 2578 imperfecta,

604 2635 747 2687 nec
789 2609 1123 2709 perfecta
1165 2606 1624 2702 inquantum
1670 2595 2145 2694 hujusmodi,

605 2738 862 2803 tamen
905 2730 1151 2824 potest
1211 2743 1378 2796 esse
1437 2716 1642 2816 quod
1683 2715 1828 2789 sibi
1883 2735 2154 2788 neces-

611 2844 811 2920 sario
846 2849 1223 2941 repugnet
1244 2833 1744 2936 imperfectio,
1791 2840 1865 2906 et
1895 2839 2151 2906 tamen

613 2987 763 3037 non
818 2967 1195 3060 repugnat
1226 2955 1369 3031 sibi
1412 2976 1568 3028 esse
1622 2950 2037 3049 perfectum
2082 2956 2155 3021 et

622 3078 1039 3170 infinitum,
1075 3074 1205 3149 sed
1249 3072 1393 3147 sibi
1436 3068 1796 3145 convenit
1860 3064 2156 3141 ratione

626 3196 980 3274 essentiae
1003 3194 1350 3267 inclusae.

336 3325 566 3377 Necesse
726 3317 857 3389 Est
887 3301 1750 3409 igiturindependentia
1810 3300 2154 3405 duplex:

284 3403 401 3527 3ῗέ
419 3403 595 3527 11119113
629 3428 1099 3522 Ε55911119115,
1146 3448 1320 3523 quae
1379 3432 1492 3496 est
1531 3417 1866 3510 termini,
1938 3426 2013 3490 et
2069 3416 2161 3490 de

330 3516 565 3631 meant-a-
631 3553 771 3623 hac
813 3570 968 3620 non
1028 3546 1355 3640 loquor3
1418 3537 1566 3612 alia
1607 3545 1719 3609 est
1785 3533 2165 3630 indepen-

629 3663 887 3740 dentia
955 3658 1188 3734 unius
1255 3675 1608 3754 personae
1683 3657 2009 3740 tantum,
2084 3657 2166 3720 ut

626 3778 1045 3879 paternitas
1123 3774 1213 3848 de
1272 3794 1351 3846 se
1422 3777 1534 3843 est
1600 3763 2159 3862 independenS,

625 3892 1029 3996 quianihil
1071 3900 1185 3965 est
1251 3888 1330 3961 in
1398 3887 1650 3976 Patre,
1703 3881 1907 3979 quod
1984 3879 2166 3954 dicit

628 4037 765 4088 ens
798 4008 1188 4110 possibile,
1250 4003 1381 4078 sod
1425 4009 1538 4076 est
1601 4020 1917 4072 necesse
1996 4018 2163 4070 esse

625 4156 717 4207 ex
758 4153 867 4222 se,
911 4135 996 4200 ut
1063 4119 1560 4217 distinguitur
1599 4124 1866 4190 contra
1908 4113 2166 4210 possi-

626 4249 822 4333 bz’le,·
879 4256 952 4321 et
1006 4244 1175 4318 ideo
1240 4239 1471 4313 simul
1531 4234 2166 4335 philosophantes

626 4376 699 4443 et
735 4366 1262 4459 theologantes
1304 4363 1562 4431 errant
1594 4353 1936 4426 volentes
1978 4372 2167 4423 con-

622 4483 932 4559 cludere
974 4475 1428 4552 infinitatem
1475 4495 1563 4546 ex
1606 4472 1776 4556 hoc,
1806 4466 2009 4565 quod
2053 4474 2167 4540 est

621 4621 938 4675 necesse
1001 4617 1168 4670 9559
1212 4615 1303 4665 ex
1336 4612 1444 4682 se,
1505 4596 1573 4662 et
1610 4585 1779 4659 ideo
1847 4606 2163 4656 11999559

623 4740 791 4793 9559
834 4738 925 4790 ex
966 4736 1046 4787 se
1097 4707 1442 4785 absolute
1511 4705 1759 4778 solum
1831 4698 2165 4773 excludit

622 4830 1234 4935 possibilitatem,
1301 4832 1375 4898 et
1441 4845 1595 4895 non
1670 4817 2158 4909 infinitatem,

622 4952 806 5051 quia
929 4944 1339 5022 relationes
1428 4939 1506 5011 in
1620 4935 1902 5009 divinis
2007 4957 2158 5006 non

624 5069 1028 5145 includunt
1105 5084 1242 5137 ens
1300 5054 1694 5157 possibile,
1765 5062 1839 5127 et
1904 5060 2160 5124 tamen

623 5213 780 5265 non
837 5182 1243 5261 includunt
1307 5173 1764 5249 intinitatem
1835 5168 2164 5243 formali-

619 5316 759 5383 ter.

272 5424 569 5536 R⁰JP⁰¹¹⁸³⁰
716 5423 825 5499 Ad
869 5417 1243 5493 rationem
1284 5409 1516 5505 igitur
1572 5402 1928 5501 superius
2004 5400 2161 5474 fac-

268 5503 587 5601 assmessffiss-
620 5554 802 5634 tam,
836 5560 1006 5612 cum
1053 5529 1330 5604 dicitur
1375 5524 1845 5599 :Incarnare
1886 5524 2162 5615 estper

363 5627 504 5665 nem.
616 5685 695 5734 se
764 5677 985 5754 assere
1062 5653 1357 5724 achone
1432 5643 1896 5729 transeunte,
1970 5659 2158 5708 con-

2076 430 2318 502 LIBRI
2363 430 2486 501 ΙΙΙ.

2257 605 2473 697 cedO,
2527 628 2682 678 non
2728 613 2982 678 tamen
3017 612 3130 678 est
3192 598 3645 699 compositio
3712 621 3806 672 ex

2255 745 2587 820 persona
2636 721 2898 795 divina
2948 730 3021 794 et
3090 729 3365 794 natura
3427 720 3796 805 humana,

2256 841 2440 939 quia
2478 840 2693 917 nulla
2753 838 3206 936 compositio
3262 845 3400 931 est,
3456 836 3603 910 nisi
3672 858 3804 909 ac-

2256 969 2378 1033 tus
2467 958 2825 1032 informet
2900 956 3348 1054 potentiam.
3423 955 3513 1027 Et
3627 952 3803 1026 licet

2256 1075 2767 1150 Grammatice
2803 1074 3219 1172 loquendo,
3257 1073 3666 1147 incarnare
3696 1070 3803 1144 si-

2255 1192 2568 1290 gnificet
2608 1194 2833 1267 talem
2887 1202 3171 1278 actum,
3225 1201 3482 1264 tamen
3542 1189 3805 1263 incar-

2255 1310 2435 1384 nari
2477 1333 2630 1384 non
2703 1306 3089 1404 significat
3152 1307 3365 1380 illam
3436 1304 3802 1380 unionem

2256 1427 2643 1526 passivam
2707 1426 3044 1518 realiter,
3126 1426 3260 1499 sed
3327 1423 3621 1498 assumi
3677 1423 3799 1496 vel

2253 1545 2472 1618 uniri
2536 1541 2921 1640 significat
2995 1544 3214 1617 istam
3303 1541 3796 1639 passionem3

2260 1660 2460 1735 unde
2502 1659 2580 1734 in
2623 1669 2898 1734 natura
2931 1661 3275 1733 humana
3314 1668 3429 1733 est
3467 1658 3600 1731 illa
3625 1680 3801 1754 pas-

2257 1778 2370 1852 sio
2412 1787 2766 1875 respectu
2810 1776 3224 1851 Trinitatis,

2784 2096 3136 2153 SCllOLIUM
3179 2095 3271 2152 111.

2329 2251 2411 2306 Ad
2462 2250 2867 2323 quaestionem,
2921 2249 3243 2322 quamlibet
3300 2263 3604 2322 personam
3658 2247 3802 2306 divi·

2259 2356 2396 2397 nam
2454 2354 2626 2412 posse
2687 2340 2995 2396 terminare
3072 2338 3523 2411 dependentium
3582 2343 3800 2393 naturae

2260 2437 2480 2495 creatae,
2514 2428 2789 2501 quianon
2822 2434 2911 2485 est
2941 2428 3130 2500 major
3165 2427 3313 2485 ratio
3346 2428 3415 2484 de
3465 2444 3585 2483 una
3631 2443 3802 2500 quam

2260 2520 2331 2575 de
2362 2519 2498 2587 elia,
2539 2524 2596 2576 et
2653 2519 2966 2575 terminum
3024 2523 3244 2574 naturae
3299 2520 3614 2588 assumpta}
3671 2533 3802 2573 esse

2260 2610 2603 2666 relationem
2636 2609 3075 2666 constitutivam
3108 2623 3372 2680 personae
3420 2605 3796 2664 assumentis.

2363 2808 2509 2880 Per
2549 2807 2693 2879 hoc
2721 2805 2813 2880 ad
2850 2804 3386 2902 quaestionem,
3423 2813 3496 2878 et
3535 2803 3805 2878 sic-de·
3967 2810 4035 2877 8.

2265 2925 2597 2999 claratur
2636 2923 2904 2998 tertius
2945 2922 3340 3017 articulus,
3388 2921 3591 3020 quod
3624 2944 3806 3018 pos·
3830 2924 4174 3038 ngisffsass

2268 3040 2486 3115 sibile
2520 3049 2633 3115 est
2665 3049 3018 3113 naturam
3052 3041 3470 3112 humanam
3514 3046 3807 3111 susten·
3834 3004 3866 3054 q
3939 3003 4088 3103 meiap

2270 3161 2412 3235 tari
2475 3158 2552 3233 in
2615 3183 2772 3232 11119
2837 3182 3193 3256 persona,
3254 3157 3430 3233 licet
3494 3182 3667 3231 non.
3728 3154 3807 3228 in

2272 3278 2446 3351 alia.
2492 3276 2789 3349 Dicitur
2824 3285 3075 3349 tamen
3119 3274 3323 3372 quod
3359 3274 3624 3348 relatio
3667 3273 3813 3346 dif-

2271 3393 2413 3468 fert
2454 3393 2547 3467 ab
2581 3392 2912 3467 essentia
2972 3391 3264 3465 ratione
3298 3399 3620 3480 tantum,
3691 3390 3811 3463 vel

2274 3510 2551 3584 dicitur
2591 3510 2796 3607 quod
2839 3509 3298 3605 inquantum
3329 3507 3595 3581 relatio
3654 3530 3807 3579 non

2275 3627 2658 3721 terminat,
2696 3627 2877 3723 quia
2909 3625 3365 3722 inquantum
3405 3624 3805 3698 relativum

2273 3768 2429 3818 non
2487 3742 2847 3817 terminat
2915 3749 3402 3838 respectum3
3465 3738 3815 3814 similiter

2276 3864 2351 3936 in
2386 3862 2669 3936 div-inis
2712 3869 2824 3935 est
2859 3884 3094 3933 unum
3140 3883 3324 3952 9339,
3389 3859 3619 3955 igitur
3664 3880 3816 3931 una

2279 3982 2486 4056 111110.
2568 3981 2870 4080 Duplex
2936 3989 3190 4053 tamen
3263 3978 3574 4077 ponitur
3632 3976 3757 4048 via
3793 3999 3807 4048 ε

2277 4099 2474 4192 Una,
2508 4097 2711 4197 quod
2755 4096 3085 4171 essentia
3120 4106 3232 4170 est
3265 4094 3641 4169 terminus
3676 4094 3815 4168 for-

2278 4216 2497 4291 malis
2529 4223 2602 4289 et
2643 4213 2908 4289 relatio
2938 4213 3104 4286 3ί119
3163 4236 3306 4310 quo
3366 4235 3520 4285 non
3564 4239 3617 4304 3„
3665 4210 3812 4285 alia

2276 4335 2401 4408 via
2467 4333 2684 4432 ponit
2714 4332 2917 4429 quod
2961 4330 3295 4406 essentia
3361 4330 3509 4405 alio
3593 4331 3814 4404 modo

2277 4453 2603 4527 habetur
2670 4450 2745 4523 in
2821 4474 2973 4523 una
3041 4473 3373 4547 persona
3438 4472 3670 4546 quam
3735 4450 3810 4521 in

2277 4571 2427 4644 alia
2462 4598 2479 4663 3
2527 4569 2763 4642 Filius
2796 4567 2951 4664 agit
2983 4591 3137 4640 non
3172 4591 3213 4641 9
3256 4590 3364 4661 59,
3404 4567 3630 4640 Pater
3660 4566 3815 4663 agit

2275 4712 2320 4762 a
2350 4712 2457 4762 se.

2373 4808 2654 4896 Contra
2716 4803 3042 4901 primam
3101 4802 3333 4897 viam,
3397 4802 3519 4876 cui
3599 4827 3814 4877 com-
3863 4819 3982 4869 Non
4018 4822 4153 4884 ptus

2274 4924 2460 5022 petit
2526 4921 2865 4995 formalis
2929 4920 3120 4994 ratio
3209 4921 3513 5015 agendi,
3596 4932 3809 4995 ante-
3840 4896 4177 5010 ιῖιῗρῖῗέἶῗ

2275 5065 2506 5140 quarn
2556 5039 2653 5114 sit
2710 5039 2903 5113 actio
2964 5037 3235 5122 elicita,
3306 5038 3495 5112 illud
3563 5022 4173 5136 potestqaiffmmaeifiea.

2275 5184 2411 5259 per
2477 5182 2556 5241 se
2617 5180 2895 5253 agere3
2964 5156 3194 5252 igitur
3247 5156 3371 5229 cui
3452 5158 3811 5254 competit

2271 5276 2611 5351 formalis
2643 5275 2830 5349 ratio
2873 5272 3336 5347 terminandi
3396 5283 3808 5372 antequam

2271 5397 2366 5470 sit
2392 5394 2794 5486 terminus,
2831 5391 3016 5465 illud
3062 5400 3307 5489 potest
3342 5414 3478 5488 per
3516 5415 3596 5466 se
3655 5401 3812 5467 ter-

2275 5514 2621 5604 minare;
2673 5511 2905 5604 igitur
2983 5532 3154 5583 cum
3209 5509 3573 5605 quaelibet
3635 5535 3813 5609 per-

2273 5655 2463 5706 sona
2503 5631 2596 5705 sit
2638 5628 2851 5727 prius
2893 5627 3295 5701 duratione
3338 5637 3612 5701 natura
3666 5631 3815 5702 hu-
