4295 6326
656 453 784 522 342

661 625 1005 722 ejusdem
1052 635 1338 732 speciei
1384 637 1684 711 tandem
1750 635 2060 711 devenit
2113 632 2209 707 ad

663 746 1200 842 substantiam,
1249 775 1423 849 quoe
1484 755 1560 826 in
1626 753 1865 850 gradu
1930 775 2211 849 corpo-

558 886 571 898 ·
669 862 962 938 reitatis
993 867 1116 940 hic
1158 879 1230 942 et
1282 869 1382 941 ibi
1446 870 1676 944 habet
1731 869 2203 943 identitatem

664 979 1128 1076 specificam,
1167 997 1241 1058 et
1271 994 1518 1059 tamen
1559 984 2006 1083 recipientia
2042 984 2209 1056 ulti-

667 1105 866 1171 mata
944 1110 1124 1172 sunt
1180 1101 1507 1176 diversae
1567 1102 1877 1200 speciei,
1944 1113 2015 1175 et
2064 1101 2205 1174 iste

664 1212 950 1307 gradus
992 1218 1520 1314 corporeitatis
1571 1242 1741 1293 curn
1790 1220 1917 1292 illo
1964 1217 2205 1314 gradu

666 1331 945 1427 speciei
1017 1343 1296 1410 atomae
1338 1346 1453 1411 est
1496 1337 1699 1411 idem
1780 1335 2203 1423 identitate,

314 1468 636 1581 hfigssffit
667 1471 821 1521 non
853 1458 1109 1525 tamen
1163 1453 1609 1528 formaliter.
1658 1456 1749 1528 Et
1806 1455 1944 1527 iste
2006 1453 2209 1527 idem

331 1657 342 1669 ⁶
391 1594 496 1642 alia
539 1606 607 1642 aa
667 1565 954 1660 gradus
995 1568 1249 1665 spec-ie
1291 1569 1731 1644 continetur
1772 1569 2064 1644 unitive
2129 1569 2206 1642 in

329 1657 617 1771 ¹⁶²ff.?‘'⁰·
669 1683 910 1779 gradu
949 1685 1295 1759 ultimam
1351 1687 1537 1783 ligni
1583 1696 1655 1761 et
1721 1687 2022 1784 lapidis,
2077 1685 2209 1782 qui

667 1806 920 1872 tamen
960 1798 1323 1874 differunt
1362 1802 1615 1901 specie
1663 1830 1681 1896 ;
1727 1812 1800 1877 et
1856 1802 1964 1875 sic
2007 1801 2208 1875 idem

669 1915 956 2012 gradus
1058 1919 1313 2017 specie
1409 1928 1658 2017 potest
1760 1943 1928 1994 esse
2006 1919 2221 2012 idem·

666 2030 1091 2121 identitate,
1178 2044 1250 2109 et
1317 2036 1694 2110 contineri
1757 2036 2048 2110 unitive
2130 2034 2207 2107 in

665 2145 989 2221 diversis
1030 2150 1479 2246 speciebus3
1517 2152 1626 2226 sic
1667 2161 1777 2227 est
1817 2152 1924 2227 ‘de
1965 2151 2206 2248 gradu

665 2261 947 2337 animae
979 2264 1369 2340 sensitivae
1401 2267 1477 2339 in
1514 2267 1824 2342 homine
1867 2276 1941 2341 et
1982 2267 2204 2341 bove.

668 2377 1038 2453 Similiter
1078 2380 1168 2455 de
1210 2383 1702 2480 passionibus
1752 2385 1973 2459 entis.
2012 2385 2210 2482 Ipsae

667 2494 873 2568 enim
923 2519 1074 2569 non
1136 2508 1316 2572 sunt
1374 2500 1689 2573 alterius
1755 2501 2072 2575 rationis
2128 2502 2207 2575 in

666 2611 809 2684 hac
851 2612 1106 2709 specie
1140 2624 1214 2688 et
1248 2614 1404 2703 illa,
1452 2615 1633 2713 quia
1674 2616 1750 2689 in
1807 2617 2053 2714 lapide
2096 2628 2209 2691 est

669 2726 922 2801 unitas
953 2738 1027 2802 et
1058 2730 1368 2823 veritaS,
1416 2743 1489 2805 et
1535 2742 1848 2831 nonest
1892 2733 2208 2808 alterius

666 2842 987 2917 rationis
1055 2845 1130 2917 in
1211 2869 1704 2945 quocumque
1792 2848 1940 2922 alio
2000 2858 2200 2940 ente,

663 2956 848 3052 quia
879 2958 940 3031 si
975 2959 1111 3054 sic,
1143 2971 1252 3035 tot
1283 2974 1540 3038 essent
1586 2963 2206 3039 coordinationes

661 3073 739 3147 in
763 3076 1262 3174 passionibus
1294 3081 1519 3176 entiS,
1557 3090 1744 3180 quot
1782 3082 2011 3156 habet
2040 3107 2208 3182 pas-

664 3195 923 3272 siones
968 3199 1287 3274 alterius
1331 3201 1675 3277 rationis.
1721 3197 2001 3279 Tamen
2037 3203 2205 3278 istae

663 3313 1066 3410 passiones
1106 3317 1603 3394 continentur
1645 3320 1936 3395 unitive
1969 3320 2045 3393 in
2081 3343 2200 3408 ρο,

667 3432 876 3528 quod
936 3443 1052 3507 est
1144 3437 1460 3510 alterius
1542 3437 1886 3531 rationis,
1950 3447 2023 3512 et
2098 3438 2207 3512 sic

672 3543 872 3619 idem
908 3557 981 3620 et
1012 3547 1352 3644 ejusdem
1391 3550 1706 3626 rationis
1749 3560 1998 3650 potest
2036 3575 2214 3626 con-

670 3661 897 3736 tineri
934 3664 1224 3741 unitive
1264 3666 1337 3740 in
1383 3668 1706 3744 diversis
1759 3669 2201 3743 formaliter.

315 3794 638 3845 voluntaset
673 3777 762 3849 Et
802 3777 912 3851 sic
944 3781 1281 3854 concedo
1324 3783 1528 3880 quod
1581 3782 2010 3881 intelliyere
2049 3788 2211 3857 An-

357 3858 606 3907 intellec-

314 3919 614 4032 3323122-
669 3894 819 3988 geli
854 3904 927 3970 et
996 3898 1354 3987 hominis,
1426 3910 1499 3974 et
1540 3900 1759 3989 velle,
1823 3911 1897 3976 et
1945 3902 2214 3976 volun-

331 4047 435 4106 μη
468 4045 614 4109 eJus-
670 4018 809 4096 tas,
848 4021 921 4083 et
960 4011 1394 4089 intellectus
1434 4027 1612 4090 sunt
1654 4016 1999 4113 ejusdem
2046 4040 2212 4113 spea

313 4108 605 4228 530⁸?in
667 4127 839 4214 ciei,
887 4136 960 4201 et
1012 4139 1267 4204 tamen
1326 4132 1742 4206 fundantur
1817 4134 1893 4207 in
1954 4157 2210 4208 essen-

372 4238 416 4285 ¹·
451 4247 500 4298 q·
534 4238 581 4284 ⁵·
666 4244 816 4333 tiis.
845 4253 918 4318 et
949 4247 1441 4323 continentur
1472 4249 1546 4323 in
1578 4251 1694 4325 his
1731 4252 2020 4325 unitive
2055 4252 2207 4324 duo

666 4359 1087 4436 formaliter
1125 4364 1441 4440 alterius
1479 4366 1821 4461 rationis,
1878 4377 1961 4442 ut
1993 4367 2209 4442 intel-

666 4477 910 4551 lectus
952 4488 1027 4552 et
1057 4481 1441 4555 voluntas,

2033 456 2275 526 LIBRI
2322 457 2440 528 111.

2420 632 2529 706 Ad
2565 630 2895 730 primum
2945 572 3397 730 principale,
3443 625 3611 700 dico
3655 618 3859 718 quod
3997 651 4112 717 24,

2326 750 2534 824 Deus
2574 758 2686 824 est
2719 749 2964 848 prima
3004 770 3237 821 causa
3267 744 3513 820 activa
3544 751 3617 816 et
3658 737 3860 837 prin·
3907 766 3985 818 Ad
4019 767 4064 814 1,
4099 780 4225 828 arg,

2318 868 2585 966 cipalis
2618 875 2964 965 respectu
3009 863 3420 955 fruitionis,
3466 869 3540 935 et
3582 859 3857 931 volun-
3908 832 4231 943 Anavgffin-

2323 993 2432 1059 tas
2464 995 2719 1059 creata
2751 1007 2982 1059 causa
3014 981 3381 1073 secunda,
3455 978 3554 1075 etss
3581 973 3860 1073 quaeti-
3890 960 4229 1081 ’Ἓῑῗζξῖξζω

2319 1102 2445 1176 bet
2528 1125 2761 1175 causa
2847 1100 3211 1186 secunda,
3332 1107 3415 1171 ut
3503 1096 3860 1168 voluntas
3891 1080 4227 1194 “affssgnssfn‘

2321 1227 2600 1311 creata,
2673 1226 2921 1314 potest
2978 1217 3054 1290 in
3117 1237 3498 1290 summam
3559 1210 3862 1285 fruitio-

2322 1358 2527 1428 nem,
2575 1343 2949 1431 quantum
3003 1342 3117 1407 est
3166 1355 3257 1406 ex
3308 1354 3417 1423 se,
3502 1339 3582 1402 ut
3631 1348 3865 1401 causa

2322 1453 2661 1527 secunda
2718 1474 3051 1548 coagens
3119 1471 3375 1525 causae
3437 1446 3734 1545 primae,
3798 1443 3860 1517 si

2324 1569 2571 1670 prima
2610 1592 2843 1643 causa
2872 1567 3305 1663 velitagere
3348 1564 3440 1638 ad
3473 1566 3618 1636 hoc
3658 1559 3862 1658 quod

2324 1689 2487 1786 ipsa
2519 1710 2817 1762 summe
2859 1688 3188 1760 fruatur.
3242 1684 3526 1757 Tamen
3598 1682 3867 1753 volun-

2324 1815 2438 1879 tas
2472 1813 2723 1878 creata
2757 1813 2872 1877 est
2911 1825 3144 1877 causa
3176 1800 3422 1875 activa
3466 1795 3865 1896 principa-

2324 1923 2469 1996 lior
2510 1944 2735 2019 quam
2773 1919 3042 2017 gratia,
3095 1915 3685 2016 quia,potentia
3731 1914 3866 1988 uti-

2328 2049 2448 2115 tur
2478 2038 2772 2126 habitu,
2802 2047 2875 2112 et
2906 2062 3056 2112 non
3094 2060 3133 2111 e
3160 2045 3452 2128 contra,
3480 2044 3553 2109 et
3576 2042 3863 2131 quanto

2324 2180 2558 2231 causa
2615 2155 2954 2230 secunda
2995 2165 3110 2229 est
3150 2153 3404 2227 minus
3472 2150 3720 2225 activa
3786 2150 3863 2223 in

2325 2283 2600 2348 natura
2647 2297 2815 2365 sua,
2850 2280 3060 2346 tanto
3111 2271 3358 2368 prima
3399 2290 3633 2342 causa
3692 2268 3864 2364 plus

2322 2390 2502 2486 agit.
2539 2389 2701 2463 Hoc
2752 2399 2865 2463 est
2912 2387 3306 2485 possibile,
3379 2384 3443 2458 si
3511 2408 3667 2457 non
3724 2408 3865 2481 po-

2324 2515 2607 2580 nantur
2647 2506 3111 2595 voluntateS,
3158 2526 3300 2575 nec
3331 2500 3731 2575 fruitiones
3755 2501 3863 2573 al-

2321 2622 2560 2697 terius
2618 2619 2928 2718 speciei,
3011 2619 3193 2716 quia
3260 2617 3322 2691 si
3393 2625 3864 2714 ponerentur

2320 2739 2636 2814 alterius
2696 2736 3008 2836 speciei,
3055 2759 3210 2809 non
3276 2734 3582 2808 videtur
3640 2733 3860 2807 facile

2319 2853 2506 2951 quin
2550 2851 2954 2949 perfectior
3000 2860 3200 2925 esset
3260 2847 3518 2922 fruitio
3585 2846 3856 2943 Angeli

2318 2994 2546 3068 quam
2655 2969 3215 3065 cujuscumque
3328 2964 3607 3041 animae
3713 2966 3858 3037 hu-

2318 3111 2596 3162 manae.

2412 3207 2526 3281 Ad
2603 3204 2811 3280 aliud
2861 3203 3059 3297 dico,
3111 3201 3314 3300 quod
3390 3201 3731 3297 Angelus
3789 3198 3851 3273 si

2319 3323 2586 3398 fuisset
2700 3329 3141 3419 assumptus
3286 3341 3459 3392 cum
3612 3315 3856 3412 gratia

2320 3440 2628 3539 aequali,
2747 3463 2898 3513 non
2991 3436 3385 3513 habuisset
3489 3434 3854 3531 majorem

2323 3558 2787 3632 fruitionem.
2836 3556 2984 3630 Sed
3037 3555 3099 3629 si
3167 3555 3527 3628 voluntas
3582 3551 3856 3647 Angeli

2322 3686 2523 3751 esset
2569 3674 2810 3770 magis
2841 3673 3115 3767 activa,
3161 3681 3235 3747 et
3288 3671 3531 3766 gratia
3597 3692 3864 3766 aequa-

2322 3794 2442 3887 lis,
2480 3803 2755 3867 etcum
2792 3794 2937 3865 hoc
2969 3813 3202 3864 causa
3243 3788 3487 3887 prima
3540 3786 3861 3883 aequali-

2320 3919 2435 3984 ter
2460 3917 2745 4005 ageret.
2795 3908 3108 3982 haberet
3150 3905 3516 4002 majorem
3564 3903 3860 3976 fruitio-

2324 4049 2529 4119 nem,
2639 4047 2866 4121 quam
2972 4022 3195 4096 modo
3291 4019 3520 4095 habet
3600 4018 3860 4093 anima

3910 3222 3987 3268 Ad
4031 3234 4244 3274 seeun-

3975 3284 4136 3334 dum.

2302 4141 2598 4216 *Christi
2637 4167 2654 4225 3
2700 4140 2829 4214 sed
2872 4138 3120 4237 posita
3175 4138 3571 4212 voluntate
3617 4135 3860 4230 magis

2320 4259 2595 4351 activa,
2632 4281 2783 4331 non
2846 4256 3249 4354 aequaliter
3301 4261 3560 4350 ageret
3626 4275 3859 4326 causa

2320 4400 2592 4475 prima.
