4295 6326
1527 426 1749 496 DIST.
1800 426 1990 495 XIII.
2043 426 2462 507 QUAESTIO
2512 434 2632 503 III.

3510 449 3638 519 337

436 598 796 674 accidens
881 622 1018 698 per
1110 599 1493 693 accidenS,
1574 600 1983 675 disconve-
2091 602 2263 676 lem.
2331 604 2602 680 Patent
2658 608 2892 706 igitur
2952 614 3104 693 duo
3148 619 3628 721 principalia,
3664 629 3943 701 Decisioq,

433 715 660 790 niens
702 726 958 791 tamen
1019 726 1317 792 natura}
1368 716 1833 814 recipientis,
1900 727 1981 790 ut
2088 721 2293 815 quod
2337 748 2644 801 summa
2682 731 2927 824 gratia
2985 737 3339 812 creabilis
3381 751 3630 838 potest

433 832 779 907 caliditas
838 834 915 907 in
963 858 1165 932 aqua
1206 833 1519 907 inducta
1571 833 1970 908 violenter.

430 949 710 1044 Tertio,
788 975 962 1024 cum
1018 974 1254 1046 agens
1307 951 1463 1045 agit
1521 973 1656 1047 per
1713 951 1977 1025 altera·

3697 697 3739 743 l.
3763 709 3937 770 ‘supe-

3732 770 3909 814 riorus.

2086 858 2253 911 esse
2297 840 2528 915 simul
2572 842 2647 916 in
2703 845 3003 943 effectu,
3049 860 3122 925 et
3162 857 3368 951 quod
3410 881 3630 955 quae-

2086 953 2270 1027 libet
2305 968 2578 1033 natura
2609 961 3139 1043 beatificabilis
3178 983 3427 1068 potest
3457 999 3625 1050 eam

432 1067 747 1163 tionem,
802 1077 876 1143 et
937 1078 1115 1141 tunc
1182 1067 1488 1164 longius
1548 1075 1686 1161 est,
1760 1079 1976 1142 ante-
2083 1072 2453 1171 recipere.

429 1208 660 1283 quam
753 1195 1012 1286 posset
1075 1185 1438 1260 inducere
1522 1184 1965 1259 terminum.

428 1305 742 1401 Quarto,
807 1330 981 1380 cum
1051 1328 1288 1401 agens
1350 1312 1464 1379 est
1527 1303 1968 1401 impedibile

425 1421 521 1497 ab
562 1422 886 1498 actione.
935 1421 1083 1497 Sed
1150 1421 1397 1518 gratia
1456 1444 1612 1494 non
1666 1420 1776 1494 sic
1843 1443 1970 1495 se-

424 1540 766 1614 cundum
819 1550 1107 1615 certum
1172 1540 1496 1636 gradum
1558 1537 1967 1635 consequi-

422 1663 546 1728 tur
602 1656 968 1750 animam,
1014 1655 1221 1753 quod
1263 1654 1506 1753 ipsam
1549 1676 1967 1750 conseque-

421 1781 632 1846 retur
663 1796 754 1847 ex
795 1772 1197 1871 principiis
1229 1781 1525 1845 naturae
1558 1795 1748 1865 suae,
1786 1794 1961 1844 cum

416 1889 658 1986 possit
700 1913 1009 1964 manere
1066 1889 1231 1964 sine
1284 1888 1554 1985 gratia,
1602 1898 1960 1962 manente

416 2014 571 2080 tota
628 2016 904 2082 natura
957 2030 1160 2099 sua3
1233 2029 1487 2103 neque
1548 2015 1663 2080 est
1714 2004 1961 2102 gratia

414 2122 1372 2210 disconveniens-animae,
1436 2121 1568 2196 sed
1630 2122 1955 2196 multum

414 2238 884 2314 conveniens
922 2268 939 2332 3
986 2262 1237 2337 neque
1298 2262 1535 2334 agens
1580 2238 1956 2313 inducens

413 2355 732 2452 gratiam
787 2356 942 2452 agit
981 2378 1119 2453 per
1167 2354 1702 2429 alterationem*
1756 2377 1957 2452 prae-

410 2471 642 2565 viam,
701 2494 952 2568 neque
1005 2478 1119 2545 est
1183 2469 1626 2567 impedibile
1686 2469 1780 2543 ab
1839 2493 1956 2544 ac-

405 2588 613 2663 tione
655 2612 820 2662 sua.
897 2584 1136 2684 Igitur
1182 2586 1441 2660 anima
1500 2595 1612 2659 est
1686 2609 1955 2684 recep-

405 2703 563 2780 tiva
655 2703 922 2801 gratiae
1018 2702 1443 2778 secundum
1531 2711 1953 2798 quantum-

404 2843 735 2918 cumque
824 2820 1175 2917 gradum,
1260 2827 1333 2893 et
1412 2817 1952 2893 universaliter

373 2937 741 3013 ,concedo
860 2937 1065 3034 quod
1182 2936 1550 3034 quaelibet
1670 2946 1948 3010 natura

403 3049 935 3126 beatificabilis
1021 3059 1269 3147 potest
1372 3074 1945 3148 quemcumque

402 3169 723 3265 gradum
814 3167 1312 3241 beatitudinis
1380 3178 1655 3242 creatae
1751 3167 1946 3243 reci-

398 3309 605 3383 pere,
669 3293 1044 3383 quantum
1087 3296 1202 3359 est
1241 3309 1334 3359 ex
1373 3293 1585 3382 parte
1646 3283 1794 3378 sui,
1841 3283 1944 3358 ita

398 3403 602 3501 quod
663 3401 930 3477 infima
987 3411 1261 3477 natura
1322 3426 1704 3477 summam
1762 3425 1942 3497 gra-

396 3519 608 3613 tiam,
673 3528 747 3595 et
810 3542 1172 3618 suprema
1246 3528 1524 3594 natura
1590 3517 1936 3593 infimam

395 3637 716 3733 gratiam
780 3644 1021 3733 potest
1073 3635 1443 3733 recipere.

157 3758 268 3825 13.
493 3755 710 3846 Item,
776 3752 904 3826 ubi
963 3761 1144 3826 sunt
1210 3761 1549 3826 extrema
1589 3775 1935 3825 commu-

76 3875 329 3990 }ffiflgg
391 3870 549 3965 nia,
595 3894 771 3968 quae
830 3880 1010 3945 sunt
1050 3869 1296 3967 prima
1361 3879 1702 3944 extrema
1740 3871 1936 3967 ejus-

22 3977 360 4129 sufficigrjiaea
390 3988 563 4063 dem
607 3986 1180 4062 communitatis
1237 3986 1563 4083 alicujus
1625 4010 1933 4084 propor-

22 4130 336 4189 proportio-

45 4189 157 4245 nis,
186 4191 324 4241 atte-

2593 1299 2770 1357 SCHO

2147 1446 2448 1503 Summam
2482 1452 2725 1521 gratiam
2760 1454 2953 1514 datam
2984 1461 3159 1519 fuisse
3190 1465 3398 1523 animae
3431 1469 3622 1529 Chris-

2075 1530 2137 1599 ti,
2174 1534 2312 1605 quia
2371 1552 2462 1592 res
2519 1543 2608 1595 est
2674 1541 2870 1612 dubia,
2924 1548 3050 1604 vult
3103 1550 3313 1611 Doctor
3365 1557 3621 1619 tribuere

2071 1619 2304 1679 Christo
2332 1628 2480 1695 quod
2511 1628 2765 1688 nobilius
2798 1640 2904 1690 est,
2961 1639 3162 1695 Probat
3209 1658 3277 1698 ex
3321 1645 3620 1719 Scriptura

2072 1715 2129 1766 et
2158 1715 2408 1770 Sanctia.
2439 1718 2524 1772 lta
2557 1718 2880 1779 Richardus
2913 1725 3004 1781 hic
3032 1733 3139 1786 art.
3173 1747 3212 1787 1.
3248 1748 3303 1804 q.
3357 1736 3410 1789 2.
3459 1739 3531 1793 ad
3561 1740 3616 1793 2.

2071 1803 2328 1858 Dur-and.
2363 1821 2416 1875 q.
2452 1824 2491 1861 1.
2524 1807 2694 1864 Mare.
2730 1812 2783 1866 3.
2816 1829 2869 1883 q.
2921 1816 3005 1871 10.
3058 1824 3167 1874 art.
3214 1838 3251 1876 1.
3309 1823 3620 1894 Cajetanus

2066 1890 2118 1944 3.
2158 1909 2210 1961 p.
2244 1909 2300 1963 q.
2334 1893 2387 1946 7.
2419 1900 2528 1951 art.
2559 1897 2613 1951 9.
2647 1899 2731 1953 10.
2773 1900 2856 1955 12.
2890 1907 2947 1958 et
2975 1905 3063 1960 22.
3098 1924 3157 1978 q.
3191 1910 3280 1965 24.
3317 1917 3424 1968 art.
3456 1916 3510 1971 7.
3559 1923 3617 1975 et

2065 1997 2272 2038 omnes
2302 1985 2588 2043 Scotistae.
2657 1990 2841 2047 Solvit
2899 2005 3242 2069 argumenta
3302 2006 3501 2074 primm
3556 2015 3614 2065 et

2065 2073 2337 2130 secundae
2395 2079 2737 2147 quaestionis
2784 2100 2885 2155 per
2925 2085 3247 2147 doctrinam
3296 2095 3608 2154 86180ιίεεί-

2066 2177 2245 2218 mam.

2159 2349 2270 2422 Ad
2358 2354 2773 2431 secundam
2857 2365 3362 2459 quaestionem
3432 2371 3600 2449 dico
3749 2407 3855 2474 14,

2062 2466 2268 2560 quod
2311 2490 2614 2545 summa
2670 2476 2912 2569 gratia
2953 2493 3205 2558 creata
3261 2486 3400 2560 fuit
3439 2492 3599 2564 col·
3669 2521 3888 2575 Summa

2064 2580 2215 2654 lata
2273 2584 2551 2660 animae
2610 2590 2915 2666 Christi.
2990 2595 3152 2673 Hoc
3201 2612 3408 2698 patet
3465 2629 3601 2702 per
3627 2586 3953 2701 Ψξξῗωᾟω

2057 2696 2510 2793 Magistrum
2547 2703 2624 2777 in
2663 2706 2935 2803 littera,
2981 2712 3358 2792 dicentem
3392 2722 3597 2817 quod
3686 2710 3903 2763 Ch‘mi·

2057 2835 2436 2888 summam
2469 2819 2818 2913 gratiam,
2852 2846 3080 2920 quam
3118 2839 3364 2927 potest
3390 2835 3597 2912 Deus

2054 2927 2330 3025 facere,
2376 2932 2583 3008 dedit
2621 2936 2730 3010 illi
2774 2941 3108 3037 animae3
3156 2955 3229 3019 et
3273 2949 3598 3029 Joannis

2054 3044 2122 3116 3.
2186 3047 2370 3123 Non
2437 3051 2541 3124 ad
2600 3077 3035 3134 mensuram
3100 3061 3313 3139 dedit
3359 3070 3594 3167 spiri-

2052 3168 2239 3239 tum.
2294 3166 2508 3253 Quod
2543 3194 2693 3244 non
2727 3185 2976 3271 potest
3026 3178 3348 3280 intelligi
3389 3190 3594 3283 quod

2050 3283 2296 3379 gratia
2357 3286 2529 3361 data
2571 3288 2668 3363 sit
2707 3290 3034 3389 infinita,
3082 3299 3260 3395 quia
3306 3313 3421 3377 est
3469 3331 3597 3405 op-

2049 3401 2381 3498 positum
2441 3404 2519 3478 in
2585 3407 2906 3505 adJectO,
2970 3416 3173 3511 quod
3234 3418 3331 3493 sit
3378 3446 3596 3500 crea-

2054 3525 2247 3612 tura,
2321 3528 2392 3594 et
2450 3546 2602 3595 non
2665 3539 3168 3628 mensurata3
3242 3538 3373 3611 sed
3432 3564 3589 3616 non

2046 3633 2139 3706 ad
2205 3659 2672 3734 mensuram,
2738 3643 2882 3717 hoc
2946 3656 3086 3741 est,
3159 3656 3586 3731 secundum

2049 3751 2403 3827 ultimum
2479 3757 2842 3852 potentia}
2937 3773 3234 3841 naturae
3302 3770 3587 3850 divinae

2042 3868 2277 3964 dedit,
2341 3882 2714 3969 quantum
2775 3879 3048 3974 potuit.
3121 3884 3330 3959 Idem
3382 3901 3588 3987 patet

2041 3987 2471 4064 secundum
2533 3989 2720 4064 illud
2783 3993 3005 4070 Joan.
3080 3999 3144 4071 1.

3238 4003 3584 4084 Vidimus

389 4095 645 4201 tionis,
692 4107 797 4181 ibi
832 4130 1069 4181 unum
1116 4113 1540 4179 extremum
1609 4105 1688 4177 in
1733 4128 1931 4201 quo-
2034 4101 2364 4198 qlorz'am
2427 4108 2613 4204 esua,
2665 4107 2994 4204 (florium
3055 4119 3279 4212 quasi
3314 4125 3581 4220 unisse-

59 4265 183 4302 rum
236 4256 293 4304 5„
383 4246 716 4321 eumque
756 4222 994 4319 gradu
1055 4220 1286 4295 habet
1349 4220 1924 4318 proportionem
2033 4218 2205 4292 niti.
2286 4220 2495 4295 Idem
2574 4225 2739 4298 vult
2804 4228 3297 4325 Augustinus
3351 4239 3420 4311 3.
3486 4241 3578 4317 de

47 4328 316 4376 quocum-

12 4388 124 4438 que
155 4379 330 4442 gradu

11 4442 243 4502 respicit
274 4443 348 4493 al-

79 4507 281 4556 terum.

380 4342 474 4417 ad
529 4341 736 4416 aliud
797 4349 1224 4415 extremum
1284 4337 1358 4409 in
1431 4361 1922 4435 quocumque
2035 4334 2164 4409 lib.
2226 4337 2387 4411 arb.
2461 4335 3106 4442 Quandocumque
3156 4359 3580 4432 occurrerit

377 4459 651 4556 gradu,
696 4467 779 4532 ut
832 4466 1037 4556 patet
1084 4456 1177 4530 de
1236 4454 1482 4530 activo
1543 4465 1615 4529 et
1671 4456 1922 4554 passi-
2029 4450 2175 4525 tibi
2271 4453 2547 4527 melius
2631 4479 2790 4530 esse
2874 4483 3103 4557 quam
3167 4489 3321 4540 non
3393 4494 3573 4558 esse,

371 4602 496 4651 vo.
567 4576 716 4651 Sed
768 4575 1014 4673 prima
1070 4584 1411 4648 extrema
1469 4573 1702 4670 hujus
1753 4598 1920 4671 pro·
2024 4567 2488 4666 simpliciter
2551 4569 2690 4645 lzoc
2738 4577 3187 4669 ponendum
3265 4592 3379 4657 est
3431 4587 3567 4684 ibi,

369 4691 773 4791 portionis,
828 4715 1006 4788 quae
1060 4702 1171 4766 est
1213 4690 1412 4765 inter
1465 4690 1790 4787 gratiam
1842 4700 1917 4764 et
2025 4690 2162 4759 ecc.
2212 4687 2302 4760 Et
2359 4710 2829 4786 quamquam
2876 4693 3019 4768 hoc
3075 4709 3336 4793 posset
3373 4705 3572 4801 glos-

365 4820 722 4885 naturam
788 4806 1406 4900 beatificabilem,
1479 4817 1660 4880 sunt
1735 4807 1904 4901 ista,
2020 4804 2201 4899 sari,
2264 4803 2520 4881 tamen
2581 4810 2889 4905 quando
2940 4836 3091 4887 non
3151 4829 3400 4914 potest
3439 4825 3570 4900 ali-

365 4936 643 5001 natura
674 4923 1206 5000 beatificabilis
1246 4933 1319 4998 et
1358 4923 1628 5019 gratia.
1667 4923 1909 5020 Igitur
2019 4932 2133 4996 ter
2215 4921 2411 5018 fieri,
2473 4924 3013 5003 universaliter
3077 4943 3191 5007 est
3257 4962 3556 5039 verum,

366 5044 834 5140 ubicumque
878 5041 1257 5140 reperitur
1299 5049 1575 5114 natura
1619 5040 1907 5114 beatifi-
2014 5039 2198 5134 quia
2265 5040 2440 5115 licet
2497 5050 2737 5116 totum
2798 5044 3133 5124 tribuere
3203 5061 3553 5158 creatori,
3587 5048 3891 5167 Ἢὶῗζῑξζζζ

359 5159 653 5246 cabilis,
691 5182 858 5255 ipsa
898 5165 1013 5231 est
1061 5155 1904 5255 perfectibilisagratia
2012 5167 2085 5231 et
2147 5158 2340 5231 nihil
2401 5169 2800 5256 creaturae,
2861 5174 3061 5240 esset
3126 5191 3299 5245 eum
3380 5178 3555 5274 plus
3629 5180 3841 5291 ngei

358 5275 784 5352 secundum
827 5296 1396 5372 quemcumque
1439 5273 1789 5370 gradum,
1829 5284 1903 5350 et
2013 5273 2510 5369 magnificare
2578 5278 2832 5374 quoad
2902 5280 3220 5381 aliquid,
3300 5299 3544 5369 tamen
3583 5253 3722 5375 {1¹2ss
3760 5257 3903 5369 {¹1¹3

353 5393 705 5468 similiter
780 5390 1025 5488 gratia
1104 5389 1528 5465 secundum
1583 5414 1900 5488 ‘quem-
2009 5394 2263 5488 quoad
2323 5392 2531 5467 aliud
2592 5395 2850 5470 minus
2910 5411 3111 5476 esset
3179 5428 3352 5481 eum
3399 5436 3552 5487 ma-
3580 5369 3902 5504 iifflp‘igpdass‘

352 5534 685 5608 cumque
779 5507 1103 5605 gradum
1186 5515 1434 5603 potest
1526 5506 1895 5604 perlicere
2004 5507 2372 5603 gnificare
2431 5519 2667 5584 totum
2733 5513 3031 5591 auferre
3084 5535 3540 5605 acreatura.
3617 5489 3836 5543 Chm‘h

351 5647 924 5725 quamcumque
982 5633 1338 5699 naturam
1416 5622 1896 5698 beatificahi-
2004 5624 2152 5700 Sed
2214 5626 2734 5704 misericordia
2777 5654 2926 5706 non
2963 5647 3213 5731 potest
3243 5666 3542 5726 summe

618 5770 761 5825 Tou.
803 5767 998 5822 xxm.
3219 5789 3288 5842 22
