4295 6326
1453 440 1680 509 DIST.
1732 438 1954 506 XXV.
2008 436 2426 516 QUAES'rlo
2480 437 2716 508 UNlC.

3559 440 3681 506 117

1199 958 2351 1114 DISTINCTIO
2462 924 2959 1109 XXV.

877 1556 1275 1637 QUAESTlo
1328 1557 1446 1624 UN
1458 1557 1621 1623 lCA.

481 1767 729 1833 Utrum
767 1763 975 1830 aliud
1000 1780 1042 1829 a
1073 1761 1430 1829 voluntate
1488 1767 1730 1827 causat
1779 1766 2016 1825 actum

956 1870 1109 1959 esus
1150 1869 1458 1956 effective
1493 1869 1529 1933 7

472 2125 672 2183 Alens.
702 2124 756 2178 2.
786 2139 843 2194 p.
871 2139 924 2192 q.
957 2122 1048 2176 74.
1090 2137 1165 2175 m.
1189 2120 1241 2174 4.
1274 2124 1326 2175 et
1347 2120 1400 2175 8.
1426 2118 1492 2174 D.
1541 2118 1748 2174 Thom.
1791 2134 1831 2173 1.
1875 2134 1930 2189 p.
1963 2133 2016 2189 q.

540 2198 631 2253 63.
657 2212 712 2252 a.
734 2196 788 2249 2.
814 2195 866 2249 3.
886 2197 936 2250 et
957 2195 1009 2247 4.
1046 2191 1435 2318 ΗΘΜ-θυσίη.
1471 2191 1536 2246 12
1561 2207 1610 2263 q.
1640 2192 1692 2245 5.
1716 2195 1769 2246 et
1798 2191 1947 2263 quod
1977 2190 2017 2249 l.

543 2272 596 2325 5.
639 2285 692 2338 q.
728 2268 814 2322 14.
847 2266 1097 2320 Goss'red.
1130 2279 1232 2334 quo
1272 2264 1310 2318 l.
1335 2264 1386 2317 6.
1421 2262 1552 2333 q.7.
1590 2261 1859 2318 Bellarm.
1913 2261 2017 2317 lib.

545 2342 599 2395 3.
647 2340 714 2393 de
756 2337 940 2410 qratia
990 2341 1041 2392 et
1095 2334 1273 2391 libero
1319 2334 1437 2390 arb.
1469 2348 1567 2403 por
1587 2339 1780 2390 totum.
1814 2333 2018 2389 Castro

544 2420 741 2468 contra
770 2410 974 2467 haeres.
1010 2424 1060 2465 v.
1088 2408 1318 2463 liberum
1341 2405 1663 2462 arbitrium.
1694 2405 1831 2462 Vide
1862 2406 2016 2463 Scot.

546 2486 604 2538 in
638 2482 812 2539 Oxou.
844 2484 933 2535 Mc
959 2485 1011 2536 el
1045 2480 1096 2534 4.
1130 2481 1186 2534 d.
1235 2479 1325 2533 49.
1369 2494 1419 2550 q.
1477 2481 1561 2532 11.
1613 2494 1670 2531 n.
1723 2478 1809 2532 10.
1856 2480 1906 2531 et
1962 2478 2016 2532 2.

547 2555 720 2627 Phys.
753 2569 805 2625 q.
835 2554 924 2609 13.

265 2849 326 2913 ι,
577 2823 797 2897 Circa
878 2824 1078 2897 hanc
1162 2821 1729 2897 distinctionem
1805 2822 2022 2919 vige-

123 2962 443 3037 Argument.
482 2940 757 3014 simam
844 2939 1191 3037 quintam
1243 2938 1621 3037 quaeritur
1703 2939 1951 3037 primo
1998 2963 2013 3014 :

154 3040 409 3089 ‘mmm'
491 3059 764 3134 Utrum
806 3055 1027 3131 aliud
1066 3081 1113 3131 a
1148 3055 1538 3131 voluntate
1605 3061 1864 3130 causet
1895 3053 2022 3153 -el-

478 3175 755 3274 fective
809 3182 1061 3249 actum
1119 3175 1201 3248 in
1264 3173 1652 3248 voluntate
1690 3172 1736 3247 ?
1801 3174 2019 3260 Quod

481 3293 615 3368 sic.
684 3291 833 3366 Per
870 3290 1353 3366 Aristotelem
1388 3291 1458 3362 3.
1533 3290 1627 3365 de
1709 3290 2016 3383 Anima,

479 3420 660 3485 text.
741 3408 862 3481 54.
963 3407 1164 3482 Ordo
1225 3413 1336 3481 est
1390 3408 1893 3500 moventium,
1953 3413 2026 3481 ec

481 3532 891 3618 motorum,
935 3523 1319 3621 quoddam
1353 3534 1470 3598 est
1508 3546 1830 3598 movens
1874 3547 2025 3597 mo-

479 3655 671 3735 tum,
712 3653 793 3715 ut
823 3640 1251 3739 appetitus3
1290 3640 1671 3737 quoddam
1708 3664 2023 3714 movens

482 3757 904 3851 immobile,
980 3766 1061 3830 ut
1145 3756 1587 3854 appetibile,
1684 3766 1826 3831 etc.
1933 3759 2024 3830 Et

483 3876 688 3975 quod
721 3874 1164 3948 Aristoteles
1197 3873 1301 3947 ibi
1338 3874 1698 3970 loquatur
1730 3874 1820 3947 de
1857 3896 2023 3946 mo-

484 4001 706 4068 vente
750 3990 1121 4078 effective,
1160 3999 1233 4064 et
1266 4013 1420 4064 non
1480 3989 2021 4088 metaphorice,

489 4120 567 4186 ut
607 4108 812 4203 finis,
859 4118 1089 4208 patet,
1140 4110 1359 4183 aliter
1409 4108 1615 4183 enim
1675 4107 2027 4205 {equivo-

485 4236 691 4303 caret
766 4225 1323 4323 moven3‚quia
1391 4225 1599 4300 aliud
1672 4249 2020 4320 movenS,

486 4346 578 4420 de
613 4370 764 4444 quo
800 4345 1166 4442 loquitur,
1208 4351 1460 4418 movet
1499 4342 1870 4418 effective.

587 4463 801 4551 Item,
866 4461 1224 4534 voluntas
1292 4483 1444 4533 non
1506 4469 1619 4534 est
1685 4459 2024 4557 potentia

487 4580 736 4654 activa
779 4606 796 4672 3
840 4577 1074 4675 igitur
1100 4576 1250 4650 alia
1289 4599 1334 4650 a
1391 4578 1784 4650 voluntate
1838 4599 2026 4650 cau-

484 4707 657 4773 sant
731 4706 984 4772 actum
1058 4695 1129 4768 in
1195 4696 1588 4769 voluntate
1648 4693 2018 4770 effective.

481 4815 963 4891 Antecedens
1073 4822 1303 4910 patet,
1405 4812 1588 4909 quia
1675 4812 2027 4910 potentia

484 4933 729 5009 activa
777 4938 888 5006 est
928 4930 1411 5029 principium
1461 4928 2031 5004 transmutandi

482 5049 704 5125 aliud
738 5051 1193 5148 inquantum
1234 5045 1476 5139 aliud,
1544 5045 1614 5118 5.
1679 5045 2018 5144 Metaph.

483 5175 659 5241 text.
697 5189 895 5240 com.
946 5165 1061 5236 17.

580 5286 794 5371 Item,
860 5281 1216 5358 accidens
1278 5303 1410 5378 per
1460 5279 1816 5354 accidens
1864 5305 2022 5356 non

482 5401 724 5476 oritur
780 5423 872 5475 ex
939 5396 1337 5497 principiis
1405 5396 1781 5495 suppositi
1830 5422 1845 5486 ;
1890 5399 2021 5472 sed

483 5518 744 5593 volitio
821 5524 935 5592 est
999 5514 1355 5589 accidens
1434 5536 1570 5612 per
1667 5513 2022 5590 accidens

485 5642 833 5732 respectu
866 5630 1313 5725 voluntatis,
1350 5631 1532 5729 quia
1591 5639 1837 5728 potest
1876 5630 2021 5704 sibi

187 4491 390 4541 Secun-

221 4554 374 4604 dum.

158 5312 416 5363 Tertium.

2128 1426 2384 1502 inesse
2488 1437 2563 1502 et
2657 1451 2811 1502 non
2914 1425 3198 1521 inesse,
3309 1435 3677 1502 manente

2127 1544 2554 1643 suppositO.

2229 1660 2445 1749 Item,
2482 1660 2688 1757 quod
2720 1669 2833 1735 est
2865 1660 2941 1733 in
2969 1660 3309 1758 potentia
3365 1667 3676 1734 contra·
3719 1686 3994 1745 Quartum.

2129 1776 2514 1867 dictioniS,
2590 1801 2744 1852 non
2813 1802 2906 1852 ex
2962 1800 3043 1852 se
3120 1776 3676 1853 determinatur

2130 1895 2225 1969 ad
2256 1920 2508 1991 ⁸unum
2549 1919 2566 1983 3
2611 1896 2969 1970 voluntas
3031 1905 3145 1970 est
3202 1894 3277 1968 in
3337 1892 3677 1993 potentia

2132 2011 2757 2087 contradictionis
2802 2038 2820 2106 3
2868 2011 3100 2108 igitur
3140 2020 3438 2110 oportet
3467 2009 3673 2110 quod

2129 2152 2268 2226 per
2309 2128 2514 2202 aliud
2550 2128 3128 2203 determinetur.

2230 2246 2710 2344 Oppositum,
2784 2246 3264 2342 Augustinus
3369 2245 3484 2318 12.
3580 2245 3672 2319 de
3835 2261 3897 2326 2.

2131 2364 2351 2438 Civit.
2398 2363 2564 2453 Dei,
2601 2387 2767 2461 cap.
2815 2363 2883 2436 6.
2934 2363 3034 2438 Si
3075 2364 3224 2439 duo
3273 2363 3677 2463 aequaliter
3706 2374 3955 2488 Acontra.

2130 2478 2391 2579 affecti
2474 2479 2805 2555 habeant
2881 2479 3176 2580 objecta
3274 2479 3680 2579 aequaliter
3744 2450 3995 2564 ἶιῗὲωξῖῗῖ

2132 2599 2543 2692 moventia,
2632 2597 3037 2697 aequaliter
3103 2599 3675 2697 approoeimata,
3796 2577 3965 2614 mum.

2133 2739 2331 2789 unus
2372 2714 2601 2801 cadit,
2673 2714 2873 2789 alius
2922 2738 3103 2790 non.
3188 2714 3406 2791 Unde
3446 2714 3684 2812 iqilur

2133 2832 2342 2906 cadit
2368 2831 2534 2924 iste,
2579 2837 2651 2906 et
2697 2830 2898 2906 alius
2940 2855 3096 2906 non
3141 2836 3172 2903 ?
3211 2830 3679 2929 Respondet,

2130 2973 2287 3024 non
2350 2949 2508 3023 nisi
2562 2955 2880 3046 propter
2929 2948 3425 3024 voluntatem.
3489 2948 3681 3022 Cum

2131 3066 2369 3162 igitur
2399 3066 2659 3140 omnia
2691 3075 2873 3140 sunt
2919 3066 3189 3142 eodem
3245 3067 3469 3140 modo
3522 3065 3684 3140 dis-

2134 3184 2408 3282 posita,
2466 3196 2545 3258 ut
2617 3184 2779 3282 ipse
2844 3185 3211 3283 supponit
3306 3185 3369 3260 si
3438 3185 3686 3280 objec-

2133 3313 2295 3375 tum
2368 3312 2717 3377 causaret
2794 3312 3047 3377 actum
3105 3303 3183 3375 in
3254 3304 3677 3396 voluntate,

2133 3420 2609 3519 impossibile
2668 3430 2870 3496 esset
2942 3422 3145 3519 quod
3205 3445 3411 3497 unus
3451 3422 3681 3497 cade-

2136 3547 2274 3631 ret,
2309 3547 2384 3611 et
2424 3537 2623 3612 alius
2654 3560 2836 3612 non.

2184 3654 2451 3740 ·ltem,
2540 3654 3021 3750 Augustinus
3102 3654 3173 3726 3.
3265 3654 3358 3728 de
3457 3654 3673 3728 liber.

2136 3769 2399 3845 arbitr.
2471 3769 2658 3846 Nisi
2709 3769 2904 3844 velle
2981 3777 3173 3845 esset
3262 3770 3341 3844 in
3421 3777 3681 3844 nostra

2124 3892 2525 3986 potestate,
2561 3910 2805 3984 neque
2836 3894 3028 3961 esset
3054 3886 3336 3985 aliquis
3369 3886 3682 3962 laudan-

2137 4003 2307 4097 duS,
2410 4027 2655 4101 neque
2757 4003 3334 4102 vituperanda&
3436 4028 3681 4102 neque

2135 4119 2367 4194 eciam
2417 4118 2870 4212 monendus,
2935 4124 3007 4193 et
3063 4117 3240 4193 talis
3313 4119 3682 4193 eoetermi-

2135 4236 2438 4310 nanda-s·
2488 4242 2677 4309 esset
2733 4235 2825 4309 de
2881 4234 3279 4309 hominum
3325 4258 3674 4308 numera.

2138 4355 2247 4426 Ex
2288 4354 2431 4427 hoc
2459 4376 2701 4448 arguo
2747 4376 2762 4426 :
2801 4352 2972 4426 Non
3016 4360 3130 4426 est
3178 4350 3255 4424 in
3307 4360 3678 4448 potestate

2137 4468 2496 4566 patientis
2555 4492 2709 4542 non
2779 4468 2960 4566 pati,
3055 4467 3237 4565 quia
3302 4467 3365 4541 si
3446 4490 3683 4564 agens

2137 4585 2320 4681 agit,
2357 4585 2654 4683 patiens
2684 4585 2970 4682 patitur
3001 4608 3016 4670 ;
3054 4607 3226 4658 curn
3261 4583 3496 4679 igitur
3527 4607 3681 4658 non

2134 4710 2250 4775 est
2292 4701 2367 4773 in
2406 4709 2773 4798 potestate
2819 4699 3173 4797 patientis
3206 4699 3410 4795 quod
3445 4722 3683 4795 agens

2136 4841 2291 4891 non
2382 4828 2583 4913 agat,
2671 4817 2905 4912 igitur
2964 4839 3104 4891 nec
3165 4816 3237 4888 in
3311 4825 3683 4914 potestate

2135 4935 2304 5032 ejus
2336 4934 2479 5008 erit
2510 4934 2918 5032 posteriuS,
2979 4933 3184 5029 quod
3245 4935 3682 5009 necessario

2136 5053 2690 5150 consequitur,
2746 5052 2981 5148 igitur
3044 5060 3321 5144 motuS,
3386 5051 3518 5150 qui
3570 5064 3685 5127 est

3770 3663 3966 3714 Secun-

3803 3726 3950 3776 dum.

2135 5171 2332 5244 velle
2365 5169 2502 5263 sic,
2539 5172 2659 5244 vel
2692 5169 2828 5262 sic,
2877 5191 3024 5241 non
3062 5166 3278 5242 estin
3310 5177 3681 5265 potestate

2135 5282 2581 5376 voluntatis,
2640 5282 2703 5356 si
2774 5279 3118 5356 effective
3169 5290 3527 5356 causetur
3584 5280 3679 5355 ab

2134 5400 2284 5474 alio
2326 5423 2370 5473 a
2401 5401 2816 5474 voluntate.

2232 5518 2643 5590 Anselmus
2705 5516 2796 5591 de
2844 5523 3217 5613 conceptu
3293 5513 3672 5609 Virginali
3726 5521 3981 5574 Tertium.

2133 5655 2298 5730 cap.
2365 5636 2434 5705 4.
2479 5633 2770 5707 Anima
2824 5639 2934 5706 est
2957 5632 3292 5729 seipsum
3332 5653 3664 5704 movens.
