4295 6326
647 439 730 504 92
2053 436 2289 503 LIBRI
2336 437 2422 505 11.

651 619 791 684 est.
834 610 1050 684 Sicut
1100 610 1333 707 igitur
1372 610 1629 684 album
1675 608 2037 707 possibile
2081 618 2196 683 est

655 753 829 805 esse
900 731 1206 827 nigrum
1269 731 1342 803 in
1424 754 1655 804 sensu
1731 729 2004 823 divis0,
2085 730 2194 803 sic

653 846 1022 943 possibile
1049 847 1188 920 fuit
1215 846 1607 920 hominem
1632 846 1850 938 mori,
1874 846 2007 920 sed
2037 870 2191 919 non

653 963 887 1036 simul
923 964 1120 1038 sicut
1161 964 1235 1036 in
1273 987 1501 1038 sensu
1539 964 1988 1062 composito.

755 1081 1006 1167 Quare
1072 1091 1327 1156 autem
1395 1105 1547 1154 non
1619 1090 1908 1156 starent
1964 1081 2193 1155 simul

654 1222 862 1272 mors
895 1210 969 1272 et
1009 1198 1473 1273 innocentia.

749 1315 1034 1389 Dicunt
1100 1315 1338 1414 aliqui
1393 1316 1597 1414 quod
1665 1325 1976 1414 propter
2033 1317 2196 1413 ple-

651 1456 838 1505 num
865 1433 1289 1507 dominium
1318 1434 1598 1508 anima}
1628 1457 1860 1531 super
1882 1457 2190 1532 corpuS,

651 1572 805 1622 non
865 1548 1132 1624 fuisset
1197 1550 1957 1648 improportionabile
2025 1549 2197 1624 ani-

652 1689 824 1739 mae.

745 1782 890 1856 Alii
925 1782 1188 1856 dicunt
1231 1782 1433 1880 quod
1458 1782 1646 1855 nihil
1691 1782 2193 1855 intrinsecum

653 1898 934 1974 sufficit
967 1902 1060 1974 ad
1123 1900 1803 1994 immortalitatem,
1859 1900 2030 1974 ideo
2091 1900 2197 1973 di-

649 2020 1063 2116 cuntquod
1108 2042 1246 2117 per
1285 2019 1572 2094 donum
1607 2022 2194 2117 supernaturale

651 2136 918 2211 fuisset
969 2137 1447 2225 immortaliS,
1505 2148 1589 2212 ut
1638 2160 1773 2235 per
1814 2137 2189 2233 justitiam

648 2253 1129 2350 originalem.

428 2386 493 2452 3.
745 2369 1133 2457 Quantum
1169 2370 1401 2467 igitur
1440 2371 1533 2444 ad
1567 2371 1899 2469 primum
1948 2395 2191 2445 mem-

645 2488 898 2582 brum,
967 2487 1137 2562 dico
1206 2488 1409 2586 quod
1491 2488 1829 2586 potentia
1899 2488 2036 2562 suit
2095 2490 2190 2563 ad

647 2601 842 2674 mori
931 2610 1175 2675 stante
1245 2600 1713 2695 innocentia,
1779 2602 1962 2699 quia
2032 2625 2187 2675 non

644 2715 864 2790 fluxit
888 2717 1178 2815 aliquid
1197 2741 1288 2792 ex
1309 2716 1750 2792 innocentia
1777 2717 1853 2790 in
1877 2740 2185 2815 corpuS,

646 2857 801 2931 quo
837 2835 977 2908 fuit
1008 2833 1482 2933 impossibile
1516 2834 1741 2927 mori,
1779 2834 1959 2931 quia
1992 2834 2188 2911 actio

657 2952 1031 3026 naturalis
1062 2950 1453 3048 agentium
1490 2950 2080 3026 intrinsecorum
2116 2962 2191 3027 et

645 3068 1284 3163 extrinsecorum,
1323 3092 1477 3145 non
1530 3069 2022 3143 auferebatur
2052 3091 2191 3168 per

642 3187 1160 3262 innocentiam
1191 3216 1208 3280 ;
1255 3187 1490 3284 igitur
1520 3187 1712 3261 nihil
1743 3210 2188 3285 repugnans

642 3304 867 3379 morti
917 3305 1176 3379 aderat
1219 3329 1356 3402 per
1424 3305 1968 3380 innocentiam.
2008 3305 2186 3379 Ideo

641 3421 810 3495 dico
843 3422 1047 3518 quod
1084 3421 1159 3494 in
1190 3430 1386 3495 statu
1434 3420 1896 3496 innocentiae
1958 3423 2186 3494 homo

645 3538 913 3613 habuit
992 3538 1412 3634 potentiam
1498 3539 1591 3612 ad
1690 3539 1913 3631 mori,
1990 3538 2190 3611 sicut

641 3664 908 3753 postea
939 3654 1339 3729 manifeste
1373 3654 1756 3752 apparuit,
1793 3664 1867 3728 et
1917 3654 2187 3728 habuit

642 3771 1058 3869 potentiam
1141 3794 1293 3845 non
1368 3771 1554 3845 mori
1612 3800 1629 3865 3
1693 3772 2033 3869 potentia
2090 3770 2183 3843 ad

643 3889 836 3962 mori
905 3897 1332 3985 nunquam
1378 3888 1644 3963 suisset
1699 3889 2013 3963 reducta
2088 3889 2182 3963 ad

644 4012 927 4097 actum,
959 4004 1021 4077 si
1064 4002 1419 4078 stetisset.

292 4139 615 4217 Poterathp-
743 4121 939 4194 Illud
1008 4122 1340 4214 declam,
1405 4121 1613 4218 quod
1681 4131 1957 4195 natura
2015 4130 2184 4218 post

323 4217 582 4318 ῗὲοῑῗῃοξῖ
648 4237 945 4337 lapsum
989 4247 1104 4311 est
1133 4236 1654 4334 corruptibilis
1698 4261 1741 4309 a
1803 4238 2187 4334 corrupti-

292 4330 616 4445 ἶῖῗίῗᾶοἶξῗ
645 4382 740 4430 vo
795 4355 1214 4430 intrinseco
1257 4355 1376 4428 vel
1419 4354 1874 4428 extrinseco.
1924 4353 2183 4426 Primo

383 4460 547 4507 “³²⁰2
645 4473 898 4561 modo,
943 4473 1063 4546 vel
1103 4480 1415 4569 propter
1447 4470 1823 4545 actionem
1891 4479 2186 4543 contra-

643 4589 934 4662 riorum
1001 4588 1076 4661 in
1145 4588 1454 4679 virtute,
1509 4587 1931 4661 secundum
1976 4586 2184 4683 quod

643 4704 974 4778 calidum
1012 4704 1168 4799 agit
1207 4704 1283 4776 in
1322 4704 1757 4795 humidum,
1792 4704 1912 4777 vel
1975 4703 2180 4800 quod

639 4830 895 4897 careat
935 4819 1432 4907 nutrimento,
1473 4821 1589 4894 vel
1633 4821 1831 4917 quod
1906 4820 2184 4894 habeat

642 4936 1195 5013 abundantiam
1264 4936 1701 5011 vincentem
1791 4944 2173 5009 naturam.

639 5054 996 5129 Secundo
1036 5041 1265 5127 inodo
1309 5061 1419 5127 est
1444 5051 1842 5150 dispositio
1871 5074 2181 5151 corrup-

644 5175 793 5246 tiva
867 5169 1331 5245 continentis
1407 5179 1705 5244 naturae
1774 5170 2031 5268 lapsae,
2104 5180 2178 5245 et

637 5288 1004 5364 violentia
1072 5287 1280 5362 illata
1354 5286 1662 5384 penitus
1719 5288 2169 5362 extrinsece.

637 5407 896 5481 Prima
949 5429 1179 5479 causa
1249 5403 1762 5502 corruptionis
1807 5414 1977 5503 post
2025 5407 2180 5504 lap-

638 5551 810 5602 sum
840 5535 955 5601 est
986 5524 1182 5600 actio
1216 5524 1772 5598 contrariorum
1808 5524 1886 5598 in
1929 5526 2177 5599 virtu—

641 5655 736 5742 te,
775 5669 949 5744 quae
974 5643 1184 5718 estin
1222 5642 1471 5735 nobiS,
1508 5643 1934 5717 secundum
1976 5643 2175 5717 Aris·

298 1817 359 1867 D.
396 1818 591 1868 Thom.

299 1895 381 1994 6713
391 1918 401 1930 ’
411 1886 568 1994 αἱτὶᾳὶ
577 1978 589 1993 .

2303 612 2610 685 totelem
2641 611 2733 685 de
2753 612 3169 686 ,Iuventate
3219 618 3290 684 et
3310 610 3744 700 Senectute,
3783 612 3857 680 et

2304 725 2496 801 libro
2530 727 2623 801 de
2649 727 2901 803 Morte
2936 736 3008 802 et
3054 729 3242 802 Vita.

2402 844 2740 918 Ulterius
2783 845 2982 939 dico,
3022 845 3152 918 illa
3210 866 3442 918 causa
3510 841 3611 915 ila
3652 841 3846 913 bene
4012 849 4068 912 4.

2304 963 2567 1037 fuisset
2637 963 2711 1036 in
2806 973 3003 1038 statu
3075 959 3565 1044 innocentiae,
3650 957 4172 1089 Sientffffzecssffi-

2304 1103 2538 1173 nunc,
2625 1079 2808 1176 quia
2912 1103 3082 1153 cum
3168 1076 3610 1151 innocentia
3702 1082 4178 1148 statlesmortis.

2302 1196 2756 1293 compositio
2840 1196 3184 1293 corporis
3261 1217 3352 1268 ex
3412 1190 3842 1284 contrariis,

2303 1312 2487 1409 quia
2553 1312 2630 1385 iu
2700 1322 2895 1386 statu
2964 1312 3425 1386 innocentiae
3495 1334 3647 1383 non
3711 1310 3843 1383 fuit

2303 1430 2533 1502 homo
2601 1429 2968 1524 Angelus.
3052 1429 3319 1524 Neque
3373 1436 3632 1524 posset
3699 1425 3846 1498 dici

2302 1548 2508 1645 quod
2571 1548 2708 1621 suit
2770 1558 2947 1621 tunc
3012 1545 3466 1619 immortalis
3535 1553 3849 1642 proptor

2304 1666 2880 1765 proportionem
2906 1668 3351 1756 humorum,
3384 1673 3458 1737 et
3490 1662 3693 1760 quod
3738 1663 3847 1735 sio

2264 1785 2571 1881 ⁴fuisset
2669 1786 2919 1858 ablata
3025 1782 3356 1880 qualitas
3461 1779 3849 1854 contraria

2302 1903 2577 1997 activa,
2613 1905 2732 1978 vel
2770 1904 3010 1977 lorma
3065 1900 3555 1976 elementaris
3597 1922 3848 1996 quan-

2299 2031 2457 2094 tum
2523 2021 2614 2095 ad
2671 2020 2992 2116 gradum
3059 2018 3479 2110 intensum,
3562 2039 3846 2090 secun—

2300 2138 2477 2211 dum
2534 2147 2908 2236 ponentes
2963 2138 3343 2210 elementa
3414 2155 3721 2208 manere
3764 2131 3838 2203 in

2299 2278 2643 2353 corpore.
2684 2253 2880 2341 Quia
2921 2253 3125 2350 quod
3168 2261 3282 2325 est
3313 2250 3643 2325 maxime
3678 2254 3935 2346 pro-1n
3972 2253 4015 2303 ¹·
4051 2257 4180 2303 ‘2⁸1⁰

3936 2329 4128 2378 eorpus

2299 2370 2806 2469 portionabile
2849 2370 3127 2444 animae
3172 2367 3689 2452 intellectivae,
3727 2376 3839 2441 est
3871 2378 4185 2505 τιέῑιῗέῗίιὺξιοετ·

2302 2485 2544 2582 magis
2602 2484 3097 2583 corruptibile
3157 2485 3251 2559 ab
3314 2483 3541 2575 intra,
3604 2505 3835 2579 quam
3867 2504 4172 2575 labinum·-

2300 2601 2613 2675 minime
2693 2600 3379 2699 proportionabile,
3449 2599 3629 2696 quia
3695 2599 3837 2671 mi-
3868 2583 3933 2618 ‘²⁰
3966 2568 4186 2679 ‘’QRPU'

2297 2742 2481 2793 nera
2563 2718 2876 2791 minime
2956 2729 3070 2791 est
3154 2716 3675 2814 corruptibilis
3742 2717 3836 2790 ab

2297 2836 2523 2929 intra,
2597 2845 2672 2910 et
2712 2845 2966 2909 tamen
3016 2833 3342 2907 maxime
3402 2833 3839 2930 impropor-

2294 2955 2661 3029 tionabile
2703 2954 3030 3046 animae3
3068 2953 3301 3049 igitur
3359 2975 3402 3025 a
3443 2975 3676 3025 causa
3717 2952 3839 3023 in—

2292 3075 2627 3149 trinseca
2692 3072 2963 3146 fuisset
3021 3095 3300 3170 corpus
3341 3070 3837 3169 corruptibile

2295 3203 2477 3267 tunc
2523 3191 2719 3266 sicut
2789 3214 3026 3283 nunc,
3063 3190 3203 3263 etsi
3263 3188 3830 3285 aliquantulum

2294 3319 2475 3383 tunc
2518 3308 2894 3407 potuisset
2925 3306 3213 3380 diutius
3245 3306 3644 3379 mansisse.

2394 3426 2803 3516 Praeterea,
2864 3423 3272 3521 dupliciter
3343 3422 3608 3495 fuisset
3666 3443 3838 3494 cor—

2294 3541 2653 3640 ruptibile
2687 3541 2781 3614 ad
2842 3541 3041 3612 intra
3082 3538 3280 3610 sicut
3339 3537 3590 3625 modo,
3656 3538 3840 3633 quia

2293 3682 2471 3757 pars
2504 3657 2868 3754 organica
2935 3655 3092 3751 agit
3133 3655 3209 3726 in
3246 3663 3538 3750 partem
3576 3653 3834 3745 aliam,

2294 3786 2368 3850 et
2408 3776 2503 3850 ab
2545 3798 2635 3849 ea
2678 3774 3071 3872 repatitur.
3136 3771 3305 3845 Alio
3367 3771 3621 3864 modo,
3659 3770 3839 3867 quia

2293 3893 2367 3965 in
2414 3914 2902 3989 quacumque
2948 3898 3161 3987 parte
3211 3890 3420 3962 calor
3461 3887 3841 3961 naturalis

2292 4010 2449 4106 agit
2489 4010 2564 4081 in
2600 4008 3004 4082 humidum
3037 4006 3395 4097 radicale,
3442 4014 3515 4078 et
3557 4004 3666 4077 sic
3701 4027 3837 4099 per

2292 4125 2648 4200 accidens
2690 4123 3077 4198 consumit
3108 4146 3187 4196 se
3231 4144 3366 4219 per
3406 4120 3836 4194 exhalatio-

2294 4265 2497 4326 nem,
2550 4240 2984 4336 sicutignis
3045 4239 3118 4310 in
3178 4240 3484 4336 lychno.
3549 4237 3833 4310 Tamen

2292 4358 2721 4434 secundum
2766 4366 3142 4455 ponentes
3202 4355 3406 4454 quod
3451 4377 3691 4450 agens
3761 4365 3835 4428 et

2290 4477 2590 4575 patiens
2624 4484 3079 4573 separantur
3110 4472 3482 4569 subjecte,
3530 4495 3683 4544 non
3718 4483 3836 4546 est

2289 4593 2509 4667 facile
2539 4592 2925 4690 quomodo
2987 4592 3227 4664 forma
3287 4598 3534 4686 potest
3601 4611 3830 4683 agere

2290 4710 2367 4782 in
2438 4734 2662 4784 suurn
2729 4707 3188 4804 subjectum.
3237 4704 3539 4779 Meliori
3571 4715 3824 4779 tamen
3868 4704 4026 4764 Quid
4112 4719 4198 4755 ωδ

2291 4827 2544 4919 modo,
2612 4848 2766 4922 quo
2835 4832 3081 4922 potest
3163 4821 3443 4896 salvari
3535 4820 3823 4896 dictum
3866 4781 4200 4895 seekpueffiieunff'·

2288 4965 2726 5036 commune,
2771 4941 3076 5015 videtur
3141 4961 3308 5014 esse
3378 4939 3823 5036 ponendum
3891 4898 4230 5033 efzupnaciijff

2286 5062 2491 5159 quod
2527 5084 2703 5158 pars
2775 5058 3004 5133 habet
3061 5066 3353 5132 certum
3389 5056 3825 5153 periodum,
3897 5027 4223 5072 matonam.

2286 5189 2359 5254 et
2393 5177 2740 5274 quandiu
2774 5185 3023 5274 potest
3053 5196 3280 5270 agere
3351 5182 3423 5247 et
3473 5173 3832 5248 resistere

2289 5319 2593 5371 corrum
2605 5293 2841 5392 penti,
2888 5291 3166 5365 dicitur
3195 5313 3372 5389 pars
3404 5291 3835 5364 secundum

2289 5410 2652 5509 speciem.
2756 5410 3033 5482 Postea
3129 5430 3303 5480 cum
3375 5405 3449 5479 in
3534 5406 3841 5502 agendo

2286 5539 2585 5603 tantum
2638 5527 3079 5602 debilitatur
3110 5523 3314 5621 quod
3375 5547 3524 5598 non
3592 5533 3847 5621 potest

2299 5647 2621 5720 ulterius
2691 5667 2946 5742 agere,
3014 5642 3146 5717 sed
3216 5640 3483 5738 incipit
3564 5639 3842 5734 fluere,
