4295 6326
594 391 717 456 120

590 577 770 617 causa
804 558 1076 627 naturali,
1109 560 1205 615 sed
1241 559 1392 615 nolle
1419 566 1475 615 st
1504 559 1640 614 velle
1678 558 1761 614 sic
1814 558 1978 612 flunt.
2029 561 2127 612 Sc-

590 652 801 715 cundo,
835 648 978 705 alias
1011 650 1209 705 nolitio
1244 667 1357 705 non
1390 656 1540 705 esset
1575 651 1630 702 in
1661 648 1918 703 dominio
1952 646 2134 702 homi-

590 740 702 795 nis.
743 740 955 809 Tertio,
987 756 1056 795 ex
1089 740 1536 795 auctoritatibus
1568 738 1796 793 Putruvu
1835 744 1889 792 ct
1923 737 2132 791 philos.

591 829 860 884 adductis
886 829 956 884 ad
985 829 1333 899 oppositum.

377 1024 442 1089 6,
694 1005 867 1080 Istae
920 1005 1095 1080 duae
1171 1005 1576 1102 opiniones
1669 1004 2137 1079 concordant

237 1138 562 1190 Primamuo
595 1120 670 1194 in
709 1124 878 1216 hoc,
923 1124 1124 1219 quod
1171 1123 1376 1196 aliud
1437 1131 1692 1196 movet
1745 1131 1817 1195 et
1875 1131 2140 1195 causat

242 1206 542 1338 csssstitiici'i'i
593 1238 1039 1325 volitionem
1109 1241 1203 1314 ab
1304 1241 1467 1337 ipsa
1553 1240 1974 1331 voluntate,
2066 1246 2140 1311 et

241 1340 545 1391 ammones.
591 1366 860 1431 contra
893 1356 1076 1431 istas
1107 1356 1186 1429 in
1215 1356 1557 1452 generali
1591 1366 1770 1430 sunt
1806 1356 2138 1430 rationes

589 1472 1055 1571 principales
1096 1473 1189 1546 ad
1231 1472 1696 1570 oppositum,
1739 1482 1812 1546 et
1842 1471 2137 1546 deduco

251 1606 531 1732 qoozztrssgffi
592 1612 722 1663 eas
755 1590 1105 1683 ulterius,
1142 1591 1388 1687 primo
1422 1590 1529 1663 sic
1567 1613 1581 1663 ε
1619 1592 1875 1685 Agens
1927 1599 2141 1661 natu-

239 1736 559 1782 sunteasea
593 1707 750 1781 rale
812 1707 1414 1782 limitatumnon
1477 1716 1724 1805 potest
1781 1729 1948 1782 esse
2005 1729 2140 1803 per

238 1807 559 1915 ffiffiiiffiffn
592 1846 672 1898 se
750 1848 984 1899 causa
1051 1824 1608 1898 contrariorum
1670 1823 1871 1897 circa
1936 1822 2135 1897 idem

237 1919 559 2033 gggssfflssig.
591 1942 978 2039 objectum
1017 1942 1421 2038 aequaliter
1461 1941 1917 2038 dispositum
1954 1967 1972 2031 3
2005 1940 2136 2013 sed

261 2044 537 2158 ξὲῃῖῗδξξζ
591 2084 1003 2159 possumus
1038 2060 1318 2134 habere
1350 2058 1545 2133 velle
1579 2068 1650 2132 et
1689 2057 1896 2132 nolle
1937 2057 2139 2131 circa

591 2176 793 2251 idem
829 2176 1233 2273 aequaliter
1269 2175 1724 2273 dispositum
1787 2198 1876 2249 ex
1924 2183 2136 2271 parte

592 2295 711 2368 sui
744 2323 761 2387 3
799 2294 1033 2391 igitur
1084 2294 1280 2368 idem
1336 2293 1719 2389 objectum
1782 2317 1936 2366 non
1999 2315 2139 2389 po-

588 2420 735 2485 test
774 2435 941 2486 esse
976 2434 1210 2485 causa
1251 2434 1385 2508 per
1439 2434 1519 2484 se
1586 2410 1906 2484 istorum
1962 2433 2140 2482 con-

590 2527 998 2601 trariorum
1064 2556 1082 2620 3
1174 2526 1409 2623 igitur
1469 2526 1676 2600 aliud
1739 2525 1882 2600 erit
1959 2549 2139 2622 pro-

591 2646 842 2744 prium
887 2645 1301 2741 objectum,
1349 2653 1694 2741 respectu
1752 2642 1973 2739 cujus
2024 2653 2136 2717 est

589 2762 822 2855 nolle,
886 2772 965 2836 ut
1027 2763 1343 2855 malurn,
1409 2770 1482 2835 et
1526 2760 1733 2835 aliud
1786 2768 2132 2857 respectu

591 2877 814 2974 cujus
889 2887 1002 2950 est
1069 2874 1290 2970 velle,
1390 2886 1470 2948 ut
1545 2875 1835 2948 bonum
1910 2903 1928 2967 3
2002 2874 2132 2947 sed

594 2994 877 3067 malum
968 3016 1120 3065 non
1201 3000 1450 3089 potest
1531 3014 1851 3065 causare
1933 2990 2135 3063 nolle

590 3110 945 3210 positive,
1001 3109 1182 3207 quia
1261 3108 1723 3206 privativum
1800 3108 2137 3205 inquan-

596 3239 752 3302 tum
786 3229 964 3320 tale,
1018 3250 1171 3300 non
1226 3249 1361 3323 per
1410 3249 1490 3300 se
1551 3234 1812 3299 causat
1866 3224 2128 3322 positi-

588 3368 828 3437 vum3
896 3342 1126 3439 igitur
1193 3343 1550 3416 voluntas
1604 3351 1868 3416 causat
1929 3342 2134 3415 nolte

590 3458 960 3535 effective.

259 3617 527 3668 Secunda.
689 3574 1046 3650 Secundo
1098 3575 1191 3648 ad
1246 3574 1477 3667 idem,
1542 3576 1771 3648 homo
1835 3583 1950 3648 est
2011 3574 2135 3647 do-

238 3680 562 3793 ξᾈζοὲξῗζῖ
594 3696 850 3768 minus
899 3703 1205 3769 actuum
1263 3716 1578 3766 suorum
1622 3717 1636 3777 ;
1696 3693 1826 3767 sed
1878 3692 2132 3790 passio

239 3805 560 3919 ‘aff-„gfff
592 3836 746 3885 non
780 3820 893 3885 est
933 3809 1010 3881 in
1073 3816 1442 3906 potestate
1512 3808 1872 3906 patientis
1923 3819 2136 3883 natu-

352 3940 454 3983 ω’·
589 3927 850 4002 raliter
911 3953 929 4018 3
1007 3925 1241 4020 igitur
1323 3924 1584 3997 volitio
1656 3947 1806 3996 non
1879 3935 1993 3998 est
2058 3925 2127 3995 in

497 4045 504 4052 ’
587 4050 959 4142 potestate
1031 4038 1387 4131 volentis,
1471 4049 1543 4113 et
1629 4064 1767 4137 per
1859 4062 2136 4112 conse-

588 4183 834 4258 quens
896 4181 1033 4232 nec
1085 4157 1191 4229 illi
1262 4166 1503 4243 actus,
1559 4167 1632 4230 et
1691 4156 1799 4230 sic
1874 4158 2134 4232 nullus

587 4277 1170 4372 vituperandus,

684 4392 981 4466 Dicitur
1031 4391 1153 4463 hic
1205 4390 1407 4487 quod
1463 4390 1599 4482 sie,
1636 4390 1819 4488 quia
1860 4391 2136 4468 volun-

587 4520 701 4583 tas
733 4507 1191 4582 determinat
1233 4506 1696 4580 intellectum
1733 4507 1824 4578 ad
1891 4507 2135 4581 consi-

587 4627 1058 4702 derationem
1095 4625 1352 4717 unius,
1389 4635 1460 4697 et
1488 4634 1729 4722 potest
1763 4625 1853 4698 ad
1895 4651 2132 4699 unum

587 4753 1062 4835 convertere,
1165 4743 1282 4815 vel
1378 4754 1749 4835 avertere,
1849 4754 1923 4817 et
1999 4768 2134 4841 pro

588 4873 798 4938 tanto
833 4871 945 4936 est
991 4860 1062 4932 in
1129 4869 1498 4956 potestate
1544 4861 1896 4946 volentis,
1964 4861 2137 4935 licet

592 5006 745 5055 non
789 4991 1163 5078 quantum
1210 4977 1302 5051 ad
1337 4988 1588 5051 actum
1637 4979 1994 5075 primum.

373 5117 439 5183 7,
691 5101 997 5188 Contra,
1045 5096 1119 5168 in
1161 5093 1404 5191 primo
1450 5094 1789 5187 instanti,
1850 5095 1919 5167 in
1981 5118 2134 5189 quo

259 5231 540 5343 Iml‘uurssna‘
593 5214 1097 5290 occurrittale
1133 5214 1614 5309 phantasma,
1665 5221 1842 5285 tunc
1891 5212 2134 5309 primo

429 5333 439 5345 ’
595 5331 987 5429 evigilanti
1051 5330 1294 5427 prima
1380 5329 1574 5404 actio
1674 5353 1810 5426 per
1866 5353 1945 5402 se
2024 5336 2138 5402 est

591 5474 799 5526 mere
846 5448 1259 5541 naturalis3
1306 5447 1539 5543 igitur
1606 5446 1868 5521 volitio
1950 5470 2136 5519 cau-

595 5579 784 5662 sata,
882 5566 1062 5666 quia
1148 5588 1300 5637 non
1390 5571 1500 5638 est
1579 5565 1656 5637 in
1765 5571 2134 5661 potestate

237 4423 538 4485 Responsio

322 4486 477 4537 Gofl'r.

1989 385 2224 453 Llssltl
2279 385 2364 451 11.

2243 563 2501 631 nostra
2543 557 2728 653 quin
2780 556 2962 630 visis
3005 563 3441 653 lanqamztr,
3494 552 3791 643 Augus-

2245 673 2450 746 tinus
2491 673 2561 745 3.
2598 673 2691 747 de
2732 673 3004 747 Libero
3068 671 3292 746 arbit.
3355 691 3493 766 per
3559 666 3782 738 talem

2244 789 2622 863 actionem
2657 790 3091 863 intellectus
3132 796 3246 861 est
3307 806 3511 859 mere
3562 789 3789 854 natu-

2246 905 2452 979 ralis.
2569 906 2645 979 Si
2735 905 2969 1001 igitur
3069 906 3429 978 voluntas
3545 905 3791 997 potest

2248 1023 2623 1121 imperare
2660 1023 3046 1121 potentiis,
3086 1024 3228 1095 hoc
3263 1042 3415 1093 non
3449 1017 3590 1091 erit
3659 1037 3791 1112 per

2245 1138 2475 1213 istum
2507 1149 2760 1212 actum
2805 1138 3140 1236 primum
3191 1161 3207 1224 3
3250 1148 3406 1210 tum
3451 1131 3634 1230 quia
3664 1130 3790 1204 ille

2246 1265 2461 1328 actus
2532 1254 2824 1351 primus
2885 1277 3037 1327 non
3109 1261 3224 1326 est
3291 1250 3368 1322 in
3427 1254 3790 1346 potestate

2246 1371 2717 1463 voluntatis3
2776 1380 2931 1444 tum
2967 1369 3151 1465 quia
3189 1368 3317 1440 ille
3369 1374 3584 1440 actus
3635 1385 3787 1435 non

2247 1497 2360 1561 est
2449 1488 3036 1580 considerando,
3119 1487 3237 1560 vel
3313 1507 3463 1557 non
3536 1480 3794 1556 consi-

2247 1603 2615 1698 derandO,
2654 1606 2785 1679 sed
2844 1614 3204 1678 causatur
3236 1624 3442 1675 mere
3477 1609 3793 1673 natura-

2249 1719 2443 1793 liter.
2483 1719 2679 1806 Quid
2730 1720 2965 1816 igitur
3005 1719 3180 1792 facit
3221 1718 3450 1791 istum
3503 1725 3788 1806 actum,

2248 1857 2401 1931 quo
2443 1835 2804 1908 voluntas
2844 1834 3169 1931 imperat
3247 1828 3663 1904 intellectui
3697 1827 3791 1901 ad

2246 1949 2924 2042 considerandum,
2962 1950 3081 2023 vel
3116 1948 3209 2021 ad
3258 1971 3409 2019 non
3443 1943 3795 2019 conside-

2250 2064 2573 2137 randum
2608 2065 2647 2137 ἶ)
2689 2065 3062 2139 Voluntas
3104 2064 3306 2138 enim
3351 2086 3507 2135 non
3550 2068 3798 2158 potest

2248 2180 2420 2254 aliis
2498 2181 2859 2279 potentiis
2919 2182 3328 2278 imperare,
3427 2177 3574 2251 nisi
3664 2198 3796 2273 per

2247 2306 2499 2370 actum
2553 2298 2997 2389 voluntatis,
3055 2298 3175 2370 vel
3243 2294 3390 2367 nisi
3443 2294 3626 2367 velit
3683 2292 3793 2365 eis

2250 2414 2649 2512 imperare,
2684 2416 2801 2490 vel
2841 2415 2985 2488 nisi
3030 2415 3213 2489 velit
3263 2413 3467 2509 ipsas
3518 2410 3791 2508 exequi

2246 2529 2686 2627 imperium,
2777 2555 2819 2604 a
2909 2553 3062 2627 quo
3138 2540 3252 2603 est
3339 2528 3527 2601 illud
3599 2524 3794 2599 velle

2247 2647 2617 2721 effective.
2694 2650 2840 2721 Aut
2907 2648 3139 2743 igitur
3218 2646 3444 2719 istum
3541 2653 3793 2717 actum

2247 2772 2511 2836 causat
2577 2762 2654 2834 in
2715 2784 2796 2836 se
2862 2760 3328 2852 immediate,
3400 2768 3584 2831 tunc
3628 2755 3789 2854 pari

2248 2877 2541 2950 ratione
2598 2878 2955 2953 standum
3027 2887 3142 2951 est
3200 2877 3275 2949 in
3344 2872 3720 2973 principio
3772 2899 3790 2964 3

2244 2995 2368 3067 vel
2402 2995 2546 3067 hoc
2590 2995 2819 3068 hahet
2849 2993 3187 3079 aliunde,
3226 3002 3300 3065 et
3347 3000 3526 3064 tunc
3566 2990 3799 3086 impe-

2250 3110 2445 3185 rium
2490 3135 2718 3185 suum
2754 3134 2906 3185 non
2943 3120 3057 3186 est
3089 3110 3165 3185 in
3200 3133 3343 3185 sua
3392 3117 3788 3207 potestate.

2343 3227 2566 3315 Dicit,
2662 3237 2910 3326 potest
2984 3251 3387 3303 occurrere
3465 3225 3794 3322 impedi-
3882 3268 4111 3327 nepueu

2248 3354 2618 3438 mentum,
2655 3367 3120 3443 quamquam
3160 3346 3303 3417 hoc
3335 3345 3793 3441 phantasma

2245 3459 2341 3534 sit
2414 3469 2674 3534 natum
2736 3483 3042 3534 movere
3098 3461 3191 3533 ad
3260 3459 3405 3534 sibi
3472 3458 3789 3556 propin-

2243 3599 2510 3673 quum.

2344 3693 2450 3764 Ex
2494 3693 2638 3764 hoc
2680 3692 3003 3765 hahetur
3057 3691 3561 3789 propositum,
3609 3691 3792 3788 quia
3838 3715 4121 3780 Rejieitur.

2246 3817 2766 3905 quotcumque
2799 3806 2988 3882 fiant
3036 3808 3603 3901 circulationes,
3650 3809 3788 3881 im-

2246 3924 2767 4021 pedimentum
2806 3948 3221 3998 occurrens
3277 3949 3431 3999 non
3465 3936 3579 3999 est
3621 3927 3792 4023 plus

2245 4041 2319 4112 in
2403 4050 2774 4137 potestate
2871 4051 3157 4126 nostra,
3249 4065 3482 4138 quam
3573 4043 3792 4117 bovis

2245 4158 2499 4231 euntis
2566 4158 2657 4230 ad
2722 4180 3034 4254 pascua,
3106 4158 3168 4230 si
3246 4169 3596 4233 occurrat
3647 4159 3791 4232 sibi

2245 4275 2451 4348 aliud
2517 4275 2761 4371 magis
2838 4275 3289 4350 delectabile
3350 4276 3427 4350 in
3505 4277 3786 4365 eundO,

2245 4393 2739 4490 prosequitur
2772 4392 2987 4478 illud,
3050 4392 3239 4464 illud
3278 4405 3526 4468 tamen
3561 4393 3796 4490 impe-

2245 4511 2669 4585 dimentum
2707 4536 2856 4585 non
2884 4510 3095 4586 estin
3134 4522 3502 4609 potestate
3537 4512 3788 4606 hovis3

2246 4628 2354 4702 sic
2390 4629 2577 4701 nihil
2617 4627 2828 4701 lieret
2872 4651 3006 4724 per
3056 4628 3466 4725 imperium
3529 4633 3795 4704 volun-

2252 4744 2449 4836 tatis,
2504 4743 2650 4816 nisi
2717 4744 3074 4816 voluntas
3148 4744 3387 4840 possit
3456 4745 3790 4843 aliquem

2246 4871 2498 4934 actum
2545 4860 2617 4931 in
2662 4884 2741 4934 se
2778 4883 3124 4933 causare.

2344 4977 2641 5049 Dicitur
2681 4976 2927 5067 aliter,
2965 4975 3027 5048 si
3089 4975 3315 5049 simul
3377 4990 3789 5053 occurrunt
3948 5009 4011 5074 3,

2251 5094 2322 5164 in
2364 5095 2893 5189 phantasmate
2936 5092 3384 5184 delectabile
3432 5105 3504 5169 et
3552 5095 3788 5170 detes·
3853 5124 3971 5172 Ana
4003 5137 4116 5172 res-

2251 5212 2477 5284 tabiiss
2512 5212 2586 5283 in
2622 5221 2824 5303 actu,
2866 5211 2934 5281 in
2973 5220 3342 5306 potestate
3375 5215 3789 5288 “muniatis
3872 5188 4081 5249 pontio,

2248 5338 2362 5403 est
2403 5327 2669 5401 sistere
2731 5327 3200 5400 intellectum
3255 5329 3332 5401 in
3394 5331 3624 5428 turpi,
3676 5332 3793 5405 di-

2254 5445 2621 5518 mittendo
2706 5444 2932 5518 aliam
3025 5456 3348 5541 partem,
3446 5458 3520 5522 et
3615 5460 3794 5526 tunc

2250 5561 2601 5659 sequitur
2643 5562 2844 5635 mala
2876 5561 3174 5635 electio,

4220 696 4227 717 „⁴
4220 636 4227 653 -

3856 3329 4122 3381 Gofl'redi.
