4295 6326
45 618 253 669 Tertium-

61 2119 229 2169 antra.

176 5416 207 5462 9

52 5529 312 5588 Gaudio

43 5599 99 5642 ει
138 5606 317 5664 mp-

44 5655 131 5708 lio
164 5670 216 5709 u
238 5675 331 5716 mo-
359 5646 627 5733 menia,

1406 411 1633 483 DIST.
1684 411 1873 483 xlv.
1923 411 2344 494 QUAESTIO
2390 412 2511 483 111.

420 588 642 683 Item,
696 588 760 663 si
829 596 1071 686 agunt
1136 588 1215 662 in
1285 588 1675 676 inferiora,
1737 598 1873 663 aut

320 705 562 801 igitur
602 728 736 804 per
781 715 1073 779 motum
1143 706 1495 798 localem,
1538 713 1672 779 aut
1735 727 1873 803 per

321 824 670 921 aliquam
705 824 1023 898 sormam
1060 832 1642 922 permanentem
1689 821 1874 897 sub·

322 940 763 1016 stantialem
807 941 928 1015 vel
960 940 1512 1015 accidentalem
1538 938 1579 1010 Ῥ
1604 937 1684 1014 Si
1727 938 1875 1037 pri·

323 1082 453 1131 mo
528 1058 782 1151 modo,
856 1082 1032 1133 cum
1110 1068 1365 1133 motus
1449 1057 1547 1132 sit
1634 1057 1875 1132 forma

324 1173 608 1263 ssuenS,
653 1175 1083 1250 secundum
1143 1174 1589 1273 opinionem
1620 1173 1873 1248 verio-

327 1315 522 1385 rem,
563 1302 643 1366 ut
709 1294 875 1367 vult
914 1293 1489 1369 Commentator
1526 1290 1596 1365 3.
1650 1291 1874 1392 Phy-

320 1411 464 1483 εἰσ.
539 1409 776 1505 igitur
813 1408 952 1485 ubi
1009 1419 1209 1485 esset
1258 1409 1504 1484 forma
1568 1408 1867 1503 activa3

324 1549 819 1624 consequens
885 1537 1000 1602 est
1040 1527 1342 1603 falsum.
1390 1526 1470 1602 Si
1531 1525 1871 1602 secundo

325 1642 588 1735 modo,
638 1643 875 1740 igitur
912 1652 1228 1742 possent
1267 1666 1494 1740 agere
1560 1642 1639 1717 in
1692 1642 1875 1718 inse-

325 1758 564 1855 riora,
643 1757 785 1836 etsi
843 1785 999 1835 non
1086 1769 1608 1850 moverentur,
1691 1758 1876 1858 quia

327 1878 757 1974 quamlibet
816 1877 1193 1953 *formam
1293 1887 1871 1977 permanentem

328 2018 565 2092 quam
623 2019 830 2071 nunc
884 1998 1197 2091 habent,
1240 2006 1425 2071 tunc
1471 1995 1869 2071 haberent.

428 2112 915 2211 Oppositum,
954 2115 1232 2189 GeneS.
1281 2115 1349 2189 1.
1413 2112 1621 2188 Sunt
1655 2113 1737 2187 in
1766 2114 1879 2188 si-

318 2253 480 2325 qua
519 2236 595 2304 et
626 2238 999 2329 tempora,
1046 2242 1186 2306 etc.
1224 2239 1299 2308 et
1355 2231 1762 2329 exponitur
1783 2231 1876 2306 de

325 2347 700 2445 qualitate
742 2348 986 2438 aeris3
1041 2349 1279 2447 igitur
1309 2350 1551 2425 stellae
1591 2349 1879 2425 faciunt

326 2466 420 2540 ad
458 2467 953 2543 serenitatem
982 2467 1208 2544 aeris,

426 2591 648 2679 Item,
686 2585 756 2658 2.
792 2584 1114 2685 physic.
1144 2592 1329 2660 teoet.
1366 2582 1485 2657 26.
1524 2583 1774 2658 Homo
1807 2590 1882 2657 et

327 2700 462 2775 Sol
504 2709 883 2797 generant
913 2700 1335 2777 hominem.

426 2819 648 2913 Item,
674 2819 936 2917 primo
983 2818 1076 2894 de
1140 2818 1650 2893 Generalione
1689 2822 1873 2893 text.

336 2933 461 3007 56.
507 2956 872 3010 accessus
911 2942 987 3009 et
1027 2956 1379 3009 recessus
1418 2931 1497 3006 in
1565 2932 1878 3029 obliquo

329 3060 445 3126 est
485 3073 723 3125 causa
753 3060 1147 3149 perpetuae
1181 3047 1726 3147 generationis.

428 3170 651 3265 Item,
684 3169 749 3244 si
784 3194 936 3244 non
973 3169 1348 3246 haberent
1377 3166 1755 3245 actionem
1799 3167 1874 3240 in

332 3287 725 3372 inferiora,
790 3310 944 3361 non
993 3296 1192 3364 esset
1231 3296 1486 3362 motus
1534 3308 1880 3363 necessa·

332 3406 497 3480 rius
563 3429 864 3500 eorum,
910 3407 1029 3481 vel
1063 3407 1126 3481 si
1181 3416 1382 3481 esset
1410 3403 1606 3480 actio
1646 3402 1878 3479 totius

330 3523 572 3618 orbiS,
616 3534 692 3599 et
744 3548 899 3598 non
954 3524 1195 3600 stellae
1235 3532 1563 3616 tantum,
1604 3522 1881 3597 frustra

334 3651 779 3716 moveretur
830 3639 1065 3729 orbiS,
1124 3663 1300 3715 cum
1368 3638 1465 3714 sit
1531 3638 1877 3737 ejusdem

333 3760 655 3836 rationis
695 3760 772 3834 in
815 3759 1177 3836 omnibus
1204 3759 1579 3857 partibus.

880 4072 1239 4133 SCHOLIUM
1280 4075 1323 4131 1.

400 4226 661 4285 Primum
714 4226 980 4284 dictum:
1041 4223 1230 4281 Steuoe
1287 4228 1460 4293 noune
1516 4221 1577 4277 in
1605 4220 1878 4276 elementa

331 4320 647 4389 venerando
689 4322 741 4375 et
783 4314 1202 4388 corrumpendo.
1242 4312 1574 4370 Secundum
1611 4327 1625 4366 ε
1671 4311 1879 4367 Fluctus

333 4412 661 4479 etrefluaeux
714 4407 777 4478 lit
822 4425 854 4462 α
910 4408 1082 4462 Luna.
1132 4403 1219 4460 lta
1264 4401 1434 4460 Basil.
1486 4401 1585 4459 cit.
1619 4400 1789 4457 Amb.
1823 4400 1874 4455 4.

338 4500 604 4555 llexaem.
638 4515 690 4555 c.
722 4499 777 4553 6.
809 4497 985 4554 Arist.
1019 4495 1070 4550 4.
1105 4494 1176 4550 de
1207 4497 1355 4567 part.
1388 4491 1627 4551 animal.
1662 4495 1735 4559 set
1778 4489 1878 4547 alii

334 4590 483 4645 citati
536 4589 594 4644 iu
646 4593 833 4645 Oxou.
883 4587 977 4644 htc
1010 4585 1203 4643 Schol.
1248 4601 1413 4641 num.
1460 4585 1515 4641 5.
1565 4582 1876 4641 Tertium:

343 4680 574 4737 Causam
602 4679 794 4736 varias
824 4678 1227 4751 impressiones,
1260 4677 1370 4733 eni
1394 4675 1460 4732 de
1486 4676 1572 4731 his
1605 4672 1883 4747 asli-olom·

339 4771 726 4827 certitudinem
745 4786 858 4826 non
886 4769 1144 4825 habeant.
1175 4767 1321 4824 Vide
1367 4765 1657 4824 Conimbr.
1704 4765 1760 4820 2.
1809 4765 1882 4822 do

342 4859 510 4928 Coelo,
542 4876 668 4934 cap.
701 4860 759 4915 3.
788 4876 849 4932 q.
877 4860 934 4914 9.
966 4858 1246 4923 Quartum
1288 4873 1301 4912 :
1348 4856 1586 4913 Causam
1632 4841 1879 4914 metalla.

345 4953 426 5006 Ita
480 4951 780 5008 Conimbr.
840 4949 985 5006 Vide
1015 4947 1405 5006 mirandulam
1459 4945 1565 5003 lib.
1614 4946 1686 5004 do
1714 4945 1881 5014 coelo,

344 5055 465 5112 cap.
494 5040 583 5094 38.
618 5044 676 5097 et
718 5038 811 5097 39.
862 5037 1149 5095 Zimaram
1194 5036 1505 5093 Theoi-em.
1549 5036 1637 5092 45.
1681 5034 1884 5093 Moneo

349 5132 715 5202 quaetionem
757 5130 927 5188 istam
951 5128 1087 5186 hinc
1106 5127 1446 5186 translatam
1479 5128 1551 5183 ad
1599 5123 1884 5198 scriptum

348 5219 678 5281 oxoniense.

440 5403 544 5478 Ad
575 5397 1097 5501 quaestionem
1152 5395 1320 5470 dico
1380 5393 1587 5493 quod
1645 5392 1887 5469 stellae

354 5530 581 5618 agunt
652 5519 731 5592 in
822 5514 1215 5608 inferiora,
1278 5511 1567 5588 scilicet
1624 5510 1701 5585 in
1745 5512 1892 5587 ele·

662 5642 741 5712 et
781 5632 863 5708 in
924 5655 1016 5709 ea
1046 5652 1223 5734 quae
1280 5637 1462 5706 sunt
1516 5626 1754 5703 invia
1792 5628 1888 5704 ad

3437 411 3524 482 59

1984 586 2463 684 mixtionem,
2498 599 2572 665 et
2616 589 2691 664 in
2756 589 2992 665 mixta
3040 587 3521 664 insensibilia
3575 613 3633 661 tu
3666 611 3843 664 stelia-

1981 728 2116 780 seu
2193 705 2644 794 inanimata,
2715 714 2791 783 et
2860 706 3088 782 etiam
3147 706 3224 778 in
3288 702 3524 778 mixta
3645 686 3787 730 '⁰¹¹¹‘

1982 821 2408 916 sensibilia,
2481 822 2642 899 sive
2729 823 3152 899 inanimata
3235 820 3526 896 irratio·

1983 936 2215 1012 nalia.
2303 937 2652 1013 Primum
2728 948 2935 1038 patet
3002 938 3250 1036 primo
3318 936 3525 1034 quod

1981 1064 2223 1151 agunt
2271 1054 2347 1129 in
2401 1057 2783 1133 elementa
2828 1066 3204 1157 quantum
3262 1053 3355 1129 ad
3396 1076 3530 1150 ge-

1981 1173 2458 1250 nerationem
2548 1185 2620 1251 et
2712 1174 3273 1266 alterationem,
3344 1170 3529 1269 quia

1981 1291 2507 1390 approximato
2571 1293 2747 1369 Sole
2813 1292 3053 1390 magis
3103 1288 3529 1367 intenditur

1980 1407 2225 1484 virtus
2275 1410 2831 1486 elementorum
2885 1409 3403 1509 superiorum,
3452 1415 3524 1482 et

1981 1524 2426 1601 debilitatur
2473 1528 2718 1604 virtus
2764 1528 3263 1621 inferiorum3
3307 1549 3530 1602 rece-

1979 1640 2207 1718 dente
2275 1668 2485 1736 vero,
2551 1645 2829 1721 accidit
2889 1670 2930 1721 e
2991 1645 3410 1739 contrario,
3455 1653 3529 1721 et

1980 1754 2155 1837 ideo
2197 1764 2649 1859 alterantur,
2694 1774 2769 1840 et
2824 1766 3133 1840 tandem
3192 1788 3533 1839 corrum;

1980 1887 2301 1977 puntur,
2365 1890 2441 1956 et
2499 1880 2650 1956 alia
2717 1890 3214 1978 generantur.
3262 1884 3353 1956 Et
3391 1904 3532 1979 ap-

1980 2002 2196 2091 paret
2224 1994 2622 2070 manifeste
2647 1995 2740 2070 de
2773 2018 3003 2093 aqua,
3029 1997 3241 2093 quod
3277 1996 3531 2070 minor

1981 2108 2201 2186 estin
2248 2120 2510 2186 oestate
2543 2133 2774 2208 quam
2807 2111 2883 2185 in
2927 2114 3231 2211 hyeme.

2078 2226 2336 2322 DiceS,
2371 2251 2457 2304 ex
2512 2228 2717 2304 mille
2748 2229 3062 2327 pugillis
3103 2229 3306 2328 ignis
3372 2254 3526 2306 non

1983 2344 2067 2418 fit
2114 2344 2263 2419 nisi
2335 2369 2537 2422 unus
2575 2354 2843 2435 terrae3
2910 2347 3146 2445 igitur
3184 2348 3528 2446 genitum

1984 2461 2244 2538 minus
2285 2463 2610 2562 replebit
2650 2463 2742 2540 de
2778 2465 2944 2539 loco
2982 2492 3001 2558 ;
3047 2464 3284 2562 igitur
3322 2488 3533 2539 nunc

1984 2579 2129 2654 erit
2213 2580 2592 2677 vacuum}
2662 2581 2786 2656 vel
2871 2605 3046 2657 cum
3118 2591 3533 2681 generatur

1985 2718 2267 2795 corpus
2335 2696 2612 2796 majus,
2681 2706 2909 2774 erunt
2993 2722 3315 2797 corpora
3376 2697 3529 2773 duo

1984 2812 2246 2889 simul.

2082 2930 2271 3006 Dico
2349 2932 2555 3030 quod
2596 2956 2772 3009 curn
2852 2931 2982 3008 Sol
3059 2932 3353 3009 accedit
3436 2933 3531 3009 ad
3560 2940 3843 3056 ASolutio·

1986 3071 2220 3124 unam
2283 3049 2707 3146 regionem,
2772 3049 3058 3126 recedit
3114 3074 3158 3125 a
3216 3050 3529 3147 regione
3558 3019 3874 3120 10253335„

1983 3166 2363 3268 opposita,
2426 3177 2501 3244 et
2585 3168 2768 3244 illuc
2836 3167 3131 3245 accedit
3208 3169 3531 3244 Planeta
3582 3135 3855 3247 3333?ss

1983 3283 2307 3381 frigidus
2347 3282 2720 3380 effective,
2756 3294 2830 3360 et
2860 3295 3045 3360 tunc
3086 3285 3193 3359 ibi
3249 3284 3526 3361 crescit
3590 3272 3818 3323 ‘empe‘’

1984 3410 2285 3476 tanturn
2335 3411 2708 3501 quantum
2763 3402 2945 3478 alibi
2991 3402 3394 3498 decrescit,
3430 3402 3535 3478 ita

1985 3507 2192 3615 quod
2226 3528 2601 3617 quantum
2637 3519 2731 3594 ad
2764 3519 3244 3611 totalitatem,
3280 3542 3537 3617 oequa-

1984 3634 2132 3710 lem
2176 3637 2433 3712 locum
2486 3645 2867 3735 occupant
2911 3639 3298 3712 elementa
3341 3660 3536 3713 sem-

1983 3773 2145 3847 per.
2193 3749 2326 3826 Vel
2362 3759 2612 3850 potest
2642 3749 2820 3845 dici,
2857 3752 3061 3849 quod
3096 3760 3212 3828 est
3242 3752 3535 3851 aliqua-

1983 3865 2080 3942 lis
2114 3866 2541 3957 rarefacti0‚
2570 3866 2746 3943 licet
2776 3891 2930 3944 non
2955 3891 3261 3967 semper
3288 3878 3527 3963 tanta,

1985 3984 2191 4082 quod
2227 3980 2432 4058 istud
2473 3984 2818 4061 solvetur
2853 3994 3152 4060 tantum
3212 4008 3351 4085 per
3404 4009 3533 4060 ra-

1982 4094 2480 4179 refactionem
2512 4113 2588 4178 et
2614 4103 3326 4182 condensationem.

2079 4222 2341 4320 Agunt
2406 4218 2634 4296 etiarn
2676 4220 2755 4294 in
2825 4224 3233 4319 elementa,
3278 4246 3531 4321 quan·
3692 4238 3757 4309 3.

1983 4350 2146 4416 tum
2191 4337 2286 4413 ad
2352 4336 2498 4412 loci
2570 4338 3100 4433 mutationem,
3163 4339 3347 4438 quia
3385 4340 3532 4413 im-
3558 4358 3630 4409 no
3659 4356 3806 4406 fluxu
3827 4355 3881 4405 et

1984 4456 2425 4556 pressiones
2495 4453 2763 4553 ignitoe
2829 4465 3238 4533 moventur
3294 4457 3534 4533 circu·
3561 4420 3881 4534 ωζῖίῑιῖἷῖι

1987 4573 2248 4650 lariter
2287 4572 2485 4648 sicut
2553 4574 2863 4668 coelum,
2909 4583 2984 4649 et
3038 4573 3325 4650 habent
3365 4600 3534 4650 mo-
3559 4546 3851 4675 ςξὲιῖἷάῧῗ

1987 4699 2150 4766 tum
2219 4688 2755 4786 irregularem,
2827 4691 3256 4767 secundum
3325 4692 3534 4791 quod

1990 4806 2629 4907 approximantur
2672 4809 2767 4883 ad
2816 4809 3210 4885 diversum
3255 4809 3539 4887 Plane-

1988 4936 2142 5001 tam
2176 4952 2194 5019 3
2226 4923 2336 5001 sic
2378 4925 2585 5001 enim
2628 4926 2849 5002 stella
2887 4926 3168 5003 dicitur
3198 4928 3544 5028 aliquan-

1994 5042 2091 5118 do
2126 5042 2373 5140 magis
2433 5043 3058 5144 appropinquare
3128 5045 3265 5121 uni
3308 5069 3540 5145 quam

1998 5160 2244 5236 alteri.
2347 5159 2718 5238 Similiter
2793 5163 3034 5239 stellae
3128 5173 3370 5262 agunt
3463 5162 3541 5237 in

1998 5276 2392 5366 inferiora,
2439 5278 2632 5353 utin
2677 5303 2987 5378 aquam,
3051 5278 3233 5378 quia
3290 5279 3547 5354 fluxus

1998 5395 2236 5470 maris
2277 5403 2351 5470 et
2391 5393 2737 5472 refluxus
2765 5421 2920 5471 non
2950 5406 3201 5495 potest
3231 5394 3544 5489 salvari,

2000 5511 2150 5587 nisi
2175 5511 2663 5592 attribuendo
2700 5514 2846 5590 hoc
2868 5514 3141 5609 Lunae,
3168 5512 3352 5613 quia
3382 5513 3552 5590 uni-

2004 5627 2350 5706 formiter
2380 5628 2732 5733 sequitur
2790 5629 3046 5707 fluxus
3077 5639 3153 5708 et
3204 5627 3549 5711 refluxus

3589 2262 3846 2328 objectio.
