4295 6326
330 588 613 640 Conclusio

317 653 616 718 problema·

420 716 543 765 tica.

318 1017 393 1070 Ad
411 1020 638 1084 primum

323 1083 634 1147 principale.

445 2328 550 2396 15.

328 2416 407 2466 Ad
441 2429 629 2466 seeun-

416 2480 563 2530 dum.

663 398 791 480 250

764 558 937 642 Istae
967 568 1139 643 duze
1163 570 1498 645 rationes
1530 581 1710 646 sunt
1730 571 2198 670 probabiles,

668 687 834 761 etsi
881 688 1165 782 valent,
1218 699 1571 764 teneatur
1620 691 2013 766 conclusio
2066 715 2206 766 ne-

669 804 966 901 gativa3
1012 806 1075 878 si
1132 817 1385 881 autem
1429 833 1579 882 non
1626 810 1909 903 valent,
1956 818 2206 883 tenea·

670 933 795 998 tur
834 925 1225 1000 conclusio
1267 925 1744 1002 affirmativa.

766 1041 878 1114 Ad
911 1041 1241 1141 primum
1293 1043 1741 1142 principale,
1788 1044 1956 1118 dico
1998 1045 2245 1141 quod·

667 1183 819 1233 non
855 1184 945 1233 ex
977 1162 1120 1234 hoc
1152 1170 1399 1259 potest
1438 1185 1677 1235 unum
1720 1161 2203 1259 suppositum

665 1285 1095 1351 sustentare
1213 1276 1443 1351 atiam
1538 1287 1918 1371 naturam,
2024 1278 2206 1375 quia

666 1391 907 1487 magis
975 1391 1119 1466 sibi
1188 1393 1847 1490 proportionatum
1919 1393 1997 1466 in
2058 1396 2203 1468 hoc

664 1508 869 1607 quod
928 1509 1396 1604 absolutum,
1462 1518 1592 1584 aut
1654 1510 1730 1582 in
1793 1512 1937 1583 hoc
1998 1511 2204 1620 quod

668 1624 1002 1720 finitum,
1050 1627 1230 1724 quia
1288 1627 1677 1724 proportio
1721 1637 1834 1702 est
1896 1636 2208 1702 susten-

665 1743 924 1836 tantis,
964 1752 1036 1818 et
1103 1744 1551 1842 simpliciter
1616 1745 2206 1842 independentis

668 1860 811 1934 hac
845 1860 1387 1957 dependentia,
1426 1872 1498 1937 et
1531 1871 1901 1960 quantum
1939 1863 2208 1937 adhoc

666 1977 857 2050 nihil
893 1978 1249 2052 estalteri
1312 1990 1609 2054 naturae
1677 1980 2209 2079 proportiona-

667 2096 847 2189 bile,
922 2095 1068 2170 nisi
1146 2097 1592 2196 simpliciter
1681 2098 2210 2198 independens

672 2216 815 2288 hac
849 2213 1386 2311 dependentia.

773 2333 885 2408 Ad
927 2333 1163 2426 aliud,
1202 2333 1369 2407 dico
1404 2335 1609 2432 quod
1644 2335 1817 2409 licet
1847 2335 2211 2434 perfectio

678 2451 1105 2548 personalis
1147 2475 1297 2525 non
1345 2451 1685 2526 includat
1753 2450 2211 2527 infinitatem

1995 401 2234 469 LIBRI
2285 401 2406 471 111.

2317 574 2759 668 formaliter,
2794 585 3051 649 tamen
3104 573 3350 672 ipsam
3420 567 3855 646 necessario

2318 692 2873 767 concomitatur
2949 690 3314 780 infinitas,
3401 688 3585 787 quia
3654 685 3860 759 inde-

2319 809 2731 907 pendentia
2763 808 3252 907 simpliciter3
3301 807 3471 880 ideo
3503 802 3697 878 nihil
3734 826 3857 900 po-

2318 936 2462 1002 test
2498 927 2904 1002 terminare
2944 928 3166 1001 talem
3230 920 3851 1022 dependentiam,

2319 1043 2464 1117 nisi
2507 1043 2603 1116 sit
2649 1040 3036 1115 infinitum
3083 1039 3524 1128 formaliter,
3556 1032 3683 1111 'vel
3735 1033 3857 1132 ip-

2318 1185 2490 1237 sum
2554 1159 2990 1234 necessario
3063 1157 3622 1233 concomitetur
3674 1150 3854 1225 infi-

2322 1289 2462 1352 tas.

2414 1395 2526 1471 Ad
2560 1395 2795 1485 aliud,
2832 1395 3000 1468 dico
3044 1394 3247 1491 quod
3283 1402 3558 1467 natura
3604 1395 3857 1464 creata

2318 1514 2670 1611 superior
2711 1537 2865 1586 non
2897 1512 3238 1586 eontinet
3267 1520 3623 1584 naturam
3678 1505 3857 1580 inss-

2321 1633 2555 1707 nitam
2604 1631 3062 1716 formaliter3
3123 1638 3197 1703 et
3249 1628 3408 1703 es’to
3462 1626 3664 1725 quod
3717 1624 3852 1716 sio,

2320 1750 2570 1824 adhuc
2639 1772 2793 1822 non
2854 1746 3205 1844 sequitur
3261 1745 3467 1842 quod
3532 1764 3862 1843 persona

2321 1867 2672 1965 superior
2704 1866 3089 1940 contineat
3129 1864 3568 1938 inferiorem
3619 1859 3865 1934 totali-

2323 1996 2462 2078 ter,
2549 1985 2671 2058 vel
2757 1982 3265 2082 personalitas
3350 1977 3863 2080 personalita-

2322 2111 2504 2177 tem.

2423 2217 2502 2312 Si
2540 2226 2841 2291 tenetur
2880 2215 3318 2313 oppositum
3372 2213 3445 2286 in
3491 2210 3863 2310 quaestio-

2326 2360 2450 2428 ne,
2549 2334 2716 2407 dico
2811 2332 3015 2431 quod
3093 2331 3270 2404 talia
3353 2329 3860 2426 adaequantur

2326 2451 2768 2544 intrinsece,
2807 2473 2959 2524 non
2993 2458 3249 2523 tamen
3283 2446 3732 2522 extrinsece.

3929 1377 4011 1452 Ad
4039 1382 4151 1428 ter-

3975 1447 4139 1492 tium.
