4295 6326
1458 404 1682 472 DIST.
1737 398 1993 469 XXIV.
2045 390 2464 475 QUAESTIO
2519 389 2816 459 UNICA.
3589 384 3716 454 455

216 632 429 681 habitus
479 603 629 669 ‘est
685 592 963 691 primo,
1026 587 1334 684 qualern
1406 579 1755 654 habitum
1834 570 2065 645 habet
2160 567 2350 643 Cor.
2391 564 2507 637 15.
2545 562 2814 636 definit
2855 560 3112 652 fidem,
3151 557 3355 656 quod
3407 562 3517 630 est
3550 553 3720 629 sub-

197 699 440 757 r⁰⁸⁹⁰⁰¹¹¹
517 713 672 804 ille,
728 708 860 807 qui
919 704 1131 778 novit
1173 703 1330 794 illa,
1407 720 1581 796 quae
1658 690 2065 766 traduntur
2168 682 2453 757 stantia
2509 702 2767 753 rerum
2820 675 3400 776 sperandarum,
3442 679 3579 746 ele.
3645 680 3720 745 et

181 762 461 807 contento·

216 822 421 933 ffiffiiiig‘
516 829 592 902 in
664 829 1005 917 Canone,
1099 829 1182 894 ut
1251 816 1354 891 ibi
1424 813 1856 888 traduntur.
1921 806 2064 879 Se-
2170 800 2423 897 arguit
2473 798 2700 873 etiam
2743 795 2947 893 quod
3009 819 3149 869 nos
3186 813 3710 886 resurgemus,

406 922 417 935 ⁶
515 945 796 1035 cundO,
843 941 1152 1039 qualem
1226 933 1569 1008 habitum
1622 922 2060 1018 Theologiae
2169 919 2352 1016 quia
2380 916 2729 991 Christus
2773 912 3216 988 resurrexit.
3266 913 3357 985 Et
3420 910 3709 982 Joamz.

512 1063 743 1137 habet
784 1060 935 1151 ille,
975 1056 1105 1154 qui
1150 1051 1768 1146 novitexponere
1802 1040 2060 1137 Scrip-
2173 1038 2236 1108 1.
2291 1037 2584 1111 Canon.
2637 1057 2802 1132 cap.
2852 1033 2920 1105 4.
2987 1030 3241 1127 arguit
3293 1027 3499 1127 quod
3576 1049 3714 1099 nos

511 1189 792 1270 turam,
826 1186 899 1252 et
938 1172 1320 1270 explicare
1365 1160 1934 1250 conclusioneS,
1987 1166 2060 1230 et
2167 1154 2490 1251 diliqere
2566 1151 2924 1227 debemus
2981 1151 3266 1242 Deum,
3313 1146 3493 1246 quia
3551 1147 3713 1243 ipse

511 1296 809 1370 solvere
853 1316 944 1367 ea
993 1311 1170 1386 quae
1239 1284 1602 1358 dicuntur
1642 1273 2050 1352 contraria.
2166 1270 2444 1345 dileatt‘t
2480 1293 2641 1343 nos.

511 1414 601 1487 Et
630 1410 880 1503 tertio,
926 1405 1178 1505 qualis
1212 1400 1521 1476 habitus
1564 1396 1702 1470 fuit
1741 1395 1815 1466 in
1851 1414 2058 1465 mon·
2263 1387 2449 1461 Dico
2483 1386 2689 1483 quod
2731 1385 2975 1483 ipsius
3016 1380 3450 1479 argumenti
3529 1403 3712 1477 pro-

507 1529 739 1622 tibus,
790 1536 869 1600 ut
900 1525 977 1597 in
1053 1517 1439 1619 Apostolis
1508 1508 2056 1610 recipientibus
2170 1505 2419 1604 prium
2455 1514 2566 1577 est
2596 1502 3155 1603 demonstrare,
3192 1500 3352 1575 sive
3382 1498 3706 1596 probare

506 1644 753 1746 primo
785 1637 1307 1734 Theologiam.
1366 1633 1476 1706 De
1537 1629 1783 1728 primo
1853 1624 2049 1709 dico,
2163 1622 2481 1721 aliquid,
2528 1622 2732 1719 quod
2795 1621 3014 1695 aliter
3085 1628 3289 1694 esset
3353 1617 3704 1709 dubium,

509 1762 707 1862 quod
754 1758 1150 1856 Scriptura
1182 1774 1426 1844 sacra,
1453 1746 1745 1822 scilicet
1774 1741 2049 1833 Biblia,
2166 1743 2268 1816 ita
2335 1740 2540 1838 quod
2620 1737 3099 1813 conclusioni
3184 1735 3710 1811 consentiatur

509 1902 662 1951 non
708 1885 822 1951 est
859 1872 1128 1948 tradita
1160 1892 1294 1967 per
1332 1864 1641 1939 modum
1710 1856 2052 1934 scientiae
2165 1866 2475 1957 propter
2533 1864 3102 1952 argumentum.
3167 1854 3390 1927 Nunc
3451 1861 3707 1925 autem
3779 1859 4009 1930 Quidfa-

507 1990 1131 2071 demonstrativae
1215 1979 1723 2059 mendicando
1831 1977 2054 2049 istam
2166 1976 2393 2051 credo
2437 1972 2916 2048 conclusioni
2984 1969 3418 2067 argumenti
3455 1968 3702 2060 Pauli,
3765 1933 4027 2065 2¹32&ss

505 2110 904 2189 scientiam
958 2131 1003 2182 a
1079 2099 1478 2203 principiis
1531 2096 1730 2188 aliis,
1776 2116 2056 2167 secun·
2165 2092 2369 2191 quod
2406 2116 2546 2166 nos
2589 2112 2989 2185 resurgere
3038 2087 3437 2180 debemuS,
3511 2084 3709 2159 sicut
3762 2051 4030 2167 'ntffifp‘

505 2232 689 2304 dum
742 2226 944 2325 quod
984 2222 1166 2297 dicit
1223 2214 1705 2312 Augustinus
1774 2210 1891 2282 18.
1961 2206 2054 2281 de
2165 2222 2237 2285 et
2269 2207 2719 2308 praemissa),
2756 2217 3002 2281 etnon
3041 2215 3350 2302 propter
3371 2202 3710 2303 praemis-

178 2364 447 2430 Scriptum
514 2347 739 2422 civit.
778 2342 957 2436 Det,
984 2364 1149 2438 cap.
1184 2338 1252 2409 4.
1284 2334 1516 2433 quod,
1551 2331 1784 2404 Dicta
1812 2348 2054 2402 sacrae
2167 2352 2355 2403 sam.
2396 2327 2688 2400 Paulus
2747 2324 2953 2399 enim
2988 2323 3452 2421 quandoque
3504 2321 3712 2417 jura-

201 2435 417 2543 ffififf
514 2465 1132 2561 Scriptaroenon
1162 2444 2057 2548 suntarqzcmenlalioni-
2165 2446 2298 2532 vit,
2365 2454 2437 2519 et
2503 2443 2970 2540 quandoque
3029 2466 3222 2535 non,
3270 2486 3273 2487 f
3314 2450 3386 2515 et
3453 2449 3709 2514 tamen

151 2557 482 2670 denqpvngtm-
512 2582 646 2656 bus
687 2578 992 2659 hadita,
1031 2573 1168 2648 sed
1197 2569 1482 2645 divinis
1528 2564 1851 2662 eloquiis
1896 2560 2058 2658 pri·
2171 2573 2463 2637 tantum
2498 2560 2725 2634 debet
2752 2558 2957 2634 credi
3009 2558 3186 2649 illis,
3248 2582 3386 2656 pro
3430 2556 3712 2655 quibus

509 2698 893 2795 vileyz'ata,
925 2716 1021 2767 ne
1048 2692 1499 2787 armamenta
1558 2684 1722 2781 ejus
1748 2682 2059 2778 possent
2166 2706 2320 2755 non
2364 2678 2681 2777 juravit,
2749 2677 2946 2752 sicut
2985 2677 3156 2752 aliis
3214 2701 3351 2775 pro
3429 2676 3713 2772 quibus

510 2813 820 2912 despici,
917 2806 1188 2908 quibus
1268 2802 1753 2877 inu-Meretur.
1838 2792 2076 2870 Unde·
2154 2797 2485 2894 juravi13
2583 2795 2782 2869 unde
2852 2793 3561 2890 argumentabatur,
3639 2800 3713 2866 et

509 2929 738 3007 verba
768 2952 909 3002 sua
948 2919 1480 3000 commendata
1508 2921 1686 2991 sunt
1733 2909 2054 3010 prophe·
2154 2913 2469 3011 juravit,
2555 2922 2636 2984 ut
2715 2910 3104 3006 aliquibus
3185 2909 3425 3007 major
3494 2906 3712 2981 lieret

509 3047 679 3123 licis
709 3039 1219 3131 sermonibuS,
1255 3035 1397 3110 hoc
1428 3042 1561 3124 esc,
1597 3028 1884 3105 diuinis
1923 3049 2053 3099 vo·
2164 3027 2589 3130 persuasio,
2637 3036 2708 3100 et
2751 3026 2921 3100 ideo
2957 3048 3267 3100 causam
3319 3023 3711 3098 inclinati—

509 3161 746 3255 cibus,
782 3183 937 3233 non
998 3148 1748 3252 arqumentaliomcm
1795 3141 2056 3217 conci·
2162 3174 2337 3225 vam
2397 3146 2896 3246 exprimebat.
2974 3145 3150 3219 Ideo
3213 3168 3386 3218 cum
3459 3142 3712 3239 arguit

505 3277 918 3357 talionibus
954 3272 1358 3355 intellecta,
1393 3275 1475 3342 ul
1517 3291 1669 3340 non
1720 3261 2053 3339 hominis
2160 3269 2501 3343 Joannes
2541 3264 2745 3361 quod
2780 3286 2916 3336 nos
2963 3261 3321 3336 debemus
3353 3260 3704 3358 diliqere,

508 3381 1087 3495 inqen'z'umssecl
1117 3387 1271 3463 Dei
1298 3383 1684 3482 eloquium
1718 3386 2055 3454 contem-
2163 3386 2345 3483 quia
2403 3383 2565 3480 ipse
2632 3379 2908 3454 dtleoeit
2974 3403 3133 3464 7208,
3246 3403 3388 3454 nec
3449 3378 3711 3474 hujus-

503 3537 687 3588 nere
702 3508 1185 3609 formidaret,
1213 3502 1347 3601 qui
1375 3499 1516 3575 illa
1549 3500 2050 3595 coquoscerel,
2165 3499 2370 3575 modi
2404 3507 2860 3596 argumenta
2891 3497 3198 3594 proprie
3242 3497 3595 3596 probant,
3634 3504 3709 3571 et

507 3630 798 3705 scilicet
829 3650 1002 3724 quae
1049 3624 1126 3696 in
1193 3620 1590 3717 Scriptura
1667 3623 1848 3689 sunt
1904 3622 2055 3687 tra·
2164 3642 2299 3716 per
2353 3637 2838 3712 consequens
2917 3636 3057 3687 nec
3117 3613 3516 3688 scientiam
3595 3612 3710 3686 fa-

508 3750 688 3823 dita.
740 3746 1051 3821 lIabens
1100 3763 1281 3836 ergo
1324 3736 1667 3812 habitum
1724 3732 2054 3806 Theolo-
2164 3737 2402 3829 ciunt,
2441 3733 2622 3832 quia
2654 3731 3050 3806 conclusio
3094 3756 3249 3806 non
3294 3741 3540 3830 potest
3570 3734 3707 3805 ba-·

507 3866 680 3964 gite,
735 3855 1423 3961 prouttraditurin
1497 3875 1713 3927 sacra
1792 3848 2055 3946 Scrip-
2163 3854 2341 3927 bere
2417 3850 2782 3947 majorem
2853 3848 3391 3923 certitudinem
3473 3871 3714 3946 quam*

505 3996 705 4077 tura,
768 4004 923 4056 non
996 3977 1226 4054 habet
1286 3971 1633 4047 habitum
1678 3966 2049 4060 scientiae,
2165 3968 2686 4068 principium3
2746 3975 2820 4041 et
2894 3965 3064 4040 ideo
3134 3965 3527 4040 conclusio
3596 3972 3710 4038 est

509 4117 685 4200 quae
761 4107 875 4174 est
951 4120 1042 4172 ex
1110 4089 1540 4193 principiis,
1622 4085 1756 4160 sed
1826 4084 2056 4157 habet
2165 4085 2451 4161 credita
2501 4083 2700 4158 sicut
2745 4091 2819 4156 et
2894 4082 3388 4180 principium,
3453 4080 3709 4177 etqui

509 4218 854 4294 habitum
892 4239 1044 4313 quo
1079 4210 1344 4287 habitu
1388 4205 1830 4280 immediate
1885 4227 2054 4276 om-
2164 4229 2319 4279 non
2434 4203 2666 4278 habet
2768 4201 3115 4275 habitum
3235 4199 3703 4286 ulteriorem,

507 4336 738 4410 nibus
815 4330 1160 4423 assentit,
1244 4350 1420 4426 quae
1492 4323 1897 4398 traduntur
1973 4319 2051 4392 in
2167 4345 2398 4420 quam
2445 4330 2525 4395 ut
2560 4318 2993 4394 traditurin
3025 4319 3363 4412 Canone,
3402 4318 3716 4390 nonha-

508 4453 903 4551 Scriptura
939 4470 1182 4539 sacra,
1227 4454 1301 4519 et
1340 4465 1497 4516 non
1542 4464 1693 4538 quo
1738 4436 2054 4513 assentit
2167 4441 2293 4514 bet
2362 4437 2736 4522 habitum,
2811 4459 2965 4533 quo
3070 4435 3487 4509 assentitur
3576 4432 3713 4508 uni

510 4571 643 4646 uni
688 4576 994 4668 propter
1034 4565 1387 4639 alterum.
1467 4560 1622 4631 [mo
1664 4556 1725 4631 si
1796 4554 2056 4652 aliqua
2166 4563 2475 4654 propter
2515 4552 2751 4646 aliud,
2810 4561 2890 4624 ut
2956 4575 3094 4649 per
3163 4574 3473 4626 causam
3549 4549 3718 4625 evi-

508 4711 663 4763 non
708 4690 964 4760 essent
1028 4679 1128 4754 ibi
1194 4676 1492 4768 tradita,
1567 4673 1739 4746 aliis
1799 4680 2052 4744 tamen
2166 4669 2503 4760 dentem,
2548 4666 2680 4740 sed
2724 4663 3086 4739 omnibus
3129 4665 3596 4753 immediate,
3643 4672 3715 4737 et

510 4802 938 4894 assentiret,
977 4798 1082 4871 ita
1113 4794 1316 4893 quod
1353 4790 1671 4866 cuilibet
1710 4789 1910 4863 dicto
1977 4789 2049 4860 in
2169 4786 2337 4860 ideo
2371 4784 2544 4858 talis
2603 4806 2758 4856 non
2810 4782 3040 4856 habet
3115 4781 3420 4880 proprie
3462 4780 3718 4855 scien-

512 4924 822 4997 Canone
874 4912 1222 5004 assentit,
1293 4932 1446 4982 non
1493 4906 1676 5004 quia
1744 4904 2058 5001 ponitur
2169 4904 2374 4987 tiam,
2426 4900 2557 4975 sed
2604 4908 2897 4972 tantum
2944 4895 3173 4972 fidem
3226 4898 3710 4995 acquisitam,

518 5038 743 5112 modo
822 5026 1450 5112 demonstrativ0‚
1539 5022 1670 5097 sed
1751 5029 2058 5120 propter
2169 5027 2545 5115 quantum
2604 5024 2719 5088 est
2770 5036 2861 5086 ex
2901 5022 3115 5111 parte
3158 5022 3232 5087 et
3270 5013 3549 5088 virtute
3609 5024 3718 5089 ta-

515 5152 1041 5233 auctoritatem
1091 5144 1261 5238 Dei,
1299 5142 1593 5218 ratione
1636 5139 1855 5237 cujus
1888 5152 2069 5213 om-'
2170 5135 2288 5209 lis.
3052 5144 3057 5148 ·

514 5273 747 5347 nibus
778 5263 1121 5342 assentit.
2267 5250 2376 5323 De
2448 5248 2821 5341 sccundO,
2885 5246 3056 5320 dico
3121 5248 3324 5345 quod
3387 5248 3515 5322 ille
3573 5248 3704 5345 qui
3854 5308 3934 5377 49

287 5436 388 5503 13·
614 5393 706 5466 Et
767 5387 830 5464 si
872 5385 1170 5459 dicatur
1246 5378 1450 5476 quod
1507 5375 1923 5474 aliquando
1973 5374 2054 5447 in
2174 5369 2368 5442 ultra
2403 5364 2747 5439 habitum
2787 5364 3712 5463 Theologioe,proutJacet
3944 5361 3959 5377 ‘

519 5531 734 5585 sacra
775 5501 1170 5599 Scriptura
1209 5494 1577 5595 probatur
1616 5490 2054 5567 definiendo

519 5636 593 5704 et
658 5618 1082 5720 arguendO,
1168 5612 1371 5686 unde
1431 5619 1505 5685 et
1580 5608 1897 5702 Paulus,
1981 5607 2046 5679 1.

2168 5487 2245 5560 in
2281 5487 2623 5578 Canone,
2661 5483 2799 5557 scit
2833 5483 3107 5558 elicere
3142 5483 3704 5574 conclusioneS‚

2169 5614 2242 5679 et
2282 5603 2578 5678 solvere
2646 5609 3127 5697 argumenta,
3187 5608 3260 5675 et
3324 5624 3707 5699 exponere
