4295 6326
274 2885 381 2951 14.

146 3005 232 3055 Ad
276 3003 472 3069 object.

149 3067 461 3205 Accegtatjo

182 3207 448 3257 passioni·

146 3258 470 3372 Βὲιῗὲῗέἰῗ

144 4886 225 4937 Ad
249 4885 446 4995 ogiaet.

227 5009 414 5061 Passio

181 5073 448 5139 quomodo

184 5137 445 5193 violenta,

156 5205 207 5252 et
226 5212 333 5250 non
364 5200 476 5249 vio-

228 5263 391 5313 lenta.

1603 475 1829 545 DIST.
1881 475 2070 544 XVI.
2121 474 2541 556 QUAESTIO
2589 476 2677 542 Il.

500 657 799 724 tantum
834 651 1253 725 necessitas
1294 650 1837 725 conditionatae
1876 674 2050 723 con-

500 765 996 860 comitantiae,
1063 766 1459 865 supposito
1549 766 1751 863 quod
1838 766 2049 840 Deus

501 889 796 977 coagat.
907 881 1126 956 Unde
1241 882 1446 979 quod
1527 880 2048 979 Philosophus

502 997 762 1094 posuit
846 997 1427 1096 dispositionem
1516 998 1768 1090 talem,
1871 1020 2047 1096 quae

503 1121 617 1185 est
711 1136 1016 1186 summa
1114 1113 1564 1206 necessitaS,
1666 1134 1820 1209 qua
1908 1136 2046 1210 po-

504 1227 673 1322 sita,
712 1229 1147 1303 necessario
1182 1229 1573 1303 inducitur
1613 1229 1879 1313 forma,
1920 1253 2047 1328 po-

504 1344 656 1418 suit
689 1346 937 1418 solum
973 1354 1285 1444 propter
1338 1346 1480 1419 hoc
1546 1343 2043 1444 principium,

505 1459 685 1559 quia
744 1460 1000 1558 posuit
1059 1461 1264 1558 quod
1341 1460 1600 1535 omnia
1649 1469 1882 1557 agant
1956 1483 2047 1534 ex

504 1576 956 1652 necessitate
991 1586 1316 1672 naturae,
1370 1586 1444 1652 et
1483 1576 1687 1674 quod
1720 1576 2046 1675 disposi-

502 1692 711 1767 tione
753 1692 1066 1768 inducta
1097 1694 1190 1770 ad
1237 1703 1511 1790 agente
1571 1691 2042 1792 particulari,

504 1836 595 1888 ex
635 1812 1089 1888 necessitate
1142 1823 1440 1887 naturae
1507 1808 1716 1887 Deus
1783 1818 2050 1887 causat

503 1954 721 2004 suam
765 1930 1173 2025 actionem,
1210 1940 1284 2006 et
1314 1931 1375 2006 si
1408 1932 1551 2005 hoc
1580 1928 2043 2029 principium

503 2055 889 2142 negasset,
961 2058 1321 2144 negasset
1412 2046 2041 2138 conclusionem3

503 2163 738 2259 igitur
824 2163 1191 2261 Theologi
1295 2172 1738 2261 reputantes
1856 2160 2047 2236 illud

501 2279 971 2380 principium
1024 2303 1464 2374 erroneum,
1538 2280 2048 2355 concedentes

482 2405 758 2481 ‚tamen
796 2396 1402 2490 conclusionem,
1432 2419 1608 2495 quae
1642 2398 1892 2470 solum
1935 2406 2050 2470 est

504 2511 998 2586 concedenda
1036 2520 1348 2611 propter
1377 2512 1522 2586 hoc
1548 2509 2043 2610 principium,

506 2651 646 2701 nec
691 2627 1232 2724 theologizarit,
1279 2650 1419 2702 nec
1488 2626 2052 2725 philosophan—

505 2753 654 2818 tur.

601 2860 715 2934 Ad
747 2860 983 2955 aliud,
1019 2861 1356 2935 concedo
1416 2859 1622 2959 quod
1681 2882 1830 2932 non
1888 2868 2051 2933 erat

508 2976 582 3049 in
615 2984 987 3075 potestate
1062 3000 1205 3051 sua
1265 3000 1419 3050 non
1506 2975 1731 3069 muri,
1804 2982 1877 3048 et
1931 2982 2051 3048 ta-

506 3118 680 3171 men
743 3093 882 3169 fuit
960 3093 1464 3187 meritorium,
1526 3092 1707 3192 quia
1794 3090 2049 3166 volitis

502 3215 982 3309 naturaliter,
1027 3216 1147 3290 vel
1192 3212 1627 3288 necessario
1691 3235 1843 3286 non
1890 3235 2051 3287 me-

503 3357 789 3426 remur,
827 3333 906 3406 in
941 3334 1086 3407 hoc
1128 3331 1331 3430 quod
1367 3339 1548 3405 sunt
1582 3353 1786 3406 mere
1820 3339 2051 3404 natu-

501 3449 763 3523 raliter
790 3450 1056 3542 volita,
1094 3447 1227 3523 sed
1269 3447 1343 3519 in
1390 3457 1560 3521 actu
1596 3446 1851 3523 elicito
1887 3469 2052 3520 me-

500 3590 788 3658 remur,
836 3565 1019 3662 quia
1059 3566 1186 3640 ille
1253 3574 1368 3639 est
1432 3587 1641 3638 mere
1706 3565 2053 3638 volunta-

502 3683 688 3776 riuS,
728 3683 875 3756 hoc
916 3691 1055 3774 est,
1101 3680 1319 3756 liber.
1367 3682 1458 3753 Et
1508 3679 1681 3755 licet
1726 3680 2047 3754 volitum

499 3797 579 3871 in
622 3820 702 3871 se
745 3796 841 3871 sit
909 3794 1460 3882 necessarium,
1501 3803 1574 3868 et
1631 3794 1850 3892 quod‘
1905 3795 2051 3868 ali-

501 3914 675 4011 quis
715 3937 942 3989 casus
997 3912 1221 3987 nobis
1268 3911 1663 4008 contingat
1703 3934 2051 3987 necessa-

500 4030 641 4124 ri0,
687 4030 938 4105 adhuc
970 4050 1386 4127 possumus
1440 4028 1769 4101 multum
1815 4050 2049 4102 mere-

499 4148 563 4222 ri
596 4148 673 4221 in
706 4157 881 4223 actu
913 4144 1167 4222 elicito
1214 4144 1418 4220 circa
1475 4144 1827 4239 volitum,
1865 4145 2047 4243 quia

498 4267 579 4341 in
622 4273 995 4365 potestate
1075 4273 1336 4339 nostra
1395 4272 1510 4338 est
1568 4265 2046 4362 complacere

499 4384 579 4458 in
622 4384 981 4468 adventu,
1013 4383 1134 4457 vel
1186 4404 1341 4455 non
1374 4382 1900 4478 complacere3
1938 4381 2047 4456 sic

500 4501 580 4573 in
616 4507 986 4599 potestate
1028 4496 1307 4572 Christi
1378 4496 1515 4571 fuit
1567 4497 2046 4594 complacere

501 4626 687 4692 tunc
726 4615 804 4688 in
837 4623 1012 4691 actu
1064 4613 1500 4690 necessario
1543 4614 1689 4688 sibi
1746 4613 2050 4688 contin-

503 4742 730 4831 gente
772 4741 980 4805 tunc.

603 4849 713 4923 Ad
774 4847 1007 4940 aliud,
1077 4845 1249 4920 dico
1329 4846 1535 4943 quod
1629 4845 2048 4922 violentum

509 4964 881 5062 accipitur
909 4961 1316 5060 dupliciter
1342 4990 1361 5056 ;
1399 4962 1815 5058 aliquando
1843 4963 2045 5036 enim

510 5081 926 5181 opponitur
956 5078 1310 5163 naturali,
1359 5078 1773 5175 aliquando
1807 5104 2052 5179 oppo-

509 5201 719 5273 nitur
776 5195 1233 5271 voluntario.
1301 5194 1557 5268 Primo
1622 5195 1843 5268 modo
1915 5197 2052 5270 fuit

509 5316 763 5418 passio
805 5312 1084 5388 Christi
1118 5335 1417 5386 summe
1459 5311 1822 5398 violenta,
1869 5312 2053 5409 quia

506 5453 805 5510 summe
848 5437 1114 5505 contra
1188 5426 1764 5502 inclinationem
1823 5437 2052 5502 natu-

505 5551 773 5641 ralem,
810 5555 884 5622 et
925 5555 1174 5620 tamen
1214 5544 1349 5619 l'uit
1410 5544 1825 5637 meritoria,
1872 5545 2054 5641 quia

509 5668 857 5744 absolute
898 5663 1162 5758 volita,
1218 5662 1355 5738 etsi
1407 5671 1675 5737 contra
1723 5663 2054 5738 inclina—

3575 467 3702 536 373

2159 648 2451 724 tionem
2489 650 2913 723 naturalem
2981 676 2998 741 3
3063 646 3194 722 sed
3248 646 3700 734 violentum,

2161 765 2365 862 quod
2398 765 2813 863 opponitur
2872 761 3334 854 voluntariO,
3375 782 3532 832 non
3592 766 3707 832 est

2161 879 2665 963 meritorium.

2257 996 2369 1071 Ad
2410 997 2740 1095 primum
2788 996 3237 1094 principale,
3271 992 3440 1066 dico
3499 989 3703 1088 quod

2159 1113 2510 1188 Christus
2557 1112 2973 1210 aliquando
3044 1110 3385 1208 loquitur
3439 1108 3530 1181 de
3590 1128 3700 1199 se,
3738 1120 3966 1234 Adhare·
4010 1123 4055 1171 1·

2162 1240 2244 1304 ut
2274 1230 2534 1323 home,
2573 1227 2987 1326 aliquando
3057 1235 3139 1301 ut
3201 1224 3436 1300 DeuS.
3484 1223 3704 1297 Unde
3798 1199 3991 1313 ‹111ssssss

2161 1354 2244 1420 ut
2284 1345 2490 1432 dicit,
2519 1369 2651 1443 090
2692 1368 2982 1442 ponam
3017 1343 3359 1418 ani-mam
3424 1364 3701 1433 meam,

2158 1458 2263 1534 ibi
2300 1460 2719 1535 includitur
2759 1458 3002 1533 virtus
3034 1480 3402 1556 separans
3443 1465 3516 1530 et
3548 1464 3707 1530 ter—

2160 1577 2442 1652 minuS.
2483 1576 2701 1651 Unde
2732 1599 2905 1650 cum
2961 1574 3241 1649 dicitur
3279 1598 3411 1671 090
3461 1595 3700 1670 pom,

2158 1700 2300 1769 etc.
2374 1693 2654 1768 dicitur
2720 1717 2851 1791 eqo
2913 1691 3210 1767 ratione
3269 1688 3558 1784 Verbi;
3631 1697 3707 1763 et

2158 1833 2332 1884 cum
2369 1811 2648 1886 dicitur
2678 1811 3022 1885 animam
3081 1832 3354 1893 meam,
3414 1830 3567 1880 non
3623 1813 3706 1879 ut

2154 1928 2498 2003 Verbum
2547 1928 2915 2026 loquitur,
2961 1927 3094 2002 sed
3163 1936 3246 1999 ut
3287 1928 3544 2000 homo.
3580 1922 3706 1996 Di-

2158 2042 2260 2118 cit
2290 2043 2526 2139 igitur
2556 2067 2688 2141 eqo
2723 2044 2814 2118 de
2848 2042 3131 2136 VerbO,
3166 2051 3240 2117 et
3299 2064 3551 2115 meam
3611 2040 3704 2113 de

2159 2160 2471 2235 homine
2503 2188 2522 2254 3
2570 2168 2643 2236 et
2682 2184 2857 2236 cum
2899 2159 3205 2254 dicitur,
3241 2164 3313 2233 et
3352 2179 3708 2256 praecep-

2156 2282 2344 2363 tum,
2368 2286 2510 2352 etc.
2540 2299 2693 2350 non
2726 2285 2841 2351 est
2865 2276 3012 2351 nisi
3042 2275 3464 2350 secundum
3500 2272 3706 2372 quod

2157 2395 2390 2467 homo
2422 2422 2441 2489 3
2487 2402 2765 2469 etcum
2804 2392 3108 2483 dicitur,
3145 2398 3220 2467 et
3254 2393 3531 2467 iterum
3583 2414 3708 2464 re—

2159 2511 2504 2611 cipiendi
2541 2536 2732 2597 eam,
2774 2534 3046 2586 verum
3114 2520 3255 2605 est,
3308 2534 3487 2584 nam
3547 2533 3701 2584 non

2159 2637 2361 2703 esset
2392 2628 2867 2726 impossibile
2903 2652 3287 2727 personae,
3338 2629 3474 2702 sed
3515 2627 3704 2702 forte

2159 2744 2635 2844 impossibile
2677 2753 2878 2821 esset
2917 2744 3225 2827 animae.
3271 2743 3409 2818 Vel
3459 2751 3707 2841 potest

2158 2860 2335 2949 dici,
2360 2885 2570 2961 pono
2637 2862 3008 2951 animam,
3067 2860 3562 2960 acceptandO,
3634 2867 3709 2934 et

2156 2976 2393 3053 habeo
2417 2984 2869 3077 potestatem
2905 2980 3180 3053 iterum
3228 2977 3709 3076 suscipiendi

2158 3119 2295 3195 pro
2328 3096 2609 3192 VerbO,
2655 3105 2740 3172 ut
2794 3095 3094 3172 unitum
3175 3094 3310 3170 toti
3407 3104 3706 3172 naturae

2158 3214 2555 3289 humanae.

2252 3331 2367 3405 Ad
2400 3330 2608 3406 aliud
2677 3329 2768 3403 de
2810 3328 3146 3404 clamore
3210 3327 3494 3419 valida,
3531 3329 3702 3404 dico
3852 3357 3958 3424 15,

2156 3447 2358 3544 quod
2403 3448 2597 3521 lacta
2658 3447 2785 3521 tali
2838 3447 3195 3544 passione
3244 3470 3398 3520 non
3456 3447 3703 3545 potuit
3730 3477 3807 3531 Ad
3836 3487 4032 3532 ‚ecun-

2153 3572 2339 3637 tunc
2389 3562 2685 3637 diutius
2747 3563 3007 3636 anima
3064 3585 3399 3650 manere,
3451 3573 3525 3637 et
3597 3573 3702 3638 ta-
3818 3547 3963 3598 ‘¹⁰¹⁰‘

2157 3703 2332 3753 men
2377 3679 2624 3777 potuit
2680 3688 2864 3753 tunc
2932 3680 3290 3768 clamare,
3338 3679 3520 3776 quia
3576 3682 3697 3755 vel

2154 3789 2600 3872 clamor'ille
2633 3806 2795 3871 erat
2834 3820 2923 3871 ex
2948 3820 3148 3870 novo
3185 3796 3581 3890 miracu10,
3623 3804 3704 3871 ut

2155 3914 2677 3990 declararetur
2722 3913 2923 4013 quod
2985 3923 3187 3988 esset
3254 3912 3461 3989 filius
3528 3913 3697 4009 Dei,

2157 4030 2289 4128 qui
2328 4030 2434 4104 ita
2473 4029 2712 4129 possit
2765 4029 2840 4101 in
2906 4039 3189 4128 puncto
3246 4030 3509 4104 mortis
3557 4032 3705 4105 cla-

2159 4163 2393 4241 mare,
2431 4157 2504 4221 et
2537 4157 2847 4246 propter
2874 4147 3020 4221 hoc
3053 4146 3233 4221 dicit
3263 4147 3626 4222 Centurio
3679 4171 3694 4222 ε

2170 4265 2355 4341 Vere
2391 4259 2605 4361 filius
2640 4263 2800 4338 Dei
2836 4269 2999 4338 erat
3023 4264 3163 4338 iste
3191 4273 3312 4348 ,·et
3345 4275 3525 4339 tunc
3566 4288 3702 4364 per

2155 4383 2301 4456 hoc
2331 4382 2867 4456 ostenderetur
2907 4381 3110 4478 quod
3142 4381 3401 4455 anima
3433 4381 3702 4457 suisset

2156 4500 2780 4576 recommandata
2833 4499 3020 4589 De0‚
3078 4499 3261 4597 quia
3339 4501 3433 4574 ad
3514 4501 3703 4575 litte-

2157 4642 2317 4692 ram
2394 4618 2540 4691 hoc
2609 4617 2749 4691 ruit
2816 4617 3172 4691 ultimum
3221 4619 3425 4716 quod
3483 4619 3695 4713 dixit,

2157 4735 2238 4809 in
2269 4758 2543 4809 manus
2574 4740 2766 4820 ίααε,
2802 4733 3172 4827 Domine,
3218 4740 3355 4809 etc.
3404 4745 3478 4811 et
3517 4745 3700 4811 tunc

2157 4860 2405 4949 potest
2463 4850 2612 4924 dici
2690 4849 2894 4948 quud
2987 4851 3318 4947 Spiritus
3385 4862 3698 4930 sanctus

2157 4966 2620 5065 operabatur
2719 4966 2813 5038 ad
2912 4967 3107 5040 hanc
3202 4991 3494 5041 vocem.
3556 4970 3697 5045 Vel
3785 5001 3996 5051 clamor

2158 5092 2405 5181 potest
2481 5082 2628 5154 dici
2699 5082 2902 5177 quod
2971 5084 3115 5155 hoc
3190 5093 3352 5157 erat
3422 5086 3695 5160 lactum
3730 5063 4026 5178 οῗξξῖξῑὲυξῗ

2159 5223 2295 5297 per
2387 5197 2790 5294 antiquum
2920 5197 3404 5294 miraculum,
3493 5204 3696 5299 quod
3754 5188 4032 5304 miffiulo-

2158 5325 2341 5389 tunc
2406 5314 2497 5387 de
2562 5337 2760 5386 novo
2820 5315 3463 5413 suspendebatur,
3518 5318 3702 5415 quia

2160 5440 2616 5531 perpetuum
2659 5430 2798 5505 tuit
2829 5431 3285 5506 miraculum
3330 5435 3696 5530 quamdiu

2159 5547 2373 5636 vixit,
2410 5546 2615 5644 quud
2658 5546 2915 5621 anima
2947 5548 3087 5620 fuit
3131 5548 3579 5644 glorificata,
3626 5562 3698 5625 et

2163 5666 2407 5763 gloria
2436 5689 2592 5740 non
2626 5666 3104 5741 redundabat
3152 5667 3226 5740 in
3290 5692 3595 5766 corpus,
3628 5680 3703 5746 et
