4295 6326
306 1364 526 1416 Diversa

256 1431 476 1493 peccata
501 1440 581 1478 es·

255 1504 312 1540 se
353 1495 580 1554 possunt

257 1555 401 1603 cirea
431 1553 573 1603 idem

256 1616 546 1681 objectum.

275 2618 552 2678 Quomodo

297 2685 473 2732 cecata
485 2681 581 2730 dtr-

282 2747 439 2795 erunt
468 2758 564 2794 nu-

321 2820 490 2857 mero.

607 337 735 407 184

608 521 691 587 tu
779 509 988 587 illius
1070 509 1376 610 objecti,
1471 512 1691 589 aliter
1793 522 2144 611 respectu

609 630 953 706 alterius.
1016 632 1260 705 Aliam
1325 630 1557 728 igitur
1612 632 2144 706 rectitudinem

607 756 914 822 tenetur
987 749 1345 823 voluntas
1418 749 1700 823 habere
1797 757 2145 845 respectu

611 864 872 960 unius,
909 874 981 939 et
1014 866 1375 959 alterius3
1413 875 1486 940 et
1545 865 1605 940 si
1658 873 1939 958 careat,
1998 864 2150 938 alia

606 989 723 1055 est
753 982 1050 1057 aversio
1094 981 1443 1057 virtualis
1501 1006 1545 1056 a
1594 982 1783 1074 De0,
1838 990 2151 1079 propter

609 1097 1024 1173 carentiam
1062 1098 1291 1173 unius
1331 1098 1809 1173 rectitudinis
1842 1108 1915 1173 et
1955 1099 2150 1172 alte-

609 1215 793 1289 rius.

709 1332 1153 1408 Secundum
1239 1343 1472 1432 patet,
1578 1332 1867 1409 scilicet
1941 1332 2149 1430 quod

613 1462 962 1550 respectu
1047 1453 1389 1550 ejusdem
1489 1453 1763 1548 obiecti
1853 1451 2151 1549 possint

612 1591 779 1643 esse
840 1567 1143 1643 diversa
1211 1578 1521 1666 peccata
1585 1567 1867 1666 specie,
1966 1565 2151 1663 quia

613 1685 988 1759 rectitudo
1082 1684 1161 1758 in
1258 1685 1702 1783 operatione
1795 1690 2147 1781 respectu

616 1799 847 1873 unius
923 1799 1198 1895 objecti
1274 1799 1594 1896 requirit
1665 1821 1936 1873 omnes
2012 1797 2151 1871 cir-

609 1917 1132 2002 cumstantias,
1166 1941 1358 2016 quas
1399 1926 1606 1992 recta
1644 1916 1835 1990 ratio
1885 1915 2143 2008 dictat,

608 2036 794 2134 quia
857 2036 1144 2110 bonum
1219 2045 1332 2111 est
1389 2059 1481 2110 ex
1536 2058 1769 2109 causa
1819 2034 2142 2129 integra,

609 2152 1038 2227 secundum
1092 2151 1576 2249 Dionysium,
1631 2160 1705 2226 et
1748 2159 2146 2248 peccatum

610 2277 864 2368 potest
904 2292 1073 2343 esse
1116 2291 1205 2343 ex
1248 2267 1663 2344 omissione
1716 2267 2152 2364 cujuscum-

612 2408 762 2484 que
794 2383 1442 2476 circumstantiae3
1498 2408 1669 2459 cum
1729 2382 1962 2481 igitur
2014 2383 2153 2457 cir-

613 2501 1097 2575 cumstantiae
1155 2500 1509 2575 differant
1562 2501 1845 2598 specie,
1895 2500 2153 2598 priva-

615 2616 862 2692 tiones
895 2616 1248 2691 difl'erent
1286 2617 1565 2715 specie.
1605 2619 1712 2691 Ex
1764 2619 1907 2691 hoc
1946 2625 2154 2715 patet

616 2736 820 2833 quod
911 2736 1133 2833 plura
1218 2735 1640 2809 accidentia
1724 2734 2153 2809 differentia

616 2861 912 2926 tantum
956 2874 1280 2925 numero
1332 2861 1655 2947 possunt
1702 2874 1869 2926 esse
1921 2851 2150 2925 simul

614 2969 693 3042 in
729 2967 1025 3061 eodeni,
1063 2966 1243 3064 quia
1285 2966 1482 3040 sicut
1523 2969 1780 3064 plures
1839 2966 2156 3041 rectitu-

613 3086 834 3160 dines
897 3085 1324 3160 secundum
1368 3084 1699 3182 speciem
1753 3084 2157 3183 privantur

614 3228 749 3302 per
813 3206 1038 3302 plura
1104 3211 1415 3301 peccata
1491 3204 1919 3277 secundum
1987 3226 2155 3300 spe-

616 3322 839 3414 ciem,
868 3321 975 3395 sic
1009 3323 1270 3419 plures
1304 3320 1799 3396 rectitudines
1831 3344 2155 3395 numero

616 3439 1022 3538 privantur
1105 3462 1243 3537 per
1347 3439 1604 3536 plures
1689 3439 2160 3537 privationes

617 3558 782 3630 solo
839 3578 1161 3629 numero
1222 3553 1687 3649 differenteS,
1761 3563 1841 3629 ut
1895 3554 1959 3628 si
2029 3554 2156 3629 ille

617 3671 844 3746 hodie
878 3670 1155 3745 occidit
1194 3670 1619 3764 hominem,
1665 3695 1835 3746 cras
1888 3670 2153 3762 alium,

615 3797 984 3886 postcras
1015 3786 1355 3880 tertium,
1392 3788 1653 3884 plures
1687 3787 2159 3885 privationes

616 3905 1041 3979 secundum
1102 3905 1449 3979 eamdem
1503 3904 1842 4002 speciem
1897 3904 2163 3977 insunt

617 4021 863 4095 eidem
907 4021 1163 4095 simul.
1208 4020 1368 4093 Nec
1408 4020 1599 4094 illud
1635 4031 1749 4095 est
1789 4020 2162 4094 inconve-

620 4137 965 4225 niensde
1000 4136 1356 4234 peccatiS‚
1391 4136 1573 4234 quia
1612 4136 1896 4210 dictum
1935 4145 2047 4209 est
2080 4136 2162 4209 in

620 4255 689 4327 4.
764 4256 970 4353 quod
1037 4264 1209 4351 post
1267 4263 1519 4327 actum
1598 4277 1754 4327 non
1819 4264 2164 4328 remanet

620 4370 771 4445 nisi
868 4380 1151 4462 reatuS,
1234 4369 1528 4443 scilicet
1617 4369 1981 4465 obligatio
2067 4370 2160 4443 ad

622 4511 926 4586 poenam
965 4515 984 4579 3
1029 4497 1103 4560 et
1135 4486 1243 4559 sic
1277 4486 1498 4582 plura
1556 4493 1867 4582 peccata
1912 4509 2165 4560 rema-

624 4627 807 4679 nere
874 4611 1249 4700 quantum
1284 4601 1375 4674 ad
1434 4610 1757 4694 reatum,
1834 4624 1987 4675 non
2050 4612 2165 4676 est

622 4720 859 4811 aliud,
897 4742 1124 4815 quam
1172 4719 1433 4815 plures
1469 4742 1616 4791 non
1667 4718 2164 4794 rectitudines

623 4836 965 4932 ejusdem
1026 4834 1344 4909 rationis
1409 4835 1638 4909 simul
1712 4858 2022 4909 manere
2085 4836 2162 4909 in

623 4954 923 5029 eodenr

1144 5134 1504 5190 SCllOLlUM
1549 5135 1640 5192 Vl.

696 5288 1005 5344 Peccatum
1066 5304 1133 5343 eo
1185 5288 1422 5360 gravius
1480 5290 1691 5360 specie,
1753 5306 1867 5362 quo
1917 5290 2169 5346 nobilior

624 5381 807 5435 virtus
838 5381 1127 5451 opposita,
1160 5385 1216 5436 et
1247 5397 1512 5449 numer0,
1545 5399 1659 5453 quo
1693 5384 1896 5453 majori
1953 5389 2165 5438 conatu

625 5470 1029 5538 committitur,
1080 5470 1215 5542 quia
1256 5472 1421 5541 juxta
1473 5477 1745 5527 conatum
1800 5477 2028 5528 tenetur
2068 5487 2168 5529 vo-

624 5559 818 5616 luntas
848 5577 1135 5634 apponere
1167 5562 1449 5631 maiorem
1492 5562 1918 5619 rectitudinem.
1972 5563 2168 5635 Expli-

2004 335 2246 405 LIBRI
2293 334 2382 405 11.

2255 515 2350 569 cat
2380 511 2668 582 quomodo
2727 513 3029 583 peccatum
3086 509 3164 566 sit
3209 506 3498 564 intensive
3544 503 3803 573 finitum,

2257 603 2354 658 sed
2390 602 2697 673 objectiva,
2746 600 3094 673 quandoque
3143 599 3482 667 formaliter,
3533 598 3802 669 quando-

2257 707 2368 764 que
2448 690 2775 746 virtualiter
2857 690 3204 758 intinitum3
3272 689 3431 756 item,
3515 688 3800 759 quomodo

2254 775 2522 834 voluntas
2571 779 2767 848 posset
2826 777 2886 831 in
2920 776 3216 831 infinitum
3276 789 3485 845 augere
3542 777 3798 845 peccata,

2256 866 2307 922 si
2338 866 2565 921 infinita
2597 865 2899 922 duratione
2931 870 3192 920 maneret
3222 864 3281 919 in
3313 864 3423 919 via.

2355 1100 2466 1175 De
2525 1110 2798 1199 quarto
2838 1121 3150 1198 quaero:
3218 1098 3491 1172 Utrum
3556 1121 3793 1171 unum

2257 1228 2656 1317 peccatum
2700 1227 2948 1316 potest
2986 1240 3154 1292 esse
3213 1216 3525 1313 gravius
3592 1214 3799 1293 alio?

2257 1335 2446 1409 Dico
2489 1335 2693 1432 quod
2727 1335 2913 1409 illud
2982 1342 3382 1432 peccatum
3452 1343 3568 1408 est
3619 1356 3798 1430 gra-

2255 1451 2689 1544 vissimum,
2734 1452 2938 1548 quod
2981 1461 3094 1527 est
3135 1450 3570 1525 immediate
3598 1451 3801 1525 circa

2258 1567 2490 1644 finem
2553 1568 2907 1643 ultimum
2951 1567 3380 1661 contrarie3
3443 1576 3518 1642 et
3556 1567 3618 1642 si
3688 1563 3836 1642 est‘

2257 1685 2694 1759 immediate
2772 1685 2976 1759 circa
3043 1708 3132 1759 ea
3212 1707 3389 1781 quae
3467 1684 3798 1758 suntad

2257 1803 2493 1877 finem
2561 1802 3000 1890 formaliter,
3065 1811 3353 1900 quanto
3431 1802 3618 1876 illud
3662 1802 3803 1876 bo-

2259 1943 2443 1994 num
2489 1918 2691 1994 circa
2733 1919 2936 2018 quod
2989 1929 3102 1995 est
3162 1928 3591 2018 peccatum,
3639 1944 3803 1995 ma-

2257 2037 2374 2134 gis
2442 2047 2557 2111 est
2648 2038 3172 2111 necessarium
3266 2037 3359 2111 ad
3448 2037 3800 2126 ultimum

2257 2152 2522 2247 finem,
2561 2161 2768 2226 tanto
2800 2162 2914 2227 est
2967 2152 3155 2226 illud
3200 2163 3599 2250 peccatum
3636 2175 3801 2249 gra-

2256 2270 2459 2363 vius,
2518 2269 2623 2343 ita
2662 2269 2867 2366 quod
2930 2268 3104 2344 talis
3145 2277 3259 2343 est
3306 2269 3492 2343 ordo
3525 2269 3602 2342 iri
3636 2293 3801 2365 gra-

2257 2389 2489 2464 vitate
2518 2388 2719 2460 inter
2749 2386 3244 2485 privationeS,
3309 2386 3560 2483 qualis
3600 2386 3800 2461 inter

2257 2505 2592 2579 habitus.
2641 2503 2813 2577 Una
2857 2503 3089 2600 igitur
3142 2503 3514 2577 rectitudo
3556 2527 3798 2600 oppo-
3828 2508 3943 2567 0¹¹0
3979 2507 4136 2559 uobi-

2259 2625 2404 2698 sita
2463 2632 2804 2720 peccatO,
2872 2633 2986 2697 est
3064 2622 3334 2695 melior
3400 2621 3573 2707 alia,
3616 2621 3801 2718 quia
3828 2570 4137 2704 hqueszgir

2259 2738 2767 2836 propinquior
2807 2735 2942 2810 fini
2979 2736 3275 2829 ultimo,
3334 2744 3407 2810 et
3450 2736 3558 2809 sic
3599 2744 3800 2809 esset
3830 2710 4134 2822 ρὲἔῖἷῖἒιῗι,

2259 2862 2613 2951 respectu
2655 2853 3001 2949 ejusdem
3043 2850 3365 2946 objecti3
3409 2874 3563 2925 una
3621 2874 3799 2925 cur-
3829 2822 4157 2948 q¹}‚‘},‘{,1⁸2¹u‘‡{³‘

2259 2970 2455 3044 vitas
2487 2969 2565 3043 in
2598 2980 2767 3044 actu
2799 2979 2912 3043 est
2937 2967 3177 3064 major
3217 2967 3390 3055 alia,
3430 2967 3606 3041 licet
3644 2990 3797 3040 non

2261 3086 2617 3162 differant
2638 3087 2712 3159 in
2749 3109 3030 3184 genere
3065 3095 3279 3160 actus
3303 3109 3394 3160 ex
3424 3087 3570 3159 hoc
3598 3084 3802 3183 quod

2263 3228 2354 3279 ex
2389 3204 2657 3302 majori
2702 3204 3020 3278 libidine
3054 3214 3170 3279 est
3210 3202 3453 3301 major
3483 3213 3807 3278 conatus

2262 3321 2382 3394 vel
2436 3321 2678 3416 major
2762 3318 3194 3413 delectatio,
3276 3319 3461 3417 quia
3518 3327 3807 3417 quanto

2264 3443 2479 3510 actus
2510 3444 2623 3509 est
2654 3434 2957 3510 elicitus
2983 3458 3157 3509 cum
3197 3435 3463 3531 majori
3496 3444 3805 3528 conatu,

2265 3561 2474 3625 tanto
2507 3559 2811 3625 tenetur
2846 3552 3206 3625 voluntas
3239 3550 3603 3626 habuisse
3645 3574 3813 3625 ma-

2256 3669 2503 3766 jorem
2532 3668 3096 3742 rectitudinem.
3136 3669 3286 3742 Ista
3327 3669 3816 3743 declarantur

2268 3787 2646 3882 exemplO,
2684 3785 2863 3881 quia
2909 3809 3125 3860 error
3164 3784 3241 3857 in
3287 3785 3674 3860 intellectu
3710 3785 3818 3858 di-

2269 3901 2466 3976 citur
2528 3903 2771 3998 major
2845 3926 2938 3976 ex
3025 3904 3168 3976 hoc
3230 3902 3435 4000 quoil
3501 3901 3807 3994 falsum,

2269 4019 2475 4114 quod
2509 4018 2844 4093 creditur
2872 4043 3040 4094 esse
3073 4042 3372 4111 verum,
3411 4028 3525 4093 est
3564 4044 3814 4116 oppo-

2270 4136 2498 4210 situm
2533 4136 3010 4209 conclusioni
3046 4137 3577 4234 propinquiori
3608 4138 3808 4234 prin-

2271 4252 2496 4349 cipio.
2545 4251 2915 4325 Similiter
2955 4262 3117 4326 esto
3162 4252 3366 4348 quod
3409 4254 3651 4350 possit
3689 4253 3813 4327 in-

2269 4369 2619 4441 tellectus
2655 4366 2943 4440 moveri
2985 4366 3079 4441 ad
3122 4367 3469 4442 eamdem
3512 4370 3818 4444 conclu-

2271 4483 2568 4558 sionem
2596 4482 3037 4557 immediate
3061 4508 3104 4559 a
3136 4484 3440 4558 duobus
3463 4484 3810 4581 objectiS,

2273 4601 2661 4694 nobiliori,
2690 4610 2763 4675 et
2797 4602 3053 4676 minus
3080 4601 3315 4676 nobili
3349 4630 3368 4695 3
3405 4613 3567 4678 esto
3610 4604 3811 4701 quod

2272 4727 2474 4792 esset
2505 4741 2718 4792 error
2749 4718 2825 4791 in
2882 4728 3236 4815 utroque,
3324 4720 3567 4816 major
3605 4744 3819 4795 error

2273 4845 2474 4910 esset
2540 4834 2617 4907 in
2691 4845 2860 4909 actu
2963 4835 3427 4930 intellectuS,
3508 4839 3816 4934 quando

2281 4958 2714 5024 moveretur
2744 4974 2788 5024 a
2822 4950 3208 5043 nobiliori,
3240 4975 3470 5048 quam
3506 4955 3815 5050 quando

2277 5079 2715 5143 moveretur
2755 5094 2800 5142 a
2857 5068 3114 5143 minus
3159 5069 3422 5143 nobili.
3471 5070 3595 5145 Sic
3655 5081 3815 5146 esto

2273 5187 2479 5284 quod
2513 5186 2607 5261 ab
2641 5187 2911 5261 eodem
2945 5186 3042 5260 sit
3072 5196 3288 5261 actus
3338 5211 3512 5262 cum
3550 5189 3816 5286 majori

2276 5312 2584 5395 conatu,
2688 5314 2761 5377 et
2869 5325 3047 5377 cum
3155 5303 3460 5390 minori,
3578 5306 3819 5402 major

2275 5445 2489 5496 error
2530 5430 2644 5495 est
2675 5421 2751 5494 in
2798 5431 2995 5507 actu,
3037 5421 3169 5518 qui
3205 5420 3286 5494 fit
3320 5445 3495 5495 cum
3540 5423 3817 5497 minori

2278 5548 2587 5632 conatu,
2619 5540 2919 5615 caeteris
2959 5540 3301 5638 paribus,

3867 1188 3882 1193 -
3946 1122 4054 1188 13.

3852 1237 4135 1286 Peccatum

3869 1312 3937 1348 nn
3970 1299 4120 1350 aliud

3884 1361 3990 1413 alio
4020 1362 4090 1411 sit

3877 1423 4117 1488 gravius.
