4295 6326
631 391 758 458 148

632 561 799 637 sine
871 563 997 637 tali
1078 564 1377 661 justitia
1473 567 1833 662 naturali,
1922 567 2176 641 adbuc

631 693 889 778 posset
929 693 1133 758 recte
1175 687 1398 776 velle,
1454 696 1529 761 et
1585 710 1739 760 non
1810 696 2039 779 recte,
2104 695 2180 760 et

633 824 770 896 per
800 825 1287 901 consequens
1347 828 1691 903 peccare.

731 918 946 1011 Item,
1006 920 1068 992 si
1146 920 1272 995 ille
1349 945 1680 1019 peccans
1756 920 2180 1018 corrumpit

633 1034 834 1107 hanc
899 1037 1464 1132 rectitudinem,
1523 1038 1758 1134 igitur
1816 1063 1967 1112 non
2037 1062 2178 1135 po-

635 1157 779 1224 test
819 1152 1150 1248 amplius
1225 1178 1571 1250 peccare,
1617 1155 1766 1229 nisi
1845 1178 2180 1229 corrum-

635 1275 765 1362 pat
793 1268 1296 1363 voluntatem,
1360 1271 1480 1344 vel
1549 1271 1856 1345 dabitur
1919 1292 2180 1369 pecca-

637 1385 797 1453 tum
838 1380 1004 1456 sine
1064 1382 1599 1458 vulneratione
1668 1384 1745 1458 in
1805 1382 2179 1459 naturali-

636 1494 808 1570 bus.

414 1603 480 1670 4·
736 1613 950 1701 Item,
988 1616 1194 1711 quod
1237 1617 1468 1691 habet
1516 1616 1972 1710 dominium,
2011 1640 2179 1692 ma-

282 1723 577 1833 flffiffi'ffi
633 1729 751 1827 gis
792 1739 1166 1828 estquam
1227 1735 1433 1831 quod
1501 1758 1652 1808 non
1723 1735 2016 1829 habet5
2053 1759 2179 1810 vo-

283 1846 348 1895 ‘¹2
386 1849 597 1897 natura.
635 1849 892 1923 luntas
922 1858 1036 1923 est
1090 1874 1453 1949 suprema
1518 1853 1854 1950 potentia
1887 1881 1905 1947 3
1944 1853 2179 1949 igitur

632 1966 695 2040 si
729 1966 896 2064 ipsa
928 1990 1062 2064 per
1103 1969 1545 2066 qualitatem
1599 1980 1854 2067 posset
1911 1970 2177 2044 tollere

633 2081 1133 2158 rebellionem
1207 2084 1490 2159 virium
1559 2084 2036 2179 inferiorum,
2095 2094 2180 2160 ut

632 2223 768 2297 per
798 2202 1027 2275 talem
1077 2202 1482 2296 justitiam,
1531 2205 1770 2278 multo
1838 2204 2177 2278 nobilius

631 2330 889 2417 posset
919 2323 1275 2397 voluntas
1342 2322 1420 2394 in
1489 2347 1569 2398 se
1613 2325 1878 2399 tollere
1951 2325 2173 2398 talem

630 2437 1154 2513 rebellionem.

683 2555 945 2647 item,
992 2555 1157 2630 talis
1234 2557 1564 2654 qualitas
1630 2557 1704 2629 iii
1779 2560 2172 2632 voluntate

627 2694 781 2745 non
823 2671 1137 2745 ‘tollebat
1177 2673 1362 2770 quin
1420 2674 1803 2771 appetitus
1861 2674 2175 2749 sensiti-

621 2811 766 2861 vus
808 2796 1065 2884 posset
1104 2788 1465 2863 delectari
1527 2789 1605 2862 in
1676 2789 2166 2864 convenienti

620 2901 728 2975 illi
770 2903 1170 3001 appetitui,
1219 2904 1403 3001 quia
1462 2929 1617 2979 non
1686 2916 1800 2980 est
1854 2905 1929 2978 in
2000 2906 2169 3003 ejus

615 3022 988 3109 potestate
1033 3015 1297 3088 tollere
1366 3026 1722 3091 naturam
1778 3017 2167 3114 appetitus

614 3129 962 3205 seiisitivi
994 3156 1012 3224 3
1059 3130 1294 3228 igitur
1322 3142 1581 3229 posset
1638 3155 1805 3208 esse
1865 3134 2166 3233 appeti-

571 3328 582 3335 ,
614 3256 736 3321 tus
767 3249 1185 3324 sensitivus
1218 3258 1484 3324 contra
1504 3250 1884 3346 judicium
1933 3252 2166 3325 ratio-

499 3365 503 3372 ’
613 3364 760 3457 nis,
842 3365 1025 3461 quia
1120 3366 1621 3441 immoderata
1724 3368 2156 3462 delectati0‚

577 3504 782 3554 cum
819 3506 1123 3580 semper
1178 3484 1461 3558 feratur
1539 3484 1612 3555 in
1677 3484 1822 3558 sibi
1884 3509 2161 3561 conve-

609 3598 861 3693 nienS,
900 3601 1135 3675 fei-tur
1166 3602 1592 3675 secundum
1628 3603 1980 3676 ultimum
2015 3629 2159 3702 po-

608 3718 897 3792 tentiae.

1159 3976 1512 4034 SCHOLIUM
1552 3977 1621 4033 11.

676 4127 916 4183 Justitia
946 4126 1245 4200 originalis
1292 4127 1627 4183 includebat
1677 4128 1894 4183 donum
1949 4143 2153 4199 super·

605 4218 867 4273 naturale
896 4218 1231 4285 voluntatis,
1266 4234 1382 4289 quo
1435 4218 1678 4272 faciliter
1726 4233 1788 4272 se
1834 4214 2154 4271 retraheret

603 4325 634 4363 a
662 4305 1098 4362 delectabilibus
1130 4308 1444 4377 appetitus.
1481 4306 1636 4375 item,
1672 4305 1890 4376 aliquid
1925 4305 2146 4359 donum

602 4397 661 4451 in
695 4395 953 4467 appetitu
988 4393 1269 4461 interiori,
1310 4409 1426 4464 quo
1475 4391 1892 4448 delectabiliter
1943 4409 2149 4464 seque·

604 4492 761 4540 retur
788 4487 1024 4539 ductum
1084 4481 1421 4552 voluntatis,
1473 4483 1635 4551 juxta
1694 4490 1907 4537 rectam
1971 4483 2145 4537 ratio·

604 4592 758 4644 nem,
814 4575 863 4631 ei
920 4582 1116 4630 tamen
1179 4590 1292 4629 nori
1353 4573 1754 4644 requirebatur
1811 4572 1879 4627 ad
1932 4578 2146 4627 statum
2211 4611 2216 4615 -

601 4666 792 4734 illum,
848 4681 1043 4743 carere
1102 4664 1341 4720 tristitia
1407 4663 1590 4736 partis
1647 4663 1962 4730 interioria,
2044 4665 2145 4718 sed

601 4753 755 4825 quod
804 4749 1123 4825 principale
1171 4750 1589 4807 delectabiliter
1630 4756 1842 4821 ageret,
1893 4750 2146 4805 sullicie-

600 4846 701 4901 bat
731 4844 949 4899 donum
1000 4841 1282 4898 excellens
1329 4842 1386 4898 in
1432 4842 1751 4910 voluntate,
1798 4842 1923 4897 sine
1973 4841 2144 4898 donis

601 4934 785 5006 partis
816 4931 1128 4988 inferioris,

383 5104 447 5170 5·
699 5110 885 5184 Dico
942 5108 1175 5206 igitur
1279 5107 1484 5205 quod
1581 5108 1731 5182 duo
1828 5108 2143 5184 effectus

255 5192 567 5242 Donumeu·
732 5227 744 5240 .
1153 5224 1167 5238 .
1312 5223 1325 5236 .
1372 5223 1385 5237 .
1607 5223 1620 5236 .
1688 5224 1701 5237 .
1851 5225 1864 5238 .

252 5261 568 5315 pernaiura-
598 5234 1092 5324 assignantur
1140 5234 1461 5320 Justitiae
1511 5226 1896 5321 originali,
1946 5234 2142 5300 tran-

251 5316 564 5443 ξοηῖιὲᾟῖᾞ
597 5345 937 5445 quillitas
995 5343 1070 5416 in
1139 5341 1420 5427 anima,
1472 5353 1541 5416 et
1612 5342 2141 5417 immortalitas

247 5443 443 5565 ⁶535}ss
470 5458 565 5558 ἓξ·
595 5466 669 5538 in
700 5483 1045 5560 corpore,
1083 5458 1216 5532 sed
1254 5458 1591 5532 exclusio
1661 5458 1924 5532 mortis
1985 5483 2140 5533 non

239 5568 535 5621 ‘²¹²0ss'2r0‘·
594 5579 737 5655 sibi
842 5574 1230 5661 tribuitur,
1330 5583 1410 5646 ut
1520 5574 1924 5671 probatum
2025 5584 2141 5650 est

73 5929 252 6016 Ἦ

2101 393 2343 481 LIBRI
2389 394 2477 464 11.

2281 565 2496 664 prius
2527 567 2573 639 ⁹.
2658 566 2809 641 Sed
2877 565 2940 640 si
3007 566 3526 665 tranquillitas
3581 563 3880 666 potuit.
3918 612 4045 666 m„-
4083 614 4158 665 ¹9·

2280 683 2647 782 essessejus
2714 683 3055 772 effectuS,
3125 685 3416 760 dubito.
3501 687 3590 759 Et
3666 694 3829 759 esto

2282 801 2484 899 quod
2528 800 2869 895 sic,'dico
2904 801 3106 898 quod
3139 801 3439 898 justitia
3486 800 3834 896 origina-

2282 917 2375 992 lis
2443 918 2585 993 fuit
2664 919 2956 994 donum
3047 921 3664 1018 supernaturale.
3742 920 3832 992 Et

2281 1035 2532 1109 adbuc
2574 1037 2637 1111 si
2690 1037 2829 1110 fuit
2898 1046 3191 1111 tantum
3252 1063 3454 1112 unus
3520 1037 3829 1111 habitus

2282 1151 2355 1225 in
2420 1155 2842 1248 voluntate,
2915 1178 3073 1228 non
3152 1155 3399 1253 potuit
3464 1155 3826 1230 cohibere

2282 1269 2808 1360 rebellionem,
2883 1271 3071 1367 quin
3150 1272 3412 1369 aliqua
3478 1282 3681 1347 esset
3748 1270 3824 1343 in

2283 1380 2577 1456 viribus
2623 1384 3085 1478 ,sensitivis,
3168 1384 3352 1483 quia
3443 1384 3829 1482 appetitus

2280 1498 2701 1574 sensilivus
2733 1499 2837 1575 ita
2867 1510 2982 1575 est
3008 1512 3236 1576 natus
3271 1500 3446 1576 ferri
3487 1501 3567 1574 in
3596 1525 3826 1575 suum

2281 1615 2696 1712 objectum,
2741 1616 3277 1692 sieutb'rutum
3321 1617 3397 1690 in
3438 1616 3584 1691 sibi
3642 1640 3828 1691 con-

2282 1731 2654 1825 veniens,
2729 1732 2962 1828 igitur
3036 1734 3201 1808 sine
3305 1733 3611 1808 tristitia
3669 1756 3826 1808 non

2279 1854 2575 1943 poterat
2615 1847 2925 1938 retrahi,
2964 1847 3150 1945 quin
3213 1857 3607 1946 appeteret
3651 1873 3829 1922 con-

2278 1962 2602 2036 veniens
2633 1962 2780 2037 sibi
2820 1964 3247 2039 secundum
3294 1965 3652 2040 ultimum
3686 1990 3829 2063 po-

2278 2078 2570 2153 tenftiae.

2378 2197 2596 2290 Item,
2626 2199 2988 2272 voluntas
3012 2198 3089 2270 in
3137 2199 3622 2274 naturalibus
3664 2199 3829 2275 suis

2282 2321 2461 2386 nata
2498 2323 2613 2389 est
2653 2315 3162 2389 condelectari
3216 2317 3588 2414 appetitui
3646 2341 3827 2392 sen-

2277 2426 2532 2522 sitivo,
2562 2429 2686 2503 cui
2727 2429 3226 2526 conjungitur
3289 2431 3420 2517 sie,
3467 2443 3547 2506 ut
3595 2433 3828 2508 intel-

2278 2548 2522 2621 lectus
2565 2546 2994 2643 intelligere
3029 2549 3484 2645 phantasma
3542 2574 3821 2649 corpo-

2278 2662 2409 2750 ris,
2442 2663 2567 2736 cui
2618 2662 3168 2759 conjungitur3
3215 2663 3450 2761 igitur
3487 2666 3821 2742 difficul-

2273 2787 2387 2852 tas
2414 2788 2574 2852 erat
2617 2777 3050 2853 cohibendo
3097 2803 3178 2854 se
3220 2804 3263 2853 a
3313 2782 3596 2856 talibus
3628 2808 3816 2859 con-

2271 2894 2765 2969 venientibus
2861 2896 3286 2970 secundum
3389 2901 3811 2995 appetitum

2270 3009 2753 3101 sensitivuin‚
2814 3012 2996 3107 quia
3050 3020 3317 3086 contra
3383 3017 3811 3089 naturalem

2267 3124 2841 3202 inclinationem
2890 3155 2908 3221 ;
2968 3126 3202 3224 igitur
3273 3127 3462 3203 illud
3523 3130 3811 3205 donum

2265 3245 2852 3339 supernaturale
2910 3244 3048 3317 luit
3105 3247 3487 3320 excellens
3556 3248 3806 3342 valde,

2260 3358 2322 3432 si
2394 3359 2644 3455 potuit
2703 3359 3063 3435 cohibere
3146 3363 3649 3458 voluntatem,
3713 3389 3809 3440 ne

2260 3477 2922 3550 condelectaretur
3000 3477 3370 3575 appetitui
3437 3481 3808 3556 sensitis-’o

2260 3589 2423 3663 sine
2493 3590 2753 3689 aliqua
2808 3591 3113 3666 tristitia
3201 3593 3276 3666 in
3357 3595 3800 3684 voluntate3

2260 3703 2494 3800 igitur
2529 3708 2765 3779 multo
2813 3706 3055 3802 magis
3097 3729 3250 3780 non
3287 3711 3534 3805 potuit
3588 3712 3806 3785 cohi-

2256 3823 2435 3898 bere
2557 3824 2978 3921 appetitum
3074 3825 3529 3901 sensitivum
3636 3828 3802 3905 sine

2257 3940 2559 4015 tristitia
2589 3941 2660 4014 in
2699 3942 3039 4040 appetitu
3075 3943 3471 4037 sensitivo,
3508 3956 3582 4019 et
3618 3956 3797 4021 tunc
3863 3972 3938 4047 ‚in
3972 3976 4116 4022 siaiu

2261 4055 2746 4131 manifestum
2809 4066 2923 4130 est
2986 4058 3191 4153 quod
3243 4057 3383 4132 fuit
3447 4060 3791 4150 rebellio,
3829 4048 4129 4160 iffssussssfunst

2256 4171 2453 4246 sicut
2495 4183 2609 4246 est
2668 4172 2742 4244 in
2816 4174 3126 4247 bomine
3173 4174 3514 4249 virtuoso
3551 4203 3569 4270 ;
3625 4177 3796 4251 ideo
3829 4162 4168 4276 ῗὶῗζῖθῇῖζζ

2254 4289 2482 4363 credo
2516 4290 2721 4386 quod
2757 4289 2832 4361 in
2876 4300 3076 4365 statu
3145 4290 3609 4369 innocentiae
3675 4320 3802 4393 po·
3927 4285 4063 4337 ²5²¹&

2255 4407 2398 4481 tuit
2474 4431 2641 4483 esse
2764 4408 3079 4482 rebellio
3165 4420 3239 4484 et
3332 4412 3637 4487 tristitia
3722 4415 3798 4488 in

2254 4548 2515 4599 sensu.
2553 4525 2726 4598 Non
2767 4524 2973 4599 enim
3006 4526 3252 4623 potuit
3285 4529 3643 4605 cohibere
3677 4533 3796 4605 vi-

2255 4665 2426 4715 sum
2458 4666 2715 4734 suum,
2754 4641 2939 4740 quin
3010 4643 3424 4741 aliquando
3500 4647 3797 4724 videret

2253 4768 2502 4856 turpe,
2566 4762 2770 4858 quod
2839 4761 3323 4836 contristaret
3382 4787 3588 4858 eum,
3662 4767 3795 4841 sed

2251 4877 2536 4952 sufficit
2579 4879 2672 4952 ad
2724 4888 3005 4954 statum
3048 4880 3539 4977 innocentiae,
3589 4886 3796 4982 quod

2254 4994 2327 5066 id
2370 4996 2572 5092 quod
2607 5006 2719 5070 est
2753 4996 3194 5093 principale,
3230 5021 3383 5071 non
3416 5000 3788 5096 tristetur,

2256 5114 2570 5209 utquod
2613 5114 2842 5187 bomo
2902 5137 3057 5187 non
3137 5115 3502 5190 tristetur.
3568 5118 3791 5194 Nunc
3824 5116 4164 5237 m'flgigfflffin

2251 5239 2537 5323 autem,
2627 5231 2788 5305 *etsi
2884 5231 3270 5329 appetitus
3374 5237 3791 5312 sensitivus
3873 5245 4117 5357 dflssssta-

2252 5345 2614 5441 tristetur,
2674 5356 2922 5446 potest
2980 5358 3178 5422 stare
3238 5349 3639 5427 delectatio
3710 5355 3787 5428 in
3937 5321 4091 5361 '⁰³⁸'

2251 5461 2561 5535 homine
2595 5461 3055 5558 inquantum
3111 5464 3368 5537 homo.
3415 5465 3541 5540 Sic
3582 5469 3787 5543 enim

2250 5578 2471 5651 multi
2540 5577 2917 5678 Martyres
2971 5580 3475 5659 tristabantur
3514 5584 3591 5658 in
3618 5588 3790 5662 viri-
