4295 6326
88 644 388 697 Rusellitur.

108 4503 301 4564 Opinio

100 4564 328 4616 Goffredi

69 4639 332 4742 ,mm-m,

1419 457 1647 527 DIST.
1698 457 1919 527 XXV.
1977 455 2396 537 QUAESTIO
2451 458 2682 528 UNlC.

537 631 844 723 Contra,
890 654 1183 728 queem,
1243 632 1306 706 si
1365 631 1496 705 illa
1553 631 1705 705 duo
1755 631 1984 705 simul

437 746 924 821 occurrentia
955 758 1134 822 sunt
1173 770 1395 844 aeque
1429 745 1772 821 efficacia
1820 771 1983 820 mo-

433 862 690 937 ventia
735 864 1237 957 voluntatem,
1289 866 1412 938 vel
1479 864 1977 957 intellectum,

433 981 601 1056 etsi
643 981 739 1056 sit
781 982 968 1056 nihil
1010 981 1353 1057 effective
1414 1006 1506 1057 ex
1564 992 1776 1080 parte
1845 1006 1978 1055 vo·

433 1098 775 1191 luntatiS,
823 1101 1048 1173 simul
1095 1100 1307 1195 eligit
1353 1109 1794 1195 utrumque,
1855 1100 1974 1173 vel

433 1225 793 1287 neutrum
875 1214 915 1286 ‘?
1016 1214 1094 1288 Si
1195 1217 1653 1313 phantasma
1749 1213 1978 1288 unius

430 1330 822 1407 efficacius
855 1344 1180 1417 moveat,
1224 1332 1671 1429 igiturillud
1722 1331 1973 1427 eliget,

429 1448 611 1544 quia
643 1473 778 1548 per
810 1449 1199 1525 efficacius
1239 1473 1563 1524 movens
1603 1450 1697 1523 ad
1733 1472 1972 1521 unum

427 1566 987 1641 contrariorum
1047 1591 1203 1641 non
1309 1575 1558 1664 potest
1658 1589 1970 1662 passum

425 1682 688 1756 reduci
722 1683 816 1756 ad
860 1691 1113 1757 actum
1183 1682 1681 1757 contrarium.
1730 1682 1970 1778 Igitur

423 1798 487 1871 si
535 1799 894 1873 voluntas
961 1809 1211 1897 potest
1287 1799 1553 1892 libere,
1600 1801 1742 1873 hoc
1813 1822 1966 1871 non

423 1914 564 1988 erit
676 1937 812 2013 per
903 1925 1158 1990 actum
1279 1914 1966 2007 vehementiorem,

424 2054 577 2128 quo
645 2031 1053 2130 imperabit
1110 2032 1203 2105 ad
1291 2031 1756 2130 oppositum,
1832 2054 1971 2105 nec

425 2172 561 2246 per
600 2158 851 2222 actum
888 2148 1367 2242 debiliorem,
1423 2157 1671 2222 stante
1729 2148 1972 2222 vehe-

427 2265 778 2339 mentiori
826 2293 844 2358 3
884 2264 1116 2361 igitur
1177 2289 1222 2339 a
1280 2288 1360 2340 se
1404 2265 1808 2364 imperabit
1873 2264 1964 2338 ad

423 2381 926 2456 cessationem
970 2382 1473 2457 vehementis.
1520 2382 1689 2455 Non
1761 2381 1963 2455 enim

421 2498 716 2572 sistitur
758 2500 1115 2573 voluntas
1165 2523 1301 2596 per
1369 2500 1512 2573 hoc
1572 2498 1775 2595 quod
1855 2508 1969 2573 est

417 2617 777 2689 voluntas
858 2616 1136 2701 solum,
1227 2614 1290 2688 si
1423 2616 1634 2688 nullo
1742 2614 1965 2689 modo

419 2741 681 2806 causet
722 2730 1064 2806 effective
1106 2741 1357 2806 actum
1402 2731 1476 2804 in
1523 2754 1630 2805 se.

515 2848 711 2922 Dicit
753 2849 958 2945 quod
1001 2850 1358 2923 voluntas
1416 2847 1763 2945 praecipit
1830 2869 1967 2945 per

414 2964 705 3061 aliquid
748 2963 943 3038 velle
1002 2964 1462 3062 impressum
1531 2964 1626 3038 ab
1702 2962 1964 3058 objec-

421 3090 550 3172 to;
616 3080 850 3177 igitur
939 3082 1299 3155 voluntas
1392 3089 1568 3154 ante
1669 3077 1964 3152 sistitur

414 3220 551 3295 per
587 3197 776 3271 illud
810 3197 1191 3293 obJectum
1238 3197 1481 3292 magis
1514 3195 1808 3271 efficax.

926 3414 1290 3472 SCHOLIUM
1342 3414 1442 3471 111.

481 3569 787 3624 Resutatur
817 3567 872 3621 in
908 3565 1147 3638 speciali
1172 3563 1365 3634 opinio
1414 3564 1688 3620 Goffredl.
1748 3564 1952 3635 Primo,

406 3658 538 3729 qnia
563 3675 739 3713 causa
783 3656 1069 3726 a-quivoca
1123 3655 1315 3709 totalis
1359 3660 1448 3709 est
1492 3655 1799 3724 pei-lectior
1847 3671 1955 3709 suo

403 3749 630 3804 effectu.
712 3745 1004 3813 Secunde,
1068 3744 1212 3799 alias
1294 3743 1487 3797 anima
1566 3747 1836 3814 separata
1900 3746 1955 3796 et

401 3835 656 3906 Angelus
713 3832 855 3888 nihil
911 3832 1315 3904 intelligerent,
1369 3847 1472 3886 nec
1521 3847 1584 3886 se
1635 3835 1951 3894 moverent,

403 3927 544 3993 quia
598 3923 924 3978 secundum
980 3922 1201 3993 ipsun»,
1256 3920 1408 3975 idem
1462 3937 1573 3975 non
1610 3925 1951 3991 potestesse

400 4031 577 4084 agens
610 4023 659 4067 et
698 4013 947 4084 patiens.
976 4011 1152 4066 Solvit
1177 4011 1436 4082 quinque
1463 4011 1716 4064 rationes
1737 4009 1950 4065 Goss're-

403 4106 458 4162 di
499 4105 717 4176 positas
751 4119 915 4157 num.
970 4102 1025 4157 3.
1089 4107 1145 4156 et
1207 4117 1367 4171 seqq.
1422 4098 1759 4169 explicando
1789 4099 1949 4153 varia

403 4194 687 4266 principia
718 4199 774 4246 et
806 4191 1178 4245 difficultates
1214 4189 1666 4259 Philosophiana.

499 4370 780 4442 Contra
820 4365 1146 4464 primam
1216 4364 1658 4461 opinionem
1706 4365 1936 4459 argui

397 4497 523 4560 tur
579 4485 1011 4583 specialiter
1067 4507 1082 4555 :
1156 4481 1234 4555 Si
1308 4482 1762 4577 phantasma
1826 4490 1940 4554 est

395 4627 629 4679 causa
688 4602 939 4675 totalis
988 4609 1062 4674 et
1128 4599 1529 4695 aequivoca
1605 4599 1940 4673 intellec-

394 4719 625 4792 tionis
666 4729 737 4792 et
788 4714 1204 4790 volitionis.
1269 4713 1502 4809 igitur
1568 4724 1681 4787 est
1748 4713 1937 4788 sim-

388 4837 690 4936 pliciter
792 4833 1195 4932 perlectior
1279 4832 1794 4905 intellectione
1863 4842 1937 4907 et

385 4956 754 5029 volitione
823 4982 840 5046 3
927 4952 1159 5048 igitur
1242 4950 1752 5048 phantasiatio
1821 4960 1935 5024 est

385 5073 718 5146 nobilior
809 5069 1162 5143 felicitate
1250 5068 1926 5166 Philosophorum,

381 5212 612 5286 quam
696 5185 1081 5284 ponebant
1166 5183 1587 5258 consistere
1652 5185 1727 5256 in
1811 5185 1930 5257 in-

380 5302 816 5378 tellectione
894 5310 966 5374 ct
1031 5297 1423 5372 volitione.
1467 5299 1658 5372 'Non
1721 5300 1923 5373 enim

381 5429 629 5519 potest
731 5416 858 5490 ille
956 5415 1237 5488 Doctor
1343 5439 1628 5511 ponere
1716 5416 1925 5491 aliud

379 5561 648 5634 agens,
713 5533 1066 5609 videlicet
1120 5529 1592 5607 intellectum
1654 5558 1921 5630 agenS,

380 5653 563 5753 quia
638 5674 877 5746 agens
961 5657 1035 5722 et
1109 5648 1409 5744 patiens
1484 5649 1921 5724 necessario

3521 462 3637 526 121

2098 644 2289 719 sunt
2366 635 2725 709 distincta
2803 636 3173 732 subjecto,
3234 659 3369 732 per
3427 657 3632 707 eum.

2195 751 2409 841 Item,
2455 755 2796 847 Angelus
2850 763 2922 827 et
2970 753 3228 826 anima
3286 762 3637 848 separata
3669 772 3975 822 Secundum

2090 877 2418 962 possunt
2484 868 2781 965 operari
2876 869 3234 959 volendO,
3306 876 3380 940 et
3481 834 3998 970 nonafiffffgss‘fss'shn

2091 992 2340 1078 potest
2370 985 2550 1082 poni
2613 985 2687 1057 in
2757 984 2868 1058 eis
2928 986 3385 1082 phantasma
3449 1005 3636 1056 cau-
3697 959 3957 1072 ‘mfflffffi

2090 1120 2271 1172 sans
2386 1100 2831 1174 volitionem
2903 1128 2921 1193 3
3004 1100 3236 1196 igitur
3338 1106 3637 1197 oportet

2089 1216 2294 1312 quod
2359 1216 2568 1290 Deus
2637 1216 3070 1291 immediate
3147 1227 3411 1290 causet
3469 1238 3635 1287 ma-

2086 1332 2247 1404 lum
2326 1332 2518 1407 velle
2586 1334 2662 1406 in
2731 1335 3126 1408 voluntate
3187 1332 3413 1431 primi
3489 1335 3638 1406 An-

2083 1449 2232 1544 geli
2273 1476 2291 1542 3
2329 1452 2451 1524 vel
2496 1450 2557 1524 si
2601 1461 2932 1547 ponatur
2983 1451 3192 1525 aliud
3237 1474 3501 1546 agens,
3553 1458 3635 1523 ut

2082 1566 2393 1658 coelum,
2431 1568 2549 1640 vel
2629 1566 3173 1663 quodcumque
3233 1565 3439 1640 aliud
3510 1566 3637 1638 ob-

2072 1677 2396 1774 Jectum,
2459 1689 2754 1777 oportet
2841 1680 3310 1779 principium
3405 1705 3632 1755 suum

2081 1816 2394 1890 negare,
2458 1797 2663 1893 quod
2733 1820 2966 1871 causa
3059 1796 3460 1893 aequivoca
3516 1806 3634 1871 to-

2080 1912 2254 1986 talis
2295 1923 2410 1987 est
2468 1914 2800 1988 nobilior
2856 1913 3158 1989 effectu.
3200 1913 3417 1988 Unde
3475 1939 3626 1987 non

2080 2039 2195 2102 est
2249 2030 2642 2127 probabile
2704 2054 2988 2127 ponere
3077 2031 3282 2129 quod
3369 2030 3628 2105 anima

2077 2158 2459 2247 separata,
2519 2151 2642 2224 vel
2710 2151 3052 2245 Angelus
3119 2149 3331 2222 nullo
3401 2149 3628 2222 modo

2076 2265 2318 2362 possit
2348 2289 2652 2340 movere
2714 2289 2821 2355 se,
2860 2266 2990 2339 sed
3073 2265 3277 2362 quod
3337 2275 3628 2339 starent

2075 2381 2570 2457 immobiliter
2627 2382 2703 2455 in
2767 2405 3258 2479 quocumque
3324 2381 3451 2455 ubi
3503 2407 3627 2479 po-

2076 2509 2472 2593 nerentur,
2509 2523 2597 2574 ac
2655 2499 2717 2573 si
2779 2509 3037 2574 essent
3104 2499 3176 2571 in
3250 2522 3581 2573 carcere.

2171 2616 2330 2691 Nec
2372 2618 2574 2691 valet
2614 2639 2965 2712 arguere,
2994 2615 3200 2711 quod
3261 2615 3621 2689 Philoso-

2074 2730 2403 2828 phinon
2477 2731 2835 2805 viderunt
2889 2731 3274 2827 quomodo
3345 2731 3621 2828 poterit

2072 2868 2240 2921 esse
2313 2871 2515 2921 nova
2596 2847 3010 2922 intellectio
3093 2846 3171 2919 in
3269 2848 3614 2943 AngeliS,

2071 2964 2256 3062 quia
2300 2965 2445 3063 ipsi
2514 2966 2606 3039 de
2662 2965 2979 3061 Angelis
3026 2974 3504 3057 erraverunt,
3544 2975 3617 3039 et

2071 3081 2204 3155 ubi
2280 3081 2469 3156 salsa
2544 3092 2725 3155 sunt
2792 3080 3195 3178 principia,
3281 3103 3431 3153 non
3505 3092 3621 3155 est

2069 3198 2349 3271 mirum
2384 3198 2446 3273 si
2492 3198 2750 3272 dicant
2782 3200 3010 3272 salsas
3043 3197 3611 3271 conclusiones.

2068 3316 2146 3390 Si
2182 3326 2432 3391 tamen
2506 3316 2651 3413 ipsi
2720 3315 3266 3390 convenissent
3348 3316 3613 3389 nobis-

2066 3456 2270 3520 cum,
2309 3433 2513 3530 quod
2590 3432 2864 3528 Angeli
2933 3442 3396 3529 acceperunt
3453 3455 3613 3505 esse

2064 3558 2235 3646 post
2281 3572 2432 3623 non
2474 3571 2659 3640 esse,
2696 3548 2842 3644 ipsi
2885 3547 3079 3621 bene
3121 3547 3612 3621 admisissent

2062 3688 2304 3739 novas
2379 3666 2939 3739 intellectiones
2998 3664 3072 3737 in
3144 3666 3459 3760 Angelis
3537 3674 3611 3739 et

2062 3782 2206 3855 hoc
2249 3782 2685 3857 necessario
2719 3781 3004 3856 habent
3040 3781 3402 3876 Theologi
3468 3805 3608 3878 po-

2057 3921 2268 3974 nere.

2153 4023 2265 4097 Ad
2342 4025 2663 4121 primam
2736 4024 2971 4119 igitur
3031 4022 3400 4097 rationem
3464 4048 3600 4120 pro
3666 4057 3924 4106 Rationes

2053 4140 2303 4238 prima
2394 4140 2759 4238 opinione
2846 4139 3040 4227 dico,
3117 4164 3291 4213 cum
3384 4141 3594 4233 dicit,
3631 4119 3933 4233 ,ffssffiffffln

3778 2638 3879 2703 10.

1920 4308 1946 4320 -
2049 4281 2361 4332 movens
2455 4265 2529 4332 et
2600 4267 2888 4331 motum
2984 4280 3141 4330 csse
3238 4257 3599 4331 distincta

2045 4374 2411 4473 subjecte,
2458 4374 2696 4470 aliqui
2729 4374 2995 4447 dicunt
3034 4375 3239 4470 quod
3285 4375 3425 4448 hoc
3481 4386 3595 4448 est

2044 4513 2315 4565 verum
2385 4491 2459 4562 in
2532 4489 3003 4587 corporibus.
3079 4490 3264 4563 Dico
3335 4498 3586 4564 tamen
3626 4531 3761 4581 Vide
3798 4533 3953 4582 nen-

2045 4607 2249 4705 quod
2286 4631 2426 4682 nec
2459 4606 2589 4698 ibi,
2627 4629 2768 4680 nec
2801 4607 2877 4678 in
2913 4607 3353 4703 spiritibus3
3388 4609 3589 4683 unde
3621 4593 3923 4722 quo‘gffffi„

2042 4725 2271 4798 credo
2312 4725 2518 4820 quod
2550 4724 2758 4797 Deus
2818 4747 2968 4796 non
3042 4734 3299 4821 posset
3340 4726 3587 4800 facere

2041 4840 2418 4934 Angelum
2474 4839 2577 4910 ita
2652 4838 2943 4911 nudum
3016 4862 3189 4911 cum
3242 4842 3586 4934 generali

2041 4955 2472 5041 influentia,
2502 4955 2687 5051 quin
2725 4955 2965 5052 possit
3006 4955 3435 5052 intelligere
3469 4983 3579 5052 se,

2039 5082 2112 5146 et
2157 5082 2335 5144 tunc
2370 5070 2566 5144 idem
2614 5080 2814 5144 esset
2875 5093 3219 5164 movenS,
3267 5082 3340 5145 et
3416 5098 3585 5148 mo-

2036 5197 2226 5262 tum.

2133 5302 2244 5376 Ad
2279 5303 2603 5400 primam
2662 5302 3037 5377 rationem
3081 5313 3372 5399 contra,
3410 5331 3581 5380 cum

2035 5418 2317 5492 dicitur
2357 5419 2561 5514 quod
2606 5418 2748 5492 ista
2817 5430 2996 5492 sunt
3056 5422 3402 5520 ejusdem
3447 5448 3588 5520 po-

2033 5535 2358 5620 sitionis,
2398 5558 2719 5609 movens
2768 5545 2843 5609 et
2886 5547 3174 5611 motum
3217 5562 3385 5612 esse
3462 5539 3585 5612 in-

2033 5652 2385 5726 distincta
2448 5650 2821 5746 subjectO,
2878 5664 2953 5726 et
3009 5653 3207 5727 idem
3277 5678 3580 5730 movere

3663 5390 3744 5439 Ad
3780 5391 3882 5452 pri·

3717 5465 3877 5501 mam.

3646 5514 3789 5563 Idem
3823 5528 3915 5577 po·

3654 5579 3757 5626 test
3794 5590 3908 5626 esse

3618 5652 3844 5689 movens
3867 5643 3921 5688 et.

3620 5706 3827 5753 motum
3867 5705 3913 5752 1.

3878 5991 4275 6198 fre->³
