4295 6326
1455 433 1681 501 DIST.
1734 431 1821 499 11.
1876 429 2295 510 QUAESTIO
2343 432 2396 500 Ι.

373 622 921 707 assumeretur,
968 612 1045 685 in
1088 612 1218 685 illo
1259 607 1495 708 priori
1536 613 1736 681 esset
1778 626 1924 677 me-

374 759 455 809 re
523 746 901 826 creatura,
974 740 1049 805 et
1106 752 1260 801 non
1322 733 1435 801 θεῖ
1493 745 1920 820 congruum

376 850 580 949 quod
627 849 854 924 alicui
912 870 1118 922 mere
1178 853 1551 920 creaturae
1616 841 1927 914 daretur

382 979 586 1044 tanta
616 968 861 1065 gratia
896 992 910 1056 ;
958 966 1189 1064 igitur
1221 961 1465 1059 magis
1497 981 1923 1055 congruum

381 1092 494 1158 est
569 1082 774 1180 quod
852 1077 1357 1179 personalitas
1434 1074 1530 1148 sit
1590 1071 1925 1147 inedium

381 1209 613 1274 tantae
656 1197 950 1296 gratiae,
997 1218 1226 1294 quam
1271 1192 1477 1291 quod
1516 1189 1730 1288 prius
1797 1189 1930 1263 de-

385 1330 508 1393 tur
533 1317 675 1392 sibi
720 1315 892 1390 talis
923 1313 1191 1411 gratia.

157 1469 227 1534 9,
481 1436 594 1510 Ad
662 1433 1084 1533 principale
1154 1430 1441 1503 dictum
1506 1434 1620 1500 est
1686 1423 1927 1522 prius,

31 1591 98 1641 Aa
128 1600 336 1638 secun-
388 1554 591 1653 quod
633 1551 953 1627 assumit
993 1571 1299 1623 carnem
1356 1543 1735 1618 mediante
1779 1540 1935 1614 ani-

116 1654 273 1702 aum.
388 1696 511 1747 ma
552 1669 1044 1762 intellectiva,
1090 1675 1161 1742 et
1205 1663 1572 1740 remotius
1615 1660 1936 1735 assumit

387 1812 725 1876 carnem,
777 1810 1010 1884 quarn
1057 1793 1301 1858 totum
1354 1778 1733 1855 mediante
1782 1776 1938 1851 ani-

388 1931 535 1982 ma.

484 2025 593 2099 Ad
645 2021 882 2116 aliud,
941 2044 1097 2094 non
1167 2016 1542 2116 sequitur,
1590 2036 1767 2112 pars
1825 2020 1940 2085 est

387 2140 596 2240 prior
641 2147 826 2232 toto,
917 2137 1151 2233 igitur
1219 2133 1432 2232 prius
1487 2127 1933 2218 assumitur,

387 2258 573 2357 quia
626 2277 1024 2353 nunquam
1079 2276 1171 2327 ex
1211 2249 1600 2350 prioritate
1653 2245 1942 2341 aliquo-

393 2401 557 2450 rum
601 2375 802 2448 inter
841 2396 922 2447 se
964 2379 1214 2469 potest
1254 2366 1475 2464 argui
1518 2387 1684 2439 esse
1732 2361 1941 2460 prius

390 2500 740 2590 respectu
774 2487 1110 2577 termini,
1156 2484 1303 2559 nisi
1356 2482 1431 2556 id
1487 2487 1688 2556 osset
1726 2476 1942 2576 prius

392 2617 739 2706 respectu
815 2603 1149 2697 termini,
1221 2599 1424 2699 quod
1500 2606 1615 2673 est
1698 2594 1937 2693 priuS,

396 2722 910 2822 comparando
970 2720 1097 2794 illa
1151 2718 1349 2792 inter
1376 2738 1495 2789 se.
1542 2713 1754 2786 Licet
1810 2709 1947 2805 igi-

398 2853 519 2916 tur
586 2863 762 2940 pars
803 2838 899 2912 sit
950 2837 1159 2934 prior
1199 2844 1382 2925 toto,
1430 2824 1944 2926 comparando

397 2966 685 3056 partem
767 2953 859 3028 ad
921 2961 1192 3044 totum,
1261 2972 1412 3022 non
1471 2955 1728 3020 tamen
1786 2966 1948 3016 res-

396 3082 616 3173 pectu
662 3069 896 3168 hujus
962 3066 1193 3159 tertii,
1240 3064 1443 3162 quod
1486 3070 1600 3136 est
1638 3055 1947 3140 assumi,

399 3190 581 3289 quia
654 3198 889 3262 totum
951 3184 1201 3284 primo
1256 3191 1369 3256 est
1436 3184 1946 3274 assumptum,

401 3315 473 3381 et
512 3328 646 3403 per
677 3327 786 3397 se,
833 3313 908 3376 et
944 3325 1122 3399 pars
1154 3322 1306 3373 non
1370 3295 1517 3369 nisi
1561 3317 1697 3393 per
1758 3288 1954 3365 acci-

403 3423 617 3515 dens,
674 3421 1133 3516 inquantum
1191 3413 1478 3512 aliquid
1542 3410 1800 3484 totius.

100 3564 179 3623 Ad
219 3576 326 3621 ter·
502 3538 609 3612 Ad
655 3535 890 3625 aliud,
936 3556 1108 3607 cum
1179 3530 1482 3616 dicitur,
1540 3526 1766 3624 prius
1825 3528 1954 3608 est,

131 3638 293 3686 uum·
407 3680 453 3731 α
510 3678 653 3753 qno
740 3677 895 3727 non
969 3647 1435 3725 convertitur
1497 3638 1961 3718 subsistendi

410 3769 968 3869 consequentia,
1038 3767 1205 3840 dico
1291 3762 1496 3861 quod
1578 3758 1952 3856 sequitur,

413 3911 588 3986 pars
628 3884 1071 3977 assumitur,
1144 3880 1376 3977 igitur
1439 3885 1676 3951 totum
1737 3897 1960 3948 assu-

421 4005 674 4097 mitur,
746 4010 819 4076 e’t
885 4025 925 4075 e
989 4006 1279 4074 contra.
1325 3995 1464 4068 Vel
1535 4000 1695 4066 esto
1755 3988 1960 4087 quod

420 4147 596 4223 pars
661 4130 861 4197 esset
918 4119 1132 4217 prius
1199 4114 1621 4190 secundum
1690 4134 1963 4186 conse-

421 4242 843 4340 quentiam,
902 4260 1059 4311 non
1102 4245 1356 4309 tamen
1398 4239 1696 4330 oportet
1760 4227 1964 4326 quod

424 4360 520 4434 sit
602 4358 815 4457 prius
892 4354 1317 4430 secundum
1407 4347 1961 4431 causalitatem,

424 4478 592 4552 ideo
636 4477 810 4549 licet
851 4482 1245 4570 sequatur,
1301 4493 1454 4554 aer,
1504 4467 1736 4563 igitur
1785 4464 1972 4538 cali-

426 4592 593 4681 dus,
669 4587 902 4685 ignis,
971 4585 1207 4682 igitur
1270 4582 1590 4673 caliduS,
1662 4588 1735 4654 et
1813 4600 1966 4651 non

429 4706 926 4793 convertitur,
1000 4711 1255 4776 tamen
1304 4710 1451 4773 tam
1500 4696 1704 4794 ignis
1739 4718 1969 4793 quam

431 4848 558 4899 aer
600 4831 785 4897 sunt
815 4820 1028 4919 prius
1073 4815 1522 4914 simpliciter
1563 4836 1792 4910 quam
1849 4833 1974 4883 ca-

434 4945 572 5036 lor,
608 4952 682 5016 et
735 4947 1048 5037 propter
1079 4939 1224 5009 hoc
1268 4935 1555 5008 dictum
1600 4938 1714 5005 est
1772 4928 1975 5028 quod

437 5084 610 5159 pars
684 5081 842 5131 non
915 5053 1337 5130 assumitur
1376 5049 1524 5123 nisi
1593 5071 1729 5145 per
1779 5046 1975 5120 acci-

442 5178 654 5252 dens.

535 5293 644 5366 Ad
686 5289 922 5383 aliud,
968 5289 1135 5363 dico
1178 5284 1381 5384 quod
1443 5282 1520 5355 in
1583 5289 1820 5356 morte
1862 5279 1983 5352 di-

447 5409 646 5483 misit
708 5431 968 5482 veram
1036 5405 1298 5492 vitam,
1375 5410 1449 5476 et
1506 5423 1642 5497 per
1708 5421 1983 5473 conse-

451 5548 690 5624 quens
739 5523 1116 5623 separatio
1183 5521 1319 5594 luit
1375 5518 1653 5593 animae
1705 5541 1750 5588 a
1812 5540 1984 5590 cor-

452 5668 654 5742 pore.
726 5646 818 5718 Et
881 5666 1053 5716 cum
1127 5638 1404 5713 dicitur
1462 5635 1666 5733 quod
1733 5633 1980 5731 primo

118 5304 198 5359 Αιῖ
221 5315 383 5364 quar-

177 5374 321 5417 tum.

3449 419 3576 505 255

2033 605 2475 702 assumpsit,
2559 591 2958 704 nunquam
3023 607 3336 701 dimisit,
3411 606 3579 680 dico

2034 722 2458 795 secundum
2553 720 3118 798 Damascenum
3203 725 3320 795 77.
3413 746 3579 820 cap.

2035 838 2165 911 ubi
2226 839 2465 935 priuS,
2537 863 2693 912 non
2754 839 3040 914 dimisit
3110 850 3459 916 naturam
3508 839 3585 911 in

2034 956 2407 1053 partibus,
2474 958 2655 1056 quia
2704 981 2793 1031 eo
2830 959 3053 1033 modo
3110 969 3386 1033 natura
3426 965 3587 1032 crat

2037 1070 2115 1145 in
2193 1073 2444 1147 triduo
2512 1074 2589 1147 in
2667 1076 3038 1173 partibus,
3112 1078 3256 1150 hoc
3326 1084 3580 1149 autem

2037 1215 2191 1265 non
2238 1200 2350 1266 est
2389 1192 2814 1268 secundum
2848 1217 3004 1269 esse
3035 1193 3268 1267 totius
3300 1192 3574 1291 primo.

2135 1308 2249 1380 Ad
2280 1308 2516 1402 aliud,
2563 1308 2840 1382 dicitur
2872 1310 3073 1407 quod
3117 1310 3360 1406 gratia
3401 1332 3580 1407 pro-

2038 1425 2203 1523 prie
2271 1424 2548 1499 dicitur
2603 1425 2935 1522 gratuita
2999 1427 3356 1501 voluntas
3411 1425 3549 1500 Dei

2041 1542 2467 1616 secundum
2512 1543 2716 1640 quod
2759 1552 2872 1617 est
2912 1567 3004 1618 ex
3045 1567 3256 1618 mera
3307 1544 3589 1618 libera-
3619 1556 3693 1606 ua
3726 1553 3905 1618 quid!

2040 1658 2275 1752 litate,
2339 1658 2951 1755 utdistinguitur
3007 1669 3274 1733 contra
3317 1682 3592 1757 opera-

2041 1775 2289 1850 tiones
2317 1798 2795 1870 communes,
2830 1785 2904 1850 et
2940 1785 3017 1850 ut
3049 1776 3272 1851 datur
3302 1777 3593 1874 absque

2043 1892 2543 1991 dispositione
2593 1893 2974 1990 acquisita
3035 1917 3172 1991 per
3220 1906 3434 1969 actus
3476 1916 3600 1968 re-

2045 2010 2424 2109 cipientis,
2526 2010 2710 2107 quia
2785 2010 2994 2085 Deus
3077 2035 3231 2086 non
3324 2011 3602 2085 dicitur

2047 2150 2355 2200 movere
2442 2128 2713 2200 coelum
2796 2150 2934 2224 per
3013 2128 3366 2224 gratiam,
3459 2151 3600 2204 nec
3695 2221 3700 2227 Ι

2047 2271 2224 2321 cum
2283 2247 2547 2321 tribuit
2614 2248 3021 2346 praemium
3094 2273 3229 2348 pro
3311 2250 3600 2325 meritis

2048 2365 2475 2441 secundum
2536 2365 2914 2462 justitiam
3002 2366 3595 2441 distributivam.

2049 2485 2139 2557 Et
2171 2483 2353 2580 quia
2394 2492 2669 2558 natura
2709 2493 3106 2581 assumpta
3167 2509 3320 2557 non
3357 2485 3605 2582 potuit

2049 2626 2129 2676 se
2175 2602 2582 2698 disponere
2624 2601 2717 2674 ad
2761 2603 2933 2695 hoc,
3000 2602 3205 2699 quod
3266 2602 3474 2677 Deus
3512 2627 3604 2677 cx

2050 2741 2393 2815 congruo
2437 2718 2652 2792 daret
2693 2717 2839 2792 sibi
2909 2728 3191 2792 tantam
3247 2720 3597 2815 gratiam,

2051 2860 2193 2910 nec
2234 2835 2459 2910 etiam
2504 2834 2690 2908 illud
2745 2835 2883 2908 suit
2931 2837 3356 2910 secundum
3417 2860 3606 2934 ope-

2053 2952 2389 3027 rationes
2448 2974 2901 3026 communes
2964 2952 3132 3045 Dei,
3187 2952 3357 3028 ideo
3419 2952 3608 3026 dici-

2053 3080 2178 3145 tur
2236 3093 2541 3145 summa
2625 3070 2889 3167 gratia
2963 3072 3251 3144 assumi
3335 3080 3612 3146 natura

2056 3192 2423 3281 humana,
2462 3186 2641 3284 quia
2697 3186 2895 3261 inter
2934 3188 3193 3261 omnia
3233 3188 3383 3262 alia
3423 3188 3612 3262 illud

2059 3305 2356 3381 excedit
2448 3304 2691 3400 magis
2759 3313 3136 3401 quantum
3205 3305 3300 3380 ad
3358 3315 3611 3380 actum

2058 3422 2448 3521 primum3
2514 3429 2765 3494 tamen
2828 3420 3137 3495 habitus
3191 3422 3331 3497 iste
3391 3423 3614 3495 datus

2060 3546 2515 3635 sequeretur
2572 3535 2840 3610 ordine
2907 3545 3205 3612 naturae
3274 3561 3619 3636 assump-

2060 3655 2377 3729 tionem.

2159 3771 2269 3845 Ad
2368 3769 2701 3844 rationes
2794 3770 3110 3845 alterius
3197 3770 3609 3869 opinionis,
3678 3793 3755 3843 Aa
3790 3790 3935 3866 opta.

2063 3891 2234 3965 dico
2277 3888 2479 3987 quod
2519 3913 2672 3963 non
2715 3892 3090 3988 sequitur,
3152 3916 3305 3965 non
3367 3901 3615 3989 potest
3679 3868 3915 3968 2⁵32?

2066 4033 2159 4083 ex
2226 4030 2305 4081 εθ
2339 4006 2622 4081 elevari
2656 4006 2748 4079 ad
2790 4008 3312 4104 operationem
3353 4009 3609 4098 talem,
3645 3983 3940 4095 ωῑῗῗζξρξξζ

2069 4124 2322 4222 qualis
2382 4133 2492 4197 est
2554 4123 2911 4218 gratuita,
2957 4126 3077 4199 vel
3123 4125 3320 4217 frui,
3385 4125 3619 4221 igitur

2072 4252 2351 4316 natura
2391 4264 2482 4314 ex
2524 4263 2604 4313 se
2649 4264 2803 4313 non
2849 4249 3095 4337 potest
3152 4265 3318 4315 esse
3361 4242 3622 4340 dispo-

2074 4359 2248 4451 sita,
2297 4365 2378 4429 ut
2417 4355 2514 4429 sit
2546 4355 3098 4453 assumptibilis
3154 4379 3197 4429 a
3228 4357 3623 4454 supposito

2077 4474 2368 4566 divinO,
2414 4471 2598 4569 quia
2638 4473 2950 4570 operari
2980 4473 3310 4570 qratuz'te
3360 4483 3473 4548 est
3511 4498 3628 4548 ac-

2077 4601 2201 4683 tus
2267 4589 2683 4683 secundus,
2747 4599 2821 4664 et
2878 4589 3104 4664 debet
3152 4613 3319 4665 esse
3387 4590 3629 4689 ipsius

2080 4708 2496 4807 operantis,
2558 4708 2688 4781 scd
2781 4708 3467 4806 assumipertinet
3537 4710 3632 4784 ad

2082 4834 2337 4899 actum
2400 4824 2730 4921 primum
2793 4828 3458 4922 supernaturalem
3517 4826 3637 4925 ip-

2084 4942 2246 5015 sius
2304 4949 2628 5033 naturae,
2692 4949 2766 5014 ct
2806 4949 2920 5014 θεῖ
2953 4940 3193 5038 ipsius
3234 4966 3637 5017 assumen-

2087 5058 2230 5151 tis3
2283 5080 2498 5129 nunc
2566 5066 2822 5149 autem
2883 5057 3059 5132 licet
3115 5082 3444 5156 operans
3502 5084 3636 5135 su-

2085 5172 2679 5272 pernaturaliter
2721 5197 2871 5247 non
2907 5174 3148 5272 possit
3178 5198 3344 5250 esse
3406 5201 3497 5251 ex
3555 5201 3634 5252 sc

2088 5290 2558 5365 sufficienter
2627 5290 3110 5388 dispositum,
3175 5302 3424 5368 tamen
3497 5294 3633 5388 sic,

2089 5417 2172 5483 ut
2238 5408 2556 5506 recipiat
2633 5417 2880 5482 actum
2954 5410 3288 5506 primum
3367 5435 3641 5509 super-

2088 5527 2573 5619 naturalem,
2648 5525 2866 5599 aliter
2919 5525 3124 5599 enim
3167 5537 3280 5601 est
3328 5552 3641 5624 proces-

2088 5665 2222 5717 sus
2256 5642 2327 5715 in
2372 5641 2755 5714 infinitum
2803 5642 2876 5714 in
2927 5645 3362 5744 recipiendo
3396 5667 3637 5718 unum

3730 1311 3834 1379 10.

3639 1427 3716 1479 Ad
3738 1427 3900 1491 quin-

3881 5948 4228 6215 f.

3561 1482 3578 1518 '
3618 1496 3748 1542 tum.
3798 1489 3928 1539 Gra·
4009 1529 4014 1536 .
