4295 6326
426 1082 532 1146 10.

363 1199 597 1245 instatur

317 1260 619 1322 dupliciter.

647 443 778 511 56⁴

641 637 793 711 ,per
838 612 1335 688 Sacramenta
1408 636 1635 687 novae
1677 612 1913 708 legis3
1970 620 2043 686 et
2093 611 2203 685 sic

660 742 976 827 possent
1068 731 1348 829 exponi
1435 730 1952 816 auctoritates,
2031 752 2208 827 quae

664 846 1025 921 videntur
1092 872 1372 944 negare
1443 848 1684 946 ipsam
1759 871 1984 945 posse
2026 847 2208 920 dare

666 963 1018 1058 gratiam.

767 1081 1076 1174 Contra,
1116 1082 1703 1157 Sacramentum
1748 1091 1862 1157 est
1899 1081 2207 1177 signum

670 1196 968 1285 efficax,
1028 1223 1255 1273 suum
1317 1199 1705 1294 signatum
1786 1221 2213 1297 repraesen-

672 1323 869 1409 tans,
906 1328 980 1389 et
1010 1340 1315 1414 semper
1356 1318 1649 1391 liabens
1690 1341 1946 1391 secum
1980 1337 2211 1389 suum

670 1432 1086 1528 signatum,
1153 1444 1528 1531 quantum
1590 1444 1704 1508 est
1760 1458 1851 1508 ex
1909 1456 2029 1524 se3
2075 1431 2209 1505 sed

666 1546 1166 1622 Circumcisio
1209 1560 1323 1622 est
1354 1548 1939 1622 Sacramentum
1970 1576 1989 1640 ;
2026 1569 2209 1643 ergo

664 1665 897 1739 habet
954 1689 1218 1740 secum
1300 1666 1619 1761 gratiam
1696 1666 1905 1740 illam
1977 1688 2209 1763 quam

663 1778 943 1875 signat.
992 1780 1143 1855 Sed
1186 1781 1432 1876 gratia
1480 1780 1804 1855 minima
1831 1802 2213 1875 augmen-

669 1905 894 1990 tatur,
961 1896 1162 1971 sicut
1201 1906 1275 1971 et
1330 1896 1576 1993 gratia
1627 1896 1984 1989 maxima,
2030 1918 2206 1969 cum

663 2012 819 2085 sint
895 2012 1238 2109 ejusdem
1310 2012 1628 2087 rationis
1668 2011 2002 2086 distinct.
2082 2011 2199 2083 17.

661 2127 851 2202 libri
917 2128 984 2202 1.
1059 2153 1242 2226 ergo
1302 2128 1801 2204 Circumcisio
1869 2128 1948 2201 in
2008 2151 2206 2225 quo-

660 2267 995 2342 cumque
1078 2255 1527 2342 augmentat
1582 2245 1947 2343 gratiam3
2019 2267 2204 2340 ergo

659 2363 786 2436 dat
857 2362 1304 2457 minimam3
1363 2387 1545 2461 ergo
1606 2386 1758 2437 non
1819 2359 2205 2458 significat

660 2476 823 2551 dari
860 2477 1282 2552 minimam.

758 2594 1215 2691 Respondeo
1285 2596 1489 2693 quod
1568 2594 1753 2670 satis
1807 2592 2203 2669 certitudi-

661 2710 934 2784 naliter
965 2709 1373 2807 significat,
1404 2712 1528 2785 vel
1556 2710 1879 2807 gratiam
1912 2718 2096 2783 tunc
2119 2710 2194 2782 in

658 2824 863 2922 fleri,
932 2826 997 2901 si
1052 2850 1207 2901 non
1267 2828 1362 2901 sit
1419 2828 1639 2916 obeX‚
1707 2828 1829 2901 vel
1875 2836 2059 2900 tunc
2118 2826 2196 2898 in

664 2967 850 3036 esse,
907 2944 1105 3019 sicut
1146 2946 1207 3018 si
1259 2946 1495 3020 Beata
1532 2944 1768 3041 Virgo
1811 2945 2078 3018 suisset
2119 2943 2195 3017 in

658 3064 1157 3161 conceptione
1184 3063 1318 3136 filii
1340 3065 1614 3162 adepta
1637 3063 2197 3162 plenitudinem

656 3180 952 3276 gratiae,
990 3204 1220 3278 quam
1265 3182 1473 3256 Deus
1513 3181 1582 3256 ei
1615 3181 1952 3256 decrevit
1981 3181 2192 3270 dare,

654 3305 918 3393 postea
978 3298 1040 3370 si
1094 3298 1381 3394 recepit
1442 3298 1951 3394 Baptismum,
2015 3298 2196 3371 nul-

656 3414 804 3487 lam
868 3414 958 3487 de
1001 3438 1202 3487 novo
1252 3414 1537 3512 recepit
1585 3414 1935 3510 gratiam.
1975 3414 2194 3501 Quod

654 3539 910 3604 autem
963 3530 1267 3604 additur
1307 3531 1398 3605 de
1439 3540 1853 3627 augmento
1894 3531 2190 3626 gratiae,

653 3669 921 3720 verum
967 3657 1076 3721 est
1117 3647 1323 3745 quod
1347 3647 1578 3741 justis
1627 3646 1703 3738 in
1759 3647 2193 3744 receptione

650 3762 1025 3859 Baptismi
1060 3774 1390 3859 augetur
1420 3741 1688 3860 gratia.

747 3880 1245 3955 Circumcisio
1279 3905 1459 3954 vero
1485 3904 1659 3955 cum
1683 3905 1915 3978 perse
1945 3879 2191 3977 primo

651 3998 1029 4072 conferret
1073 3997 1466 4071 minimam
1511 3997 1864 4093 gratiam,
1901 3997 1960 4070 si
2005 4016 2194 4095 prae·-

653 4113 791 4187 fuit
846 4113 1085 4209 major
1151 4113 1395 4208 gratia
1453 4113 1530 4186 in
1601 4113 1971 4208 subjecte,
2036 4137 2189 4187 non

649 4230 1294 4326 augmentabatur
1363 4254 1495 4328 per
1570 4231 1890 4327 gratiam
1962 4231 2189 4305 aliam

648 4348 929 4422 virtute
986 4347 1459 4422 Sacramenti
1533 4347 2189 4440 CircumcisioniS,

648 4464 826 4539 licet
873 4474 1414 4561 augmentetur
1463 4464 1708 4560 gratia
1746 4466 2193 4563 praecedens

538 4577 549 4586 ⁶
653 4603 742 4656 ex
791 4582 1091 4676 merito,
1130 4583 1248 4656 vel
1312 4581 1589 4655 virtute
1631 4582 1912 4678 operis,
1977 4580 2192 4655 verbi

655 4700 927 4796 gratia,
975 4699 1049 4771 in
1092 4700 1508 4792 Abraham,
1601 4709 1735 4773 aut
1791 4699 1870 4771 in
1925 4723 2014 4772 eo
2059 4697 2193 4795 qui

654 4815 924 4889 habuit
1028 4815 1393 4912 majorem
1505 4815 1857 4910 gratiam,
1957 4838 2191 4911 quam

650 4915 1021 5027 parvulus
1109 4931 1637 5022 circumcisuS,
1713 4956 1864 5005 non
1952 4930 2193 5005 valuit

648 5049 1232 5123 Sacramentum
1338 5049 1431 5121 ad
1528 5048 2185 5144 augmentandum

643 5169 963 5265 gratiam
1003 5169 1077 5240 in
1113 5193 1251 5260 eo;
1293 5167 1531 5241 valuit
1563 5179 1847 5260 tamen,
1892 5178 1963 5242 et
1993 5193 2191 5264 aug-

576 5365 583 5370 ,
646 5286 1035 5359 rnentabat
1065 5284 1386 5380 gratiam
1423 5283 1588 5380 ejus
1618 5309 1710 5358 cx
1742 5308 1970 5382 opere
2003 5307 2190 5381 ope-

642 5402 913 5494 rantis,
987 5411 1061 5475 et
1136 5424 1413 5495 magno
1487 5401 1755 5475 merito
1835 5401 2028 5497 ejus,
2106 5410 2186 5475 ut

639 5520 1078 5596 obedientia
1160 5519 1521 5615 perfecta,
1606 5543 1758 5618 qua
1835 5528 2183 5617 prompte

641 5638 1079 5712 humiliavit
1132 5659 1211 5710 se
1253 5636 1661 5733 praeceptis
1695 5637 1860 5711 Dei.

2025 440 2267 508 LIBRI
2314 438 2433 512 lv.

2417 611 2841 707 Dupliciter
2889 635 3071 709 ergo
3113 623 3360 711 potest
3390 614 3537 689 dici
3579 615 3858 690 Sacra-

2319 740 2664 803 mentum
2771 729 3397 830 Circumcisionis
3506 742 3854 830 respectu

2323 844 2996 919 Sacramentorum
3032 871 3254 922 novae
3281 849 3471 945 legis
3499 872 3652 923 non
3689 872 3864 923 con-

2324 963 2516 1037 [erre
2557 963 2908 1058 gratiam.

2423 1078 2592 1153 Uno
2701 1081 2954 1174 niodO,
3053 1091 3366 1179 propter
3460 1082 3856 1157 minimam

2320 1196 2675 1291 gratiam,
2792 1220 3023 1294 quam
3130 1199 3420 1274 confert
3513 1209 3858 1297 respectu

2323 1312 2646 1387 aliorum
2719 1313 3420 1388 Sacramentorum.
3494 1316 3661 1389 Alio
3713 1340 3867 1389 mo-

2322 1425 2447 1518 do,
2506 1425 2689 1523 quia
2758 1449 2914 1500 non
2973 1428 3265 1502 confert
3331 1429 3652 1524 gratiam
3714 1428 3866 1502 cui-

2321 1566 2653 1640 cumque
2701 1566 2795 1617 ex
2844 1542 3126 1617 virtute
3187 1544 3675 1637 sacramenti,
3733 1544 3864 1619 sed

2318 1658 2599 1733 virtute
2636 1659 2908 1733 meriti.
2943 1661 3028 1733 In
3061 1659 3576 1734 Sacramentis
3607 1670 3862 1735 autem

2317 1801 2543 1852 novae
2612 1778 2805 1874 legis
2871 1790 3198 1875 augetur
3227 1780 3473 1876 gratia
3530 1779 3607 1852 in
3667 1803 3865 1876 quo-

2317 1914 2676 1989 cumque,
2714 1915 2869 1965 non
2902 1902 3155 1967 tamen
3186 1916 3324 1991 per
3358 1893 3664 1967 modum
3699 1917 3864 1968 me-

2316 2007 2468 2101 riti,
2527 2009 2659 2083 sed
2700 2008 2981 2083 virtute
3050 2009 3554 2103 Sacramenti,
3611 2033 3863 2107 quan-

2314 2134 2814 2222 tumcumque
2880 2148 3162 2222 magna
3221 2125 3622 2223 praeccdit3
3668 2134 3740 2199 et
3797 2125 3858 2199 si

2312 2264 2468 2315 non
2489 2251 2865 2339 augeatur
2881 2266 2974 2318 ex
2998 2242 3267 2317 merito
3288 2244 3408 2318 vel
3433 2267 3662 2340 opere
3688 2266 3861 2341 ope-

2314 2358 2583 2452 rantis,
2627 2359 3044 2434 dummodo
3098 2360 3478 2458 recipiens
3519 2384 3673 2435 non
3720 2363 3860 2434 lia-

2309 2474 2484 2549 beat
2548 2485 2836 2551 motum
2907 2477 3373 2551 contrarium
3433 2478 3665 2571 bono,
3720 2500 3857 2551 nec

2309 2592 2617 2666 accedat
2638 2591 2889 2687 fictus,
2909 2593 3159 2668 adhuc
3184 2604 3510 2690 augetur
3528 2594 3672 2669 sibi
3695 2619 3860 2690 gra-

2310 2709 2413 2783 tia
2444 2733 2537 2784 ex
2569 2710 2645 2782 vi
2686 2710 3206 2797 Sacramenti-3
3255 2734 3395 2785 nec
3440 2710 3856 2808 requiritur

2309 2827 2385 2900 in
2466 2827 2932 2925 suscipiente
2987 2839 3202 2903 actus
3264 2829 3700 2903 meritorius
3758 2830 3852 2903 ad

2308 2944 2452 3016 hoc
2493 2942 2697 3041 quod
2739 2944 3059 3039 gratiam
3106 2943 3448 3042 recipiat,
3495 2945 3627 3018 sed
3679 2956 3852 3018 tan-

2311 3067 2467 3133 tum
2527 3060 2945 3157 requiritur
2997 3061 3336 3135 delectus
3375 3060 3644 3135 obicis.

2400 3179 2514 3251 Ad
2555 3178 2879 3276 primam
2948 3179 3348 3272 rationem,
3404 3178 3571 3253 dico
3637 3181 3840 3277 quod
3991 3205 4104 3270 11,

2303 3292 2671 3390 Magister
2710 3319 2862 3369 non
2908 3295 3089 3370 dicit
3129 3295 3205 3368 in
3240 3295 3839 3370 Ci‘rcuincisione
3873 3320 3951 3369 Aa
3998 3335 4207 3393 argum.

2302 3433 2454 3483 non
2490 3411 2820 3485 conferri
2852 3412 3173 3507 gratiam
3198 3411 3724 3497 absolute,sed
3761 3413 3835 3485 in
3873 3397 4206 3510 ρξίἓζῗξξῖἐ,

2302 3527 2872 3623 comparatione
2905 3528 2999 3601 ad
3041 3528 3563 3624 Baptismum5
3602 3531 3835 3627 etlioc

2301 3643 2610 3740 quidem
2664 3667 2932 3718 verum
2976 3655 3114 3719 est.
3154 3645 3289 3720 Vel
3333 3646 3552 3720 aliter
3593 3656 3838 3745 potest

2299 3758 2475 3853 dici,
2523 3761 2726 3857 quod
2769 3785 2922 3834 non
2985 3763 3278 3836 confert
3318 3764 3626 3838 cuilibet
3659 3790 3840 3859 gra-

2305 3877 2479 3950 tiam
2525 3877 2800 3953 virtute
2851 3878 3352 3972 Sacramenti,
3401 3882 3598 3956 sicut
3634 3885 3840 3980 Bap-

2301 3993 2596 4068 tismus.

2397 4114 2509 4186 Ad
2588 4115 3047 4209 secundum,
3109 4140 3282 4190 cum
3366 4117 3547 4190 dicit
3631 4119 3955 4214 quodAd
3989 4166 4179 4202 secun-

2302 4229 2800 4305 Sacramenta
2831 4256 2985 4305 non
3015 4232 3420 4307 conserunt
3451 4234 3598 4307 nisi
3631 4236 3838 4331 quod
3961 4218 4111 4265 ‘¹⁰⁸¹’

2300 4344 2635 4441 signant,
2693 4356 2766 4420 et
2806 4347 3304 4422 Circumcisio
3357 4349 3545 4422 nihil
3590 4351 3842 4446 signat

2302 4465 2449 4538 nisi
2494 4467 3125 4541 emundationem
3170 4492 3213 4541 a
3244 4479 3555 4565 peccato
3609 4471 3842 4566 origi-

2303 4582 2486 4674 nali,
2538 4582 2706 4655 dico
2741 4583 2944 4681 quod
2991 4607 3131 4658 nec
3177 4584 3616 4681 Baptismus
3659 4611 3842 4660 nos-

2301 4710 2415 4773 ter
2465 4701 2718 4796 signat
2782 4702 3069 4799 aliquid
3152 4704 3294 4777 nisi
3367 4705 3841 4780 ablutionem

2302 4819 2581 4893 animae
2615 4845 2658 4894 a
2690 4829 3027 4918 peccate,
3057 4831 3130 4895 et
3166 4832 3412 4896 tamen
3451 4824 3843 4922 principa-

2301 4935 2470 5009 liter
2511 4935 3052 5011 instituebatur
3085 4948 3231 5011 tam
3287 4940 3377 5012 ad
3423 4940 3836 5038 positivum

2300 5053 2883 5147 conferendum,
2929 5078 3157 5152 quam
3207 5056 3671 5153 privativum
3730 5083 3839 5133 re-

2299 5171 2791 5244 movendum.
2867 5172 2976 5245 Ita
3044 5171 3134 5246 de
3203 5173 3827 5250 Circumcisioue.

2391 5287 2502 5360 Ad
2536 5288 2874 5380 tertium,
2921 5288 3088 5362 dico
3122 5290 3326 5386 quod
3369 5315 3639 5366 omnes
3680 5292 3833 5368 illae
3894 5299 3978 5349 Ad
4015 5299 4174 5350 testi·

2296 5404 2788 5479 auctoritates
2882 5401 3226 5501 Magistri
3316 5417 3390 5483 et
3473 5411 3825 5501 aliorum,
3862 5426 4172 5547 “32⁶2thAE

2296 5541 2472 5615 quae
2512 5520 2775 5593 dicunt
2799 5522 3294 5598 Sacramenta
3327 5527 3607 5602 veteris
3641 5530 3831 5627 legis
3864 5551 4052 5600 dieunt
4083 5551 4199 5601 sa-

2292 5636 2737 5732 promittere
2825 5638 3178 5734 gratiam,
3241 5651 3314 5715 et
3391 5668 3544 5719 non
3614 5647 3823 5739 dare,
3890 5620 4209 5733 ξῗῖῗιῗῖῗιιῗο
