4295 6326
391 2595 453 2660 1.

279 2707 601 2777 Argument,

316 2781 570 2833 primum.

357 3639 554 3689 Secun-

388 3703 538 3754 dum.

368 4354 587 4404 Contra.

639 427 763 497 100

2052 418 2293 488 LIBRI
2341 417 2433 491 11.

1411 959 2561 1120 DISTINCTIO
2669 957 3095 1109 XXI.

1033 1528 1439 1609 QUAESTIO
1493 1526 1786 1596 UNlCA.

650 1729 900 1796 Utrum
950 1727 1270 1814 primum
1321 1734 1678 1812 peccalum
1739 1721 1899 1789 Adae
1962 1721 2200 1809 potuit

1153 1855 1293 1903 esse
1340 1830 1618 1902 veniale
1655 1831 1689 1897 ⁴?

644 2078 840 2134 Ateus·
872 2076 926 2130 2.
960 2093 1019 2147 p.
1055 2091 1104 2145 q.
1143 2073 1261 2127 120.
1297 2089 1349 2126 m
1379 2071 1433 2125 6.
1469 2071 1531 2125 D.
1580 2067 1785 2124 Thom.
1838 2085 1875 2123 1.
1922 2083 1975 2138 p.
2059 2108 2072 2121 .
2105 2065 2195 2120 89.

717 2166 770 2204 a.
802 2150 855 2202 3.
895 2153 956 2203 D.
991 2148 1206 2201 bonav.
1236 2145 1323 2199 hic
1350 2161 1402 2198 a.
1435 2142 1489 2196 3.
1524 2159 1576 2213 q.
1614 2158 1652 2195 1.
1705 2139 1976 2195 Richard.
2042 2141 2116 2192 ιίσ
2140 2155 2195 2193 α.

713 2221 766 2277 3.
819 2236 869 2291 q.
912 2236 950 2276 ι.
991 2222 1169 2288 Mayr.
1217 2233 1269 2286 q.
1317 2218 1370 2270 2.
1423 2215 1590 2268 Gabr.
1633 2213 1687 2267 d.
1741 2214 2108 2282 22.q1.·arc.
2140 2210 2195 2264 3.

719 2292 868 2347 Alm.
900 2295 971 2347 tr.
1009 2292 1061 2346 3.
1089 2305 1234 2344 mor.
1266 2303 1389 2358 cap.
1432 2286 1523 2339 22.
1566 2292 1623 2339 et
1666 2299 1865 2339 omnes
1911 2280 2194 2337 scotistoe.

718 2367 894 2435 Vasq.
930 2379 966 2417 1.
999 2379 1054 2431 p.
1086 2361 1227 2431 disp.
1250 2359 1374 2414 148.
1408 2361 1559 2414 Scot.
1594 2358 1651 2410 in
1685 2355 1857 2411 Oxon.
1893 2354 2000 2409 hic.

748 2573 967 2646 Circa
1067 2568 1637 2644 distinctionem
1739 2564 2193 2661 vigesimam

648 2691 979 2792 primam
1045 2687 1419 2787 quaeritur
1472 2685 1720 2783 primo
1785 2708 1799 2757 ε
1919 2683 2192 2757 Utrum

637 2810 987 2908 primum
1041 2811 1447 2903 peccalum
1530 2801 1779 2900 primi
1858 2799 2192 2873 hominis

633 2924 894 3024 potuit
929 2923 1173 3021 fuisse
1201 2926 1603 3019 peccatum
1643 2915 1969 2992 veniale.

741 3041 959 3129 Quod
1002 3039 1135 3113 sic.
1197 3035 1656 3135 Rectituxdini
1722 3031 2189 3107 innocentiae

645 3159 890 3256 magis
1001 3163 1380 3255 repugnat
1505 3152 1849 3245 mortale,
1953 3172 2184 3247 quam

640 3276 942 3351 veniale
1002 3302 1021 3367 ;
1089 3272 1324 3368 igitur
1390 3269 1454 3345 si
1510 3269 1843 3368 primum
1942 3265 2190 3363 potuit

643 3392 875 3467 fuisse
925 3390 1270 3481 mortale,
1323 3387 1564 3460 multo
1614 3384 1878 3458 fortius
1943 3381 2187 3479 potuit

643 3510 878 3585 fuisse
921 3506 1246 3581 veniale.

743 3626 960 3716 Item,
1033 3622 1128 3696 ab
1180 3629 1518 3695 extremo
1596 3617 1674 3691 in
1759 3626 2185 3690 extremum

647 3743 731 3816 fit
768 3739 1137 3815 transitus
1171 3760 1304 3835 per
1351 3735 1715 3827 medium,
1776 3760 1823 3805 1.
1868 3732 2185 3830 Plzysic.

655 3857 724 3929 5.
771 3853 1087 3953 Plzysic.
1143 3860 1215 3924 ec
1255 3850 1372 3923 10.
1409 3847 1753 3945 Metaplz.
1819 3847 1967 3920 Sed
2028 3868 2195 3943 pec-

652 3985 905 4050 catum
973 3969 1277 4044 veniale
1335 3978 1450 4041 est
1550 3965 1884 4039 medium
1995 3965 2196 4038 inter

658 4090 971 4165 mortale
1041 4095 1114 4161 et
1156 4083 1532 4181 justitiam
1593 4111 1611 4176 3
1686 4082 1918 4179 igitur
1983 4081 2197 4178 prius
2300 4137 2303 4142 .

656 4205 1002 4307 peccavit
1032 4200 1458 4276 venialiter.
1502 4297 1510 4302 .

758 4322 1240 4422 Oppositum,
1311 4339 1538 4392 omne
1609 4325 2004 4412 peccatum
2087 4322 2202 4388 est

660 4450 926 4518 contra
976 4435 1509 4512 rectitudinem
1571 4432 1888 4506 rationis
1946 4440 2021 4504 et
2063 4455 2202 4503 vo—

658 4558 999 4644 luntatis,
1037 4555 1256 4629 aliter
1292 4574 1445 4624 non
1516 4558 1717 4623 esset
1770 4557 2195 4646 peccatum.

660 4680 807 4754 Sed
865 4697 1091 4750 omne
1137 4671 1471 4770 primum
1516 4675 1911 4766 peccatum
1975 4666 2200 4765 primi

659 4794 994 4870 hominis
1035 4786 1469 4864 necessario
1521 4784 1989 4882 corrupisset
2041 4807 2243 4858 rec-.

659 4913 1064 4989 titudinem
1152 4903 1468 4980 rationis
1543 4912 1615 4976 et
1692 4901 2108 4976 voluntatis
2181 4928 2198 4994 3

659 5035 808 5107 tale
876 5053 1032 5102 non
1101 5024 1347 5123 potuit
1414 5044 1581 5096 esse
1640 5020 1787 5093 nisi
1853 5020 2200 5110 niortale3

596 5225 602 5231 ,
660 5149 918 5246 igitur,
955 5153 1096 5218 etc.

759 5269 973 5349 Item,
997 5259 1205 5334 omni
1234 5265 1541 5355 peccato
1575 5255 1897 5328 debetur
1946 5254 2209 5350 aliqua

665 5405 893 5483 poena
938 5406 954 5465 ;
993 5376 1124 5451 sed
1169 5370 1537 5471 quamdiu
1579 5370 1819 5443 Adam
1855 5394 2003 5442 non
2026 5393 2208 5466 pec-

667 5509 912 5579 casset
954 5493 1400 5584 mortaliter,
1430 5489 1696 5562 luisset
1722 5488 2203 5584 immortaliS,

664 5630 738 5698 et
793 5612 1082 5691 tamdiu
1137 5609 1277 5683 fuit
1353 5605 1721 5679 immunis
1779 5628 1824 5679 a
1887 5630 2114 5704 poena
2184 5636 2202 5702 3

2286 4552 2718 4626 ,ferioribus
2769 4584 2783 4642 ;

2314 1390 2548 1487 igitur
2577 1388 2913 1487 primum,
2960 1395 3357 1485 peccatum
3422 1386 3858 1460 necessario

2316 1507 2456 1581 suit
2490 1506 2834 1580 mortale.

2891 1775 3281 1833 SGHOLIUM.

2382 1949 2682 2006 Sententia
2714 1946 2961 2018 Alcime,
2995 1951 3051 2004 et
3079 1947 3145 2004 D.
3178 1948 3408 2003 Thomae
3441 1953 3525 2003 est
3566 1948 3858 2020 negativa.

2310 2040 2614 2096 Refutatur
2672 2039 2879 2111 primo,
2931 2038 3068 2111 quia
3122 2038 3355 2109 justitia
3403 2038 3704 2110 originalis
3737 2055 3854 2093 non

2299 2131 2589 2202 jungebat
2635 2129 2994 2186 voluntatem
3074 2131 3184 2204 Delo
3263 2129 3600 2200 perfectius,
3678 2146 3858 2202 quam

2307 2221 2497 2292 gratia
2528 2220 2589 2274 Β.
2615 2220 2896 2292 VirginiS,
2936 2219 3353 2289 velBeptistae,
3388 2224 3445 2275 et
3495 2225 3718 2291 poterat
3763 2236 3857 2276 ve-

2310 2310 2542 2366 nialiter
2597 2327 2727 2366 esse
2784 2309 2842 2365 in
2899 2310 3030 2366 istis
3085 2311 3204 2381 (sed
3252 2314 3404 2365 Deus
3436 2311 3858 2382 specialissime

2306 2401 2555 2471 protexit
2611 2399 2939 2472 virginem).
3001 2399 3291 2467 Secundo,
3366 2406 3591 2472 poterat
3670 2401 3855 2457 Adam

2305 2489 2494 2560 primo
2526 2490 2777 2562 proferre
2807 2490 3047 2546 verbum
3077 2489 3356 2546 otiosum.
3410 2489 3664 2546 Resolvit
3715 2506 3854 2563 ergo

2304 2578 2514 2635 Doctor
2568 2580 2832 2652 potuisse
2910 2580 3098 2650 primo
3175 2596 3446 2652 peccasse
3525 2578 3852 2649 venialiter,

2301 2668 2779 2739 transgrediendo
2810 2669 3148 2733 eonsilium,
3193 2667 3273 2723 vel
3320 2676 3689 2739 praeceptum,
3744 2685 3851 2723 cu-

2292 2756 2390 2827 Jus
2422 2757 2649 2813 violatio
2683 2775 2798 2815 non
2830 2763 3058 2830 separat
3087 2776 3120 2814 a
3161 2758 3294 2814 fine.
3338 2759 3433 2814 Sic
3478 2774 3542 2814 se
3597 2757 3854 2829 explicat

2300 2843 2455 2899 infra
2500 2842 2638 2900 dist.
2702 2844 2790 2902 41.
2846 2845 2944 2900 ubi
3005 2845 3179 2900 habet
3230 2845 3451 2902 veniale
3483 2861 3611 2901 cese
3646 2852 3851 2901 contra

2304 2936 2679 3004 praeceptum.

2397 3146 2694 3221 Dicitur
2724 3148 2817 3221 ad
2878 3149 3414 3247 quaestionem,
3461 3150 3665 3247 quod
3704 3149 3848 3248 pri·

2300 3288 2514 3339 mum
2590 3275 2987 3363 peccatum
3080 3266 3263 3341 Adae
3357 3292 3506 3340 non
3598 3270 3846 3366 potuit
3946 3295 4146 3359 Opinio

3874 3360 4095 3410 Alensis
4126 3365 4186 3407 et

3876 3424 3933 3475 D.
3957 3423 4215 3473 Thomae.

2301 3380 2532 3455 fuisse
2602 3381 2927 3474 veniale,
3009 3383 3193 3479 quia
3279 3384 3580 3459 veniale
3686 3410 3836 3460 non

2298 3497 2545 3594 potuit
2602 3520 3095 3595 corrumpere
3166 3499 3373 3574 illam
3429 3501 3840 3597 justitiam,

2300 3613 2483 3710 quia
2523 3613 2712 3687 nihil
2787 3615 2930 3688 nisi
3020 3617 3336 3692 mortale
3396 3618 3848 3716 simpliciter

2302 3730 2599 3804 avertit.
2634 3730 2904 3827 Neque
2940 3733 3183 3828 potuit
3215 3742 3415 3808 stare
3445 3758 3618 3808 cum
3676 3737 3849 3832 jus-

2303 3849 2467 3923 titia
2489 3849 2844 3945 originali
2880 3860 3276 3948 peccatum
3307 3854 3636 3944 veniale,
3666 3856 3850 3953 quia

2304 3975 2487 4041 tunc
2528 3976 2785 4065 posset
2838 3977 3037 4042 stare
3087 3992 3261 4043 cum
3346 3970 3843 4049 beatitudine.

2405 4085 2621 4178 Item,
2666 4085 3142 4161 deordinatio
3193 4088 3472 4162 virium
3551 4089 3857 4165 inferio-

2308 4224 2479 4275 rum
2515 4224 2664 4273 non
2727 4209 2977 4298 potest
3035 4212 3235 4277 stare
3296 4228 3469 4278 cum
3548 4230 3857 4282 summa

2309 4316 2789 4390 ordinatione
2831 4317 3109 4391 virium
3146 4320 3632 4418 superiorum
3665 4351 3681 4416 ;
3720 4324 3855 4398 sed

2309 4443 2707 4532 peccatum
2745 4434 3042 4510 veniale
3112 4436 3193 4510 fit
3261 4438 3337 4510 in
3382 4439 3679 4515 viribus
3729 4443 3853 4515 in-

2852 4552 3086 4649 igitur
3144 4577 3299 4628 non
3379 4567 3627 4654 potest
3686 4560 3853 4636 sieri

2313 4676 2557 4742 stante
2591 4668 2965 4766 superiori
3010 4670 3357 4766 portione
3418 4671 3495 4746 in
3552 4699 3859 4752 summa

2314 4786 2767 4861 rectitudine
2813 4814 2832 4880 3
2879 4787 3010 4861 sed
3074 4789 3325 4863 omnis
3376 4791 3858 4870 deordinatio

2315 4903 2389 4976 in
2434 4928 2796 5002 suprema
2865 4904 3213 5001 portione
3279 4918 3393 4982 est
3459 4923 3858 5006 peccatum

2318 5022 2663 5095 mortale.

2412 5137 2716 5227 Contra,
2757 5161 2908 5211 non
2956 5139 3364 5235 perfectius
3431 5144 3861 5243 conjunge·
3940 5170 4233 5221 Potuisse

2262 5256 2444 5330 0bat
2493 5256 2793 5353 justitia
2850 5256 3249 5352 originalis
3314 5259 3650 5357 primum
3719 5267 3862 5341 ho—

2322 5373 2604 5447 minem
2635 5372 2900 5446 ultimo
2934 5370 3098 5467 fini,
3138 5396 3366 5471 quam
3401 5380 3646 5474 gratia
3688 5406 3859 5478 gra-

2324 5498 2480 5563 tum
2572 5489 2855 5563 faciens
2950 5488 3276 5586 alicujus
3360 5492 3705 5593 viatoriS,
3783 5511 3862 5575 ut

2319 5605 2564 5681 beatae
2602 5605 2942 5702 Virginis
2985 5608 3103 5681 vel
3169 5607 3374 5682 Petri
3415 5639 3435 5705 3
3501 5615 3635 5688 sed
3704 5640 3860 5693 non

3890 5233 4065 5282 Adam
4120 5237 4264 5297 pri«

3890 5309 3975 5346 mo
4002 5309 4264 5358 peccas

3889 5373 3947 5409 ee
3974 5360 4257 5471 vauri-ali·
