4295 6326
654 460 785 527 556

660 630 835 706 dam
877 632 1275 730 dispositio
1322 633 1570 708 activa
1627 639 1978 729 respectu
2044 630 2214 727 ejus

663 772 755 825 ex
784 750 1135 846 pactione
1178 750 1467 844 divina,
1512 749 1709 823 sicut
1736 748 1881 847 ipsi
1916 755 2214 844 ponunt

663 866 755 940 de
789 877 1060 941 ornatu
1098 896 1116 961 3
1185 893 1367 966 ergo
1402 868 1631 942 hahet
1687 867 2058 939 rationem
2103 865 2216 939 ef-

663 983 996 1059 ficientis
1044 995 1120 1060 et
1176 985 1401 1060 activi
1495 994 1843 1082 respectu
1914 983 2209 1079 gratiae.

664 1102 922 1175 Minor
961 1111 1185 1209 patet⁶
1242 1125 1379 1200 per
1447 1102 1884 1200 exemplum
1940 1109 2014 1174 et
2078 1122 2217 1196 per

668 1215 1071 1289 rationem.

448 1340 512 1405 9.
767 1334 915 1407 Per
954 1335 1393 1432 exemplum
1433 1332 1588 1408 sic:
1632 1331 1995 1407 Meritum
2028 1354 2220 1404 con-

314 1451 637 1577 ngoffigfjgss
668 1451 964 1524 ceditur
995 1452 1278 1526 habere
1357 1462 1788 1548 respectum
1852 1448 2216 1524 efficaciae

312 1579 621 1649 acquiratur
669 1568 998 1665 alicujus
1040 1578 1391 1665 respectu
1472 1566 1799 1665 praemii,
1859 1566 2040 1663 quia
2081 1589 2218 1663 per

314 1653 632 1704 praemmm.
669 1685 1025 1758 meritum
1070 1684 1494 1781 acquiritur
1542 1683 1976 1781 praemium,
2012 1692 2086 1757 et
2121 1693 2220 1754 ta-

668 1826 844 1877 men
880 1824 1021 1875 nec
1054 1801 1767 1892 instrumentaliter,
1826 1823 1968 1873 nec
2001 1799 2220 1896 prin-

668 1920 1016 2017 cipaliter
1062 1928 1327 1993 causat
1385 1920 1722 2017 aliquam
1775 1916 2220 2015 dispositio-

666 2059 842 2110 nem
881 2059 924 2109 a
982 2058 1062 2109 se
1131 2044 1484 2132 respectu
1543 2034 1890 2131 praemii3
1956 2032 2218 2106 verius

663 2152 871 2228 enim
934 2151 1380 2226 conceditur
1434 2150 1638 2248 quod
1712 2149 1979 2223 merita
2031 2150 2220 2224 fece·

661 2278 845 2344 runt
876 2268 1126 2367 ipsum
1163 2269 1499 2357 beatum,
1538 2290 1771 2366 quam
1803 2266 2007 2363 quod
2049 2266 2215 2364 ipse

659 2387 837 2462 fecit
876 2409 956 2459 se
999 2386 1361 2478 beatum3
1429 2409 1612 2481 ergo
1656 2384 1723 2458 si
1766 2384 1892 2457 ille
1925 2383 2055 2481 qui
2091 2383 2217 2456 in-

662 2503 872 2578 ducit
892 2503 1472 2600 dispositionem
1502 2526 1652 2575 non
1671 2500 2079 2574 habentem
2105 2523 2217 2575 ra-

660 2620 950 2695 tionem
994 2620 1354 2718 receptivi
1394 2627 1740 2718 respectu
1775 2618 2067 2711 formae,
2114 2618 2220 2690 di-

662 2749 880 2814 catur
918 2739 1203 2813 hahere
1233 2736 1655 2812 efficaciam
1701 2745 2048 2833 respectu
2078 2736 2219 2809 sor-

663 2879 836 2950 mae,
858 2856 1150 2931 sicuttu
1171 2855 1395 2953 ponis
1427 2854 1519 2929 de
1543 2877 1771 2953 aqua,
1807 2854 2015 2951 quod
2045 2865 2220 2928 cau-

660 2984 774 3049 set
817 2974 1138 3070 gratiam
1182 2973 1263 3046 in
1313 2970 1597 3060 anima,
1653 2971 1893 3063 multo
1973 2971 2217 3067 magis

662 3092 1248 3168 Sacramentum
1301 3098 1376 3163 et
1423 3087 1714 3163 ablutio
1749 3087 2218 3161 instrumen-

659 3209 862 3302 talis,
908 3230 1084 3304 quae
1116 3215 1229 3281 est
1278 3205 1677 3302 dispositio
1708 3203 2027 3279 ulterior
2055 3228 2214 3279 non

661 3324 741 3397 in
785 3322 1081 3397 ratione
1152 3319 1545 3417 receptivi,
1631 3319 2014 3394 diceretur
2073 3318 2216 3394 ali-

662 3463 816 3537 quo
875 3438 1099 3511 modo
1168 3459 1487 3511 causare
1564 3435 1918 3530 gratiam,
1978 3444 2051 3510 et
2110 3435 2218 3510 ita

663 3554 1090 3629 secundum
1125 3554 1325 3625 hanc
1356 3551 1560 3625 viam
1624 3551 1921 3625 facilius
1964 3559 2217 3650 potest

662 3669 1026 3745 sustineri
1082 3668 1581 3743 Sacramenta
1638 3666 1818 3741 dare
1887 3667 2211 3762 gratiam

661 3810 894 3886 quam
929 3786 1354 3860 secundum
1409 3783 1742 3882 priorem
1783 3783 2017 3877 viam,
2074 3808 2217 3881 po-

661 3907 919 3982 nendo
946 3914 1055 3978 tot
1086 3905 1439 3979 absoluta
1461 3903 1538 3976 in
1564 3926 1767 4001 aqua
1789 3911 1863 3976 et
1903 3902 2164 3977 anima
2189 3928 2207 3995 3

663 4034 737 4099 et
768 4026 912 4097 hoc
945 4032 1060 4098 est
1100 4020 1304 4121 quod
1338 4020 1520 4094 dicit
1571 4019 1943 4116 Magister
2010 4020 2216 4093 mul-

660 4141 1045 4240 tipliciter,
1092 4163 1248 4213 non
1289 4137 1384 4212 ab
1433 4137 1625 4236 ipsis
1692 4136 2214 4212 Sacramentis

662 4268 777 4333 est
807 4257 1078 4354 gratia,
1116 4256 1252 4330 sed
1283 4278 1329 4329 a
1367 4254 1529 4328 Deo
1575 4276 1711 4352 per
1742 4253 1934 4350 ipsa.

761 4375 977 4465 Item,
1023 4371 1371 4446 alteratio
1448 4370 1893 4467 praecedens
1952 4369 2217 4444 induc-

658 4492 950 4566 tionem
986 4491 1249 4563 tormae
1302 4487 1830 4562 substantialis
1871 4510 2218 4561 necessa-

663 4608 775 4682 rio
809 4631 963 4681 non
1023 4629 1157 4704 per
1196 4628 1278 4680 se
1339 4604 1798 4679 terminatur
1864 4603 1957 4678 ad
2028 4604 2218 4694 sub-

663 4725 1052 4816 stantiam,
1099 4735 1180 4798 ut
1221 4723 1313 4797 ad
1345 4744 1480 4819 per
1510 4744 1591 4794 se
1632 4721 2046 4796 terminum
2093 4721 2216 4793 in·-

664 4844 1114 4933 trinsecum,
1152 4842 1284 4916 sed
1328 4841 1420 4915 ad
1480 4840 1920 4937 qualitatem
1972 4840 2049 4911 in
2093 4863 2213 4932 ea,

667 4970 740 5034 et
771 4969 1021 5032 tamen
1074 4957 1351 5031 dicitur
1411 4956 1669 5052 aliquo
1716 4956 1937 5028 modo
1983 4978 2220 5028 causa

666 5075 1147 5169 substantiae,
1239 5098 1393 5147 non
1501 5074 1864 5148 formalis.
1971 5074 2214 5166 Patet,

667 5194 851 5293 quia
916 5203 1098 5265 tunc
1177 5190 1605 5265 substantia
1681 5199 1881 5264 esset
1948 5212 2085 5287 per
2135 5212 2217 5263 se

670 5309 1000 5409 qualitas
1038 5335 1054 5395 ;
1094 5331 1234 5382 nec
1277 5306 1562 5399 finaliS,
1618 5306 1799 5404 quia
1855 5305 2220 5404 praecedit

669 5451 838 5502 eam
878 5453 893 5512 ;
941 5449 1081 5498 nec
1138 5422 1579 5514 materialis,
1675 5421 1856 5518 quia
1908 5421 2216 5518 quando

667 5542 1101 5620 substantia
1142 5540 1553 5626 inducitur,
1599 5551 1781 5615 tunc
1824 5546 2069 5612 cessat
2113 5539 2222 5610 al-

668 5674 742 5738 te
760 5660 995 5755 ratio;
1033 5683 1214 5756 ergo
1259 5668 1341 5733 ut
1380 5657 1778 5755 dispositio
1820 5657 2069 5732 activa
2108 5678 2220 5730 re-

2078 455 2319 524 LIBRl
2365 457 2485 525 lv.

2318 630 2626 705 ducitur
2673 632 2766 705 ad
2809 655 3121 705 causam
3165 629 3621 704 efficientem
3659 655 3678 721 3
3725 650 3866 701 nec

2320 746 2463 822 ista
2494 749 2890 846 dispositio
2919 750 3167 825 activa
3210 757 3558 846 respectu
3607 748 3868 821 formae

2319 866 2846 940 substantialis
2913 876 3176 941 causat
3243 866 3580 962 aliquam
3623 863 3871 959 dispo-

2320 983 2675 1058 sitionem
2729 982 2956 1057 aliam
3013 1008 3057 1057 a
3114 1007 3194 1058 se
3265 992 3610 1080 respectu
3660 980 3868 1053 illius

2320 1099 2799 1191 substantiae,
2885 1100 3017 1174 sed
3091 1123 3226 1198 per
3294 1099 3500 1172 illam
3570 1096 3870 1169 violen-

2321 1226 2472 1291 tam
2507 1217 3001 1310 activitatem,
3035 1241 3264 1314 quam
3301 1216 3555 1299 habet,
3585 1214 3742 1310 agit
3774 1213 3867 1286 ad

2321 1333 2846 1409 inductionem
2879 1334 3087 1409 illius
3112 1332 3588 1408 substantiae.
3641 1329 3871 1403 Simi-

2322 1452 2493 1525 liter
2545 1451 2624 1525 in
2693 1452 3110 1550 proposito,
3175 1453 3673 1526 Sacramenta
3713 1471 3868 1520 non

2322 1579 2642 1645 causant
2676 1571 2753 1643 in
2786 1571 3071 1663 anima,
3111 1572 3226 1645 vel
3285 1571 3364 1643 in
3407 1593 3486 1643 se
3529 1569 3868 1665 aliquam

2320 1690 2903 1787 dispositionem
2945 1689 3037 1764 ad
3071 1691 3407 1787 aliquem
3456 1687 3870 1762 terminum

2323 1817 2671 1903 respectu
2707 1806 2973 1902 gratiae
3005 1821 3287 1904 praeter
3316 1806 3594 1902 seipsa.

2422 1922 2781 1996 Probatio
2823 1946 2959 2020 per
3001 1923 3372 1996 rationem
3429 1931 3658 2018 patet,
3704 1918 3869 1994 elfi-

2323 2039 2535 2113 ciens
2567 2061 2897 2113 causans
2963 2039 3546 2136 dispositionem
3606 2036 3700 2110 ad
3743 2035 3872 2109 ali-

2322 2179 2550 2253 quem
2588 2157 3034 2249 ter-minum,
3071 2157 3351 2230 dicitur
3391 2179 3710 2231 causare
3753 2155 3871 2253 ip-

2321 2296 2491 2346 sum
2579 2272 3023 2367 terminum,
3133 2295 3287 2345 non
3399 2272 3866 2366 immediate,

2322 2387 2505 2484 quia
2544 2399 2810 2462 causat
2839 2388 3416 2486 dispositionem
3449 2417 3467 2482 ;
3499 2389 3627 2462 sed
3667 2391 3867 2486 quod

2324 2513 2436 2579 est
2469 2527 2702 2578 eausa
2743 2503 3048 2602 prioris,
3124 2527 3276 2576 non
3329 2504 3607 2578 dicitur
3639 2528 3871 2580 causa

2323 2619 2797 2718 posterioris,
2828 2619 2974 2693 nisi
3008 2620 3223 2719 prius
3254 2621 3350 2694 sit
3390 2644 3624 2695 causa
3664 2621 3872 2696 illius

2322 2736 2800 2836 posterioris,
2836 2738 3034 2811 sicut
3075 2761 3405 2811 causans
3439 2739 3534 2825 B,
3573 2763 3725 2812 non
3770 2739 3875 2812 di·

2323 2855 2520 2928 citur
2573 2878 2809 2930 causa
2867 2854 2953 2948 C,
3003 2854 3152 2927 nisi
3199 2854 3274 2927 B
3343 2856 3441 2928 sit
3480 2878 3716 2929 causa
3760 2856 3870 2949 C3

2321 2995 2505 3067 ergo
2538 2995 2713 3047 cum
2756 2971 2966 3045 Deus
3007 2996 3156 3045 non
3203 2981 3467 3047 causet
3505 2972 3580 3045 in
3617 2973 3876 3047 anima

2321 3089 2674 3186 gratiam,
2738 3088 2885 3161 nisi
2917 3112 3053 3186 per
3109 3089 3673 3187 susceptionem
3733 3090 3877 3166 Sa—

2323 3206 2722 3299 cramenti,
2795 3206 2926 3279 illa
3002 3213 3228 3279 erunt
3304 3207 3873 3302 quodammodo

2322 3321 2720 3420 dispositio
2761 3322 3010 3396 activa
3037 3330 3385 3420 respectu
3420 3323 3714 3418 gratiae.

2417 3439 2529 3512 Ad
2571 3448 3027 3534 argumenta
3066 3438 3336 3535 primfe
3382 3441 3862 3536 quaestioniS,
4016 3467 4125 3536 10,

2321 3557 2490 3632 dico
2523 3555 2617 3630 ad
2659 3555 3023 3654 primum,
3105 3557 3310 3654 quod
3371 3555 3871 3634 Sacramenta
3910 3583 3992 3634 Aa
4029 3596 4241 3648 argum.

2321 3672 2684 3746 dicuntur
2714 3671 3106 3747 continere
3130 3674 3482 3769 gratiam,
3531 3682 3612 3746 ut
3651 3675 3872 3770 signa
3909 3649 3958 3695 ¹‘
3983 3646 4245 3711 ‘³⁰⁸³“3'

2321 3787 2668 3864 effectiva
2734 3797 2805 3862 et
2861 3811 3046 3862 vera
3124 3788 3725 3864 demonstrativa
3793 3792 3868 3864 in

2321 3905 2648 4001 signato,
2689 3928 2843 3978 non
2912 3904 3094 4002 quia
3148 3904 3331 3979 dant
3362 3906 3711 4002 gratiam,
3749 3909 3868 3981 vel

2321 4022 2501 4121 quia
2535 4022 2629 4096 ab
2670 4021 2781 4097 eis
2824 4021 2919 4096 sit
2949 4021 3223 4118 gratia,
3267 4022 3401 4097 sed
3460 4047 3502 4097 a
3543 4023 3705 4097 Deo
3737 4048 3873 4121 per

2320 4139 2513 4238 ipsa,
2550 4140 2748 4213 sicut
2786 4139 2968 4214 dicit
2996 4139 3388 4236 Magister.

2418 4257 2531 4331 Ad
2582 4258 3038 4351 secundum,
3093 4257 3263 4332 dico
3333 4258 3539 4355 quod
3595 4258 3872 4333 Sacra-
3905 4273 3990 4322 Ad
4022 4288 4214 4324 secun-

2323 4383 2582 4448 menta
2629 4373 2911 4448 veteris
2958 4374 3149 4469 legis
3216 4398 3370 4449 non
3426 4374 3787 4449 diss'erunt
3827 4398 3871 4448 a
3907 4337 4223 4450 mi‘rfflfiua

2324 4489 2844 4564 Sacramentis
2912 4513 3137 4564 nova}
3209 4490 3400 4585 legis
3483 4515 3619 4589 per
3689 4491 3869 4569 dare
3905 4461 4235 4575 ιὸἒνῖἷιῗιωῗῖ

2324 4606 2676 4705 gratiam,
2749 4615 2823 4680 et
2880 4630 3036 4679 non
3079 4607 3261 4680 dare
3318 4609 3667 4702 gratiam,
3736 4608 3867 4682 sed
3903 4587 4237 4702 ζῖῐῗοξξξὶἷῃ

2322 4746 2460 4821 per
2499 4722 2678 4795 dare
2713 4722 3081 4817 majorem
3133 4723 3451 4818 gratiam
3511 4735 3583 4796 et
3625 4724 3872 4796 mino-
3910 4712 4203 4841 “32253220

2326 4861 2483 4912 rem
2525 4837 2873 4932 gratiam.
2953 4837 3451 4911 Circumcisio
3513 4839 3747 4931 enim,
3801 4850 3873 4912 et

2326 4955 2475 5030 alia
2516 4954 3013 5028 Sacramenta
3055 4954 3329 5047 legalia
3383 4956 3666 5029 (labant
3696 4980 3873 5051 gra-

2323 5069 2537 5162 tiam,
2581 5070 2714 5142 sed
2757 5092 2909 5142 non
2964 5077 3248 5142 tantam
3320 5070 3517 5143 sicut
3568 5071 3876 5168 Baptis-

2328 5212 2526 5281 muS,
2573 5198 2646 5262 et
2685 5188 2833 5262 alia
2866 5188 3360 5261 Sacramenta
3386 5213 3609 5262 novae
3652 5189 3867 5284 legis,

2324 5303 2908 5379 Caeremonialia
2969 5315 3249 5395 tamen,
3315 5314 3386 5378 et
3445 5304 3875 5380 oblationes

2324 5421 2607 5496 veteris
2648 5421 2838 5517 legis
2870 5420 3232 5495 differunt
3265 5445 3309 5495 a
3350 5420 3871 5495 Sacramentis

2325 5561 2549 5612 nova}
2586 5539 2773 5632 legis
2816 5561 2950 5634 per
2979 5538 3160 5611 dare
3194 5548 3267 5612 et
3295 5561 3448 5611 non
3484 5537 3662 5611 dare
3704 5561 3871 5632 gra-

2324 5655 2535 5745 tiam,
2600 5654 2782 5752 quia
2847 5654 3416 5730 caeremonialia
3472 5653 3629 5744 illa,
3690 5678 3867 5754 quae
