4295 6326
479 2550 587 2617 12.

363 2668 582 2729 Argum.
612 2664 675 2717 ’2.

415 2727 646 2780 Goffred.

366 3968 586 4030 Argum.
615 3963 661 4014 3.

685 388 813 456 398

686 560 894 639 sario
993 566 1341 665 sequitur
1442 574 1695 641 actum
1754 566 2222 658 intellectus,

684 682 971 756 cumin
1014 682 1143 759 illo
1188 707 1338 757 non
1391 683 1488 757 sit
1553 683 2221 781 impedimentum.

780 803 869 874 Et
904 826 1077 876 cum
1117 804 1474 879 voluntas
1515 802 1852 877 hominis
1892 802 2231 878 existen-

684 918 780 992 tis
820 918 894 990 in
942 919 1155 1016 puris
1188 920 1667 995 naturalibus
1697 920 1792 994 sit
1824 919 2228 1016 magis‚vel

684 1036 953 1110 saltem
989 1060 1139 1110 non
1179 1036 1433 1111 minus
1469 1037 1709 1114 libera
1738 1060 1970 1136 quam
2006 1035 2229 1109 modo

685 1161 825 1242 est,
864 1176 1015 1225 non
1057 1152 1200 1227 erit
1239 1153 1330 1227 de
1363 1152 1656 1228 ratione
1689 1152 2061 1228 libertatis
2095 1175 2233 1225 vo-

687 1269 1004 1344 luntatis
1036 1270 1240 1366 quod
1275 1294 1427 1343 non
1462 1278 1859 1345 moveatur
1889 1292 2243 1345 necessa·

689 1387 800 1460 rio
833 1387 926 1461 ad
952 1396 1203 1461 actum
1231 1412 1496 1481 suum3
1525 1396 1685 1461 tum
1715 1387 1897 1484 quia
1927 1387 1991 1460 si
2020 1398 2238 1461 actus

686 1502 1114 1577 voluntatis
1168 1527 1321 1577 non
1395 1503 1832 1578 necessario
1886 1501 2238 1599 sequitur

695 1630 947 1693 actum
993 1619 1456 1713 intellectuS,
1504 1629 1686 1694 tunc
1730 1620 1939 1694 Deus
1981 1628 2238 1717 posset

697 1734 941 1808 videri
975 1734 1070 1809 ab
1100 1734 1490 1809 intellectu
1533 1736 1764 1827 clare,
1813 1743 1885 1808 et
1927 1757 2081 1806 non
2135 1732 2242 1805 di-

696 1850 828 1947 ligi
869 1875 913 1925 a
953 1852 1374 1945 voluntate,
1435 1852 1638 1950 quod
1711 1852 1981 1926 falsum
2043 1860 2157 1926 est
2220 1877 2237 1943 3

701 1976 859 2041 tum
893 1968 1074 2064 quia
1123 1970 1482 2042 voluntas
1540 1991 1688 2041 non
1726 1975 1973 2065 potest
2021 1968 2244 2042 aliter

699 2083 1017 2179 eligere,
1063 2083 1214 2156 nisi
1256 2083 1439 2181 quia
1499 2083 1933 2158 intellectus
1997 2091 2245 2180 potest

702 2200 923 2274 aliter
989 2200 1478 2286 sententiare,
1531 2200 1735 2298 quod
1796 2223 1951 2273 non
2012 2208 2240 2291 esset,

704 2316 855 2390 nisi
900 2326 1116 2390 actus
1158 2316 1574 2390 voluntatis
1633 2314 2065 2391 necessario
2121 2339 2249 2390 se-

711 2433 974 2531 quitur
1013 2443 1267 2507 actum
1309 2432 1765 2507 intellectus.

806 2548 1164 2639 Secundo,
1192 2550 1327 2642 sic,
1363 2548 1568 2645 quod
1603 2572 1754 2622 non
1801 2547 1897 2623 sit
1941 2547 2248 2621 habitus

711 2666 787 2739 in
851 2667 1241 2739 voluntate
1321 2664 1661 2747 fruentis,
1730 2664 1912 2761 quia
1967 2687 2252 2738 secun-

711 2784 892 2857 dum
964 2781 1548 2877 Philosophum,
1608 2781 1677 2853 2.
1767 2781 2242 2872 Ethicorum,

708 2922 876 2995 cap.
929 2898 1045 2970 11.
1081 2897 1320 2971 Fines
1342 2903 1520 2970 sunt
1544 2898 1624 2970 in
1665 2895 2102 2994 aqibz'libus,
2137 2898 2251 2970 si-

710 3021 836 3088 cut
885 3013 1286 3111 principia
1337 3013 1419 3086 in
1496 3011 2242 3087 demonstrabilibus.

710 3131 859 3206 Sed
893 3140 1204 3230 propter
1234 3140 1486 3206 actum
1521 3130 1970 3229 speculandi
2004 3130 2250 3228 prima

709 3246 1090 3346 principia
1131 3269 1283 3319 non
1319 3245 1610 3342 indiget
1648 3246 2083 3321 intellectus
2125 3248 2253 3320 ha-

709 3365 900 3457 bitu,
938 3364 1120 3460 quia
1160 3363 1410 3437 statim
1446 3363 1763 3438 assentit
1816 3363 2251 3438 intellectus

710 3479 1216 3580 apprehensis
1247 3480 1618 3566 terminis,
1675 3480 1872 3556 sicut
1901 3480 1966 3556 si
2007 3480 2251 3555 consi-

714 3600 1055 3674 derasset
1103 3622 1194 3673 ea
1238 3606 1546 3673 centum
1598 3598 1868 3686 annis3
1920 3621 2101 3695 ergo
2143 3599 2252 3673 si-

718 3718 998 3793 militer
1027 3717 1119 3791 ad
1161 3717 1571 3792 fruendum
1601 3717 1867 3792 ultimo
1909 3716 2060 3792 fine
2094 3741 2248 3791 non

714 3834 1006 3930 indiget
1039 3834 1395 3907 voluntas
1432 3833 1719 3907 habitu.

811 3950 1060 4025 Tertio
1135 3949 1271 4042 sic,
1328 3950 1419 4022 ad
1482 3950 1695 4023 illum
1754 3958 2035 4037 actum,
2117 3949 2250 4047 qui

714 4092 865 4143 non
945 4076 1060 4142 est
1107 4064 1632 4163 principaliter
1687 4065 2055 4153 intentus,
2116 4065 2250 4140 sed

711 4208 1196 4284 consequens
1230 4183 1756 4281 operationem
1818 4183 2254 4281 principali-

706 4310 821 4377 ter
875 4300 1275 4387 intentam,
1349 4320 1501 4371 non
1582 4306 1879 4394 oportet
1961 4319 2249 4395 ponere

707 4415 1110 4503 habiturn3
1177 4412 1437 4487 fruitio
1516 4421 1633 4485 est
1736 4411 2245 4508 hujusmodi3

708 4553 921 4626 ergo,
957 4538 1101 4604 etc.
1136 4527 1387 4624 Major
1418 4537 1624 4625 patet
1651 4554 1669 4620 3
1704 4526 1954 4600 minor
1983 4527 2253 4625 proba-

707 4657 860 4740 tur,
882 4656 1043 4721 tum
1073 4645 1256 4742 quia
1281 4642 1539 4717 fruitio
1577 4643 1936 4742 importat
1966 4644 2254 4741 quieta-

713 4764 995 4837 tionem
1045 4761 1446 4836 satiantem
1499 4769 1573 4834 et
1617 4761 1982 4836 laetitiam.
2030 4761 2250 4836 Unde

707 4880 1191 4978 Augustinus
1226 4879 1340 4951 12.
1378 4880 1469 4954 de
1500 4878 1764 4952 Trinit.
1813 4903 1977 4977 cap.
2013 4879 2254 4954 Frui-

713 4997 1256 5094 murcoqm'tz's,
1299 4996 1380 5069 in
1432 4994 1703 5094 quibus
1733 4994 2078 5070 voluntas
2117 4995 2254 5071 de-

714 5114 987 5188 lectata
1046 5111 1507 5209 conquiescit
1557 5137 1576 5203 ;
1648 5134 1829 5208 ergo
1894 5111 2255 5210 importat

711 5228 1293 5328 quietationem.
1432 5225 1651 5309 Unde
1810 5228 2248 5317 Psalmista,

2019 389 2278 480 mem,
2311 391 2431 460 111.

2335 571 2462 639 tuo
2501 588 2742 663 ,·ergo
2775 564 2957 640 dicit
3010 564 3354 641 laetitiam
3409 565 3571 642 sive
3625 565 3882 639 delec-

2337 683 2733 757 tationem.
2775 685 2946 758 lstae
2980 693 3233 759 autem
3264 685 3667 782 passiones
3696 707 3883 757 con-

2336 810 2773 898 sequuntur
2860 802 3383 899 operationem
3450 798 3879 875 beatificam

2341 914 2870 1012 principaliter
2938 915 3313 991 intentam
3377 944 3397 1010 ;
3451 938 3659 1011 ergo,
3732 924 3877 989 etc.

2336 1034 2554 1127 Tum,
2632 1034 2815 1133 quia
2875 1044 3092 1109 actus
3151 1034 3434 1109 amoris
3501 1033 3745 1109 tendit
3803 1032 3883 1105 in

2341 1278 2456 1343 est
2481 1267 2678 1342 velle
2711 1277 2784 1343 et
2823 1268 3025 1343 idem
3067 1268 3318 1360 noll33
3375 1270 3545 1344 ideo
3603 1267 3885 1366 aliquis

3917 1020 4241 1069 Amicorum

3916 1082 4057 1132 idem
4074 1082 4239 1138 velle,

2342 1151 2577 1226 alium
2614 1162 2897 1246 actum,
2946 1176 3126 1227 nam
3187 1151 3612 1227 amicorum
3680 1151 3881 1224 idem
3949 1146 4005 1196 id

4006 1159 4207 1259 gaellleue

2343 1385 2594 1483 diligit
2659 1386 2927 1479 alium,
3002 1396 3084 1460 ut
3150 1387 3351 1461 idem
3410 1388 3740 1486 sapiant,
3813 1396 3887 1461 et
3995 1346 4047 1480 ,ι

2345 1502 2547 1577 idem
2606 1513 2842 1600 agant
2906 1504 3028 1578 vel
3120 1515 3588 1602 operentur3
3669 1514 3886 1578 actus

2345 1629 2602 1692 autem
2662 1618 3101 1696 intellectus
3158 1643 3310 1693 non
3354 1620 3462 1693 sic
3520 1619 3765 1694 tendit
3805 1619 3883 1693 in

2343 1734 2572 1817 aliam
2627 1735 3189 1830 operationem,
3212 1736 3346 1812 sed
3386 1748 3500 1812 est
3569 1737 3885 1810 ultimus

2343 1849 2816 1948 simpliciter,
2863 1861 2938 1925 et
2983 1875 3116 1949 per
3173 1876 3661 1952 consequeus
3701 1854 3888 1928 bea-

2349 1965 2626 2059 tificuS,
2699 1976 2776 2041 et
2876 1968 3408 2066 principaliter
3510 1970 3886 2047 intentus.

2346 2083 2636 2157 Fruitio
2695 2094 2974 2170 autem,
3053 2109 3187 2159 seu
3260 2109 3500 2174 amor,
3558 2110 3732 2162 cum
3794 2086 3894 2160 sit
3959 2076 3969 2088 ⁸

2347 2209 2657 2299 propter
2687 2200 2926 2294 aliud,
2972 2201 3143 2277 ideo
3185 2202 3528 2300 operatio
3567 2212 3685 2278 'est
3727 2226 3880 2278 non

2351 2318 2877 2417 principaliter
2929 2319 3267 2414 intenta3
3310 2330 3465 2395 tum
3509 2321 3694 2419 quia
3759 2344 3890 2395 ac-

2351 2446 2474 2511 tus
2506 2437 2980 2534 quicumque
3048 2437 3429 2541 mediante
3488 2438 3772 2513 virtute
3814 2439 3895 2510 in

2351 2552 2722 2650 appetitu,
2760 2546 2875 2627 est
2916 2551 3342 2647 effectivus,
3390 2553 3575 2651 quia
3643 2553 3897 2628 omnis

2353 2670 2664 2744 habitus
2719 2669 2789 2742 in
2838 2670 3176 2768 appetitu
3224 2680 3338 2745 est
3378 2671 3773 2758 electivuS,
3819 2672 3890 2744 4.

2350 2784 2837 2876 Etlzicorum,
2874 2808 3041 2881 cap.
3077 2784 3145 2857 9.
3184 2785 3333 2859 Sed
3367 2785 3619 2859 omnis
3675 2784 3900 2859 habi-

2352 2911 2477 2976 tus
2536 2902 2909 2977 electivus
2963 2913 3077 2977 est
3155 2912 3468 3001 propter
3533 2905 3891 2998 alterum,

2355 3018 2537 3115 quia
2569 3017 2843 3092 electio
2877 3027 2992 3091 est
3023 3041 3322 3111 eorum,
3359 3041 3535 3115 quae
3577 3029 3761 3093 sunt
3800 3019 3894 3094 ad

2353 3132 2583 3210 finem
2624 3161 2642 3228 ;
2687 3134 2816 3209 sed
2854 3157 3110 3209 amare
3150 3142 3262 3210 est
3303 3135 3745 3231 hujusmodi
3782 3159 3899 3210 ac-

2352 3259 2531 3341 tus;
2576 3272 2759 3345 ergo
2802 3259 2913 3322 est
2970 3259 3279 3347 propter
3336 3250 3573 3344 aliud,
3640 3261 3714 3326 et
3762 3275 3898 3349 per

2354 3386 2839 3460 consequens
2869 3386 3019 3437 non
3065 3363 3593 3462 principaliter
3641 3365 3900 3440 inten-

2352 3488 2475 3552 tus
2511 3506 2528 3572 ;
2565 3479 2698 3553 sed
2739 3477 3153 3553 intellectio
3208 3488 3281 3555 et
3351 3482 3897 3579 contemplatio

2351 3605 2466 3671 est
2497 3594 2674 3669 finis
2706 3595 3057 3668 omnium
3097 3596 3474 3670 bonarum
3511 3598 3901 3695 operatio-

2351 3735 2534 3785 num
2572 3713 2691 3785 vel
2740 3710 3158 3795 actionum,
3205 3721 3280 3787 et
3337 3713 3645 3810 requies
3697 3737 3901 3789 sem-

2353 3829 2650 3927 piterna
2685 3856 2703 3921 3
2786 3828 3330 3926 contemplatio
3393 3840 3647 3906 autem
3722 3856 3901 3929 per—

2354 3946 2541 4019 tinet
2573 3944 2664 4018 ad
2700 3944 3183 4042 superiorem
3227 3945 3546 4021 rationis
3604 3948 3902 4045 portio-

2354 4085 2528 4136 nem
2568 4089 2586 4155 ;
2620 4085 2828 4158 erg0,
2874 4071 3017 4135 etc.

2453 4179 2737 4264 Quarto
2808 4178 3057 4274 arguit
3136 4180 3593 4277 specialiter,
3684 4184 3889 4280 quod
3930 4219 4215 4279 Quartum.

2356 4294 2614 4370 anima
2681 4294 2963 4369 Christi
3050 4319 3202 4369 non
3264 4296 3556 4393 indiget
3626 4299 3889 4374 habitu

2356 4421 2666 4510 propter
2724 4412 3152 4500 tuitionem,
3200 4413 3382 4510 quia
3449 4439 3541 4490 ex
3605 4416 3892 4493 unione

2356 4537 2653 4601 naturae
2694 4527 2784 4601 ad
2827 4526 3170 4602 Verbum
3240 4528 3714 4606 sufficienter
3752 4534 3900 4607 ele-

2356 4653 2914 4742 vaturnatura
2991 4655 3448 4743 assumpta;
3530 4648 3664 4722 sed
3741 4672 3896 4722 non

2356 4770 2604 4860 potest
2636 4773 2911 4837 natura
2964 4763 3279 4855 elevari,
3317 4764 3464 4838 nisi
3499 4766 3900 4842 eleventur

2356 4880 2721 4978 potentia}
2806 4879 2899 4954 ad
2985 4880 3510 4978 operationem
3583 4912 3601 4977 3
3684 4909 3893 4981 ergO,

2357 5006 2498 5073 etc.
2547 4998 2767 5073 aliter
2801 4997 3007 5071 enim
3044 4995 3249 5072 filius
3317 4999 3456 5073 Dei
3527 5001 3900 5098 potuisset

2360 5112 2870 5210 assumpsisse
2965 5122 3316 5186 naturam
3412 5113 3903 5190 irrationabi-

2363 5231 2539 5323 lem,
2576 5231 2696 5303 vel
2731 5228 3179 5303 rationalem
3228 5241 3538 5327 peccato
3597 5233 3903 5328 subjec—

713 5342 1570 5427 Psalm.16.Satiab0r,
1608 5367 1779 5417 cum
1812 5345 2259 5442 apparuerit
2361 5357 2542 5432 tam,
2615 5355 2688 5420 et
2751 5369 2886 5443 per
2976 5368 3459 5442 consequens
3552 5348 3901 5424 Christus

696 5461 964 5561 yloria
1032 5468 1188 5536 tua.
1250 5461 1454 5533 Idem
1524 5459 1932 5535 Psalmista
2038 5463 2249 5554 Psal.

718 5581 834 5657 15.
880 5577 1511 5679 Adimplebz'sme
1543 5576 1814 5653 laetitia
1846 5605 2017 5655 cum
2041 5579 2256 5655 vultu

2364 5473 2621 5560 posset
2649 5462 3023 5536 damnari.

2458 5581 2571 5654 Ad
2635 5581 2996 5678 primum,
3040 5578 3320 5690 dicitur
3380 5582 3586 5678 quod
3655 5583 3925 5683 major-

4003 5616 4153 5724 ·13.
4230 5657 4241 5664 -
