4295 6326
1496 371 1722 444 DIST.
1770 373 1961 447 XIV.
2009 373 2429 454 QUAESTIO
2477 378 2565 451 ΙΙ.

3508 380 3637 450 353

81 564 201 617 Una
237 576 401 627 visio·
433 548 513 622 in
570 557 773 639 actu,
811 557 1069 625 tamen
1127 546 1344 644 ponit
1403 570 1638 622 unam
1716 546 1983 623 infini-
2084 550 2377 627 videnti
2419 550 2787 629 Verbum.
2835 554 2988 631 Sed
3026 554 3464 656 oppositum
3519 565 3635 631 est

81 643 147 679 ne
195 640 380 689 omnia

80 691 268 753 viam
297 698 400 751 dir.
436 677 588 761 tam
632 665 709 739 in
752 675 922 741 actu
959 665 1369 752 intensive,
1404 665 1587 763 quia
1626 664 1759 740 illa
1827 690 1981 742 una
2085 664 2178 739 de
2215 666 2474 741 anima
2511 668 2820 758 Christi,
2856 669 3040 766 quia
3071 670 3406 746 essentia
3436 670 3634 745 divi-

435 784 865 860 eminenter
908 781 1249 856 continet
1315 805 1586 857 omnes
1635 782 1806 857 illas
1861 782 1978 855 vi-
2084 805 2183 856 na
2218 768 2481 880 objicit
2528 786 2790 861 omnia
2857 786 3276 863 intellectui
3346 787 3628 863 animae

431 903 692 978 siones
719 901 1098 1000 propriaS,
1142 924 1335 999 quas
1391 901 1647 998 posuit
1713 901 1974 998 opinio
2082 899 2391 994 Christi,
2427 901 2534 976 ita
2585 904 2790 1001 quod
2856 927 2991 1002 per
3039 905 3625 981 conversionem

427 1018 664 1116 prior,
710 1026 783 1093 et
814 1041 968 1092 non
1012 1016 1314 1092 videtur
1340 1016 1735 1115 probabile
1769 1017 1973 1115 quod
2080 1014 2516 1094 intellectus
2592 1020 2874 1096 animae
2932 1021 3211 1096 Christi
3288 1045 3425 1119 per
3477 1023 3627 1096 im-

425 1135 687 1233 aliqua
726 1133 823 1208 sit
853 1132 1047 1208 visio
1117 1132 1195 1206 in
1256 1142 1428 1207 actu
1500 1131 1803 1207 infinita
1852 1132 1977 1207 in-
2077 1131 2378 1230 perium
2433 1136 2882 1233 voluntatis,
2931 1138 3025 1212 ad
3081 1140 3624 1239 quodcumque

76 755 371 816 flcilimum.

183 1363 300 1434 23.

115 1479 334 1531 Tertius

125 1542 349 1595 Raurici

423 1250 722 1328 tensive
755 1249 981 1349 alicuj
996 1249 1516 1326 us‘creaturae.

522 1366 772 1442 Tertio
805 1373 1064 1465 posset
1102 1365 1285 1465 poni
1317 1365 1526 1465 quod
1566 1364 1776 1440 videt
1816 1388 1971 1440 om-

423 1481 555 1558 nia
621 1482 1144 1571 habitualiter,
1183 1490 1262 1557 et
1316 1482 1463 1557 hoc
1529 1479 1960 1580 dupliciter.

2073 1248 2283 1345 quod
2311 1247 2649 1325 Verbum
2682 1251 2916 1347 videt,
2939 1261 3188 1352 potest
3209 1253 3396 1330 illud
3421 1255 3627 1334 vide-

2072 1388 2183 1459 re,
2206 1364 2312 1471 ita
2335 1366 2527 1442 ratio
2553 1369 2783 1444 habet
2812 1393 3040 1446 suum
3070 1371 3453 1468 objectum
3477 1373 3627 1473 pri-

2074 1504 2316 1575 mum,
2353 1490 2437 1557 ut
2465 1480 2807 1560 Verbum
2845 1513 2863 1582 3
2901 1511 3084 1584 ergo
3126 1486 3355 1563 simul
3423 1484 3624 1589 obji-

125 1606 334 1671 opinio.
422 1601 685 1676 Primo
751 1625 894 1700 per
953 1601 1303 1703 habiturn
1371 1599 1517 1676 sibi
1599 1623 1968 1676 concrea-
2069 1598 2384 1674 ciuntur
2424 1600 2569 1676 sibi
2603 1603 2889 1700 omnia,
2926 1606 3058 1681 sed
3101 1631 3256 1680 non
3286 1606 3622 1684 intellec-

58 1944 132 1995 ·2.
157 1948 205 2000 3.
241 1949 384 2014 q.10.

92 2898 348 2956 Quartus.

164 3714 277 3784 24.

72 3828 354 3906 Sententia

88 3906 329 3959 propria.

419 1725 612 1812 tum,
683 1717 891 1816 quod
958 1716 1218 1792 omnia
1283 1716 1500 1805 ¹videt
1551 1715 1630 1801 in
1710 1715 1964 1795 Verbo

423 1832 944 1918 habitualiter.
1018 1834 1168 1913 Sed
1226 1832 1367 1909 iste
1483 1832 1788 1908 habitus
1851 1842 1966 1907 est

418 1951 634 2048 prius
665 1952 687 1974 ⁰
717 1949 1222 2048 improbatuS,
1259 1948 1441 2047 quia
1507 1972 1661 2023 non
1705 1957 1963 2047 posset

418 2091 585 2143 esse
619 2091 822 2143 unus
863 2067 1192 2152 habitus,
1227 2089 1379 2164 quo
1421 2073 1735 2164 possent
1791 2088 1963 2140 om-

416 2184 548 2259 nia
584 2184 856 2278 videri,
901 2207 1078 2283 quoe
1152 2183 1515 2258 videntur
1570 2206 1613 2257 a
1678 2181 1957 2269 Verb0‚

418 2300 566 2375 nisi
599 2310 800 2376 esset
843 2323 1086 2376 unum
1136 2299 1520 2396 objectum
1590 2298 1961 2396 adaequa-

414 2424 577 2490 tum
622 2415 946 2511 habitui,
983 2415 1059 2489 in
1096 2438 1249 2515 qua
1279 2414 1542 2489 omnia
1571 2413 1738 2489 visa
1767 2414 1960 2490 enii-

413 2541 690 2608 nenter
727 2532 1248 2626 continentur,
1286 2541 1361 2607 et
1406 2541 1592 2606 tunc
1634 2532 1774 2606 iste
1817 2533 1960 2607 ha-

413 2646 619 2722 bitus
686 2657 887 2722 esset
954 2654 1305 2746 respectu
1412 2643 1676 2740 Verbi,
1748 2644 1957 2742 quod

413 2760 628 2859 prius
668 2769 782 2837 est
813 2761 1355 2860 improbatum.

510 2878 796 2967 Quarto
827 2887 1078 2978 potest
1110 2876 1467 2975 intelligi,
1504 2877 1709 2977 quod
1749 2876 1958 2952 videt

409 2996 672 3072 omnia
703 2996 1222 3091 habitualiter,
1255 2998 1399 3071 hoc
1467 3004 1610 3091 est,
1645 2995 1723 3069 in
1779 3005 1951 3071 actu

409 3113 688 3213 prim0,
724 3113 922 3190 sicut
984 3114 1279 3190 habens
1345 3111 1746 3189 scientiam
1831 3136 1957 3189 re-

406 3230 714 3306 ducitur
739 3231 989 3330 primo
1031 3231 1125 3307 de
1188 3230 1533 3329 potentia
1594 3230 1957 3306 essentia-

404 3347 486 3443 li,
549 3359 623 3424 et
690 3359 939 3425 tamen
1019 3348 1300 3422 dicitur
1356 3348 1552 3424 scire
1612 3349 1955 3425 habitua-

406 3465 602 3558 liter,
649 3489 822 3541 cum
851 3475 966 3541 est
996 3466 1073 3540 in
1109 3466 1452 3564 potentia
1500 3466 1953 3542 accidentali

405 3581 499 3655 ad
532 3591 787 3656 actum
821 3581 1312 3657 considerare
1347 3605 1523 3656 cum
1557 3584 1742 3656 vult.

501 3697 654 3773 Ista
684 3698 1005 3774 scientia
1063 3705 1178 3773 est
1239 3707 1456 3773 actus
1507 3699 1803 3796 primus
1872 3701 1949 3774 in

406 3817 802 3912 memoria,
839 3826 913 3893 et
935 3819 1163 3892 istum
1198 3817 1505 3892 modum
1548 3827 1801 3894 teneo.
1827 3819 1951 3893 Sic

403 3934 606 4009 enim
643 3935 1080 4010 intellectus
1111 3933 1395 4010 animae
1436 3934 1719 4009 Christi
1747 3934 1953 4012 videt

401 4052 479 4126 in
529 4050 784 4128 Verbo
817 4051 1105 4143 omnia,
1140 4075 1315 4150 quae
1371 4051 1603 4126 habet
1653 4051 1952 4128 virtua-

398 4169 595 4264 liter,
640 4171 787 4245 hoc
819 4177 958 4263 est,
987 4177 1158 4243 actu
1184 4168 1459 4267 prim0,
1489 4168 1769 4266 quiain
1808 4172 1950 4245 hoc

398 4286 604 4384 quod
643 4285 849 4362 videt
885 4282 1228 4360 Verbum
1272 4284 1714 4379 formaliter,
1741 4285 1951 4360 videt

398 4403 658 4479 omnia
720 4402 1233 4489 habitualiter,
1266 4426 1444 4501 quae
1508 4401 1718 4477 videt
1768 4402 1952 4478 Ver-

396 4516 581 4590 bum
613 4516 757 4591 isto
793 4515 1049 4609 mod0‚
1095 4524 1169 4591 et
1194 4515 1382 4590 illud
1418 4515 1623 4614 quod
1657 4523 1771 4591 est
1801 4516 1945 4591 sibi

400 4630 590 4705 ratio
631 4629 945 4705 videndi
985 4627 1359 4724 Verbum,
1413 4637 1529 4704 est
1567 4627 1714 4704 sibi
1753 4630 1946 4705 ratio

397 4746 709 4823 videndi
737 4745 1001 4821 omnia
1040 4745 1192 4820 alia
1221 4745 1302 4819 in
1344 4745 1599 4820 Verbo
1650 4745 1729 4820 in
1771 4757 1943 4822 actu

396 4866 670 4964 primo.
709 4867 801 4939 Et
837 4864 982 4938 isto
1013 4863 1243 4938 modo
1286 4887 1441 4938 non
1475 4874 1591 4939 est
1640 4864 1734 4940 de
1774 4864 1946 4940 aliis

397 4981 832 5075 animabus,
870 4980 1052 5078 quia
1091 4980 1265 5055 aliae
1320 4981 1602 5056 animae
1669 4981 1945 5056 viden-

394 5110 508 5175 tes
546 5097 919 5191 Verbum,
954 5121 1164 5171 nunc
1193 5097 1461 5172 vident
1513 5101 1686 5193 hoc,
1733 5123 1941 5175 nunc

390 5215 656 5290 vident
712 5214 930 5308 illud,
995 5213 1425 5288 secundum
1485 5215 1694 5313 quod
1761 5214 1943 5291 Ver-

388 5332 573 5409 bum
613 5333 781 5406 vult·
846 5329 1178 5429 objicere
1239 5332 1384 5406 hoc
1434 5330 1545 5404 illi
1616 5332 1933 5421 videnti,

390 5459 462 5526 et
501 5449 691 5525 illud
733 5448 951 5525 alteri
992 5448 1288 5523 videnti
1325 5475 1346 5545 ;
1382 5449 1517 5524 sed
1545 5472 1701 5523 non
1739 5450 1941 5546 obji-

389 5566 489 5642 cit
518 5564 748 5641 simul
791 5564 1050 5640 omnia
1110 5588 1287 5664 quae
1324 5564 1566 5660 videt,
1623 5564 1937 5642 cuilibet

568 5709 709 5767 Tou.
748 5706 944 5765 xxm.

2068 1714 2179 1788 tui
2221 1715 2544 1792 aliarum
2578 1718 3039 1797 animarum.

2164 1829 2418 1928 DiceS,
2500 1834 2682 1931 quid
2764 1837 2992 1912 habet
3049 1861 3142 1913 ex
3245 1840 3389 1914 hoc
3474 1838 3619 1915 ista
3648 1856 3966 1932 Qumimbet

2065 1947 2323 2024 anima
2387 1952 2585 2026 ultra
2640 1952 2940 2030 animas
3027 1956 3217 2031 alias
3314 1981 3407 2032 ex
3472 1960 3615 2033 hoc
3646 1935 3934 2059 c-uiyi'si‘i'in

2064 2064 2270 2161 quod
2334 2067 2700 2167 quaelibet
2751 2068 2903 2145 alia
3003 2073 3265 2147 anima
3366 2084 3615 2172 potest
3644 2052 3958 2164 ‘'li-fiisiss‘

2063 2182 2610 2282 quodcumque
2692 2184 2979 2274 videre,
3037 2187 3178 2263 etsi
3261 2213 3419 2264 non
3506 2190 3614 2265 si-
3674 2174 3896 2227 animae.

2063 2297 2293 2375 mul?
2334 2299 2489 2375 Etsi
2539 2300 2741 2374 enim
2821 2303 3255 2401 specialiter
3331 2329 3614 2404 reprae-

2063 2421 2311 2487 sentet
2342 2413 2676 2489 essentia
2706 2415 2968 2492 divina
3017 2418 3164 2492 sibi
3216 2421 3506 2515 omnia,
3537 2433 3613 2498 et

2061 2529 2279 2603 alteri
2340 2530 2649 2627 animae,
2698 2543 2954 2609 tamen
3018 2535 3187 2634 ipsa
3238 2561 3393 2612 non
3472 2563 3612 2637 po-

2061 2654 2206 2720 test
2262 2646 2493 2722 simul
2561 2648 2990 2748 intelligere
3049 2652 3377 2755 infinita.
3417 2657 3605 2732 Dico

2058 2762 2267 2859 quod
2314 2762 2511 2839 sicut
2568 2774 2682 2840 est
2721 2766 2814 2842 de
2872 2770 3187 2866 speculo
3244 2772 3607 2848 volunta-

2060 2878 2203 2974 rio,
2250 2881 2452 2978 quod
2496 2881 2713 2982 ponit
2776 2884 3171 2962 Avicenna
3209 2888 3278 2961 6.
3349 2888 3607 2968 Natu·-

2059 2996 2204 3072 ral.
2234 3005 2443 3096 part.
2491 3000 2560 3073 4.
2599 3025 2763 3099 cap.
2830 3002 2900 3076 6.
2948 3005 3154 3102 quod
3212 3003 3275 3080 si
3345 3006 3607 3084 omnia

2060 3124 2561 3214 repraesentet
2624 3117 2855 3194 simul
2937 3119 3059 3197 cui
3136 3125 3327 3216 vult,
3386 3124 3606 3202 alteri

2059 3256 2242 3307 vero
2297 3257 2451 3308 non
2521 3234 2808 3331 omnia,
2845 3246 2918 3313 et
2977 3236 3041 3313 si
3108 3237 3235 3316 ille
3296 3240 3423 3317 cui
3481 3266 3607 3318 re·-

2059 3358 2503 3447 praesentat,
2541 3376 2694 3427 non
2749 3352 2981 3429 simul
3050 3355 3312 3432 omnia
3363 3359 3599 3457 videt,
3718 3355 3722 3358 ’

2059 3469 2205 3543 hoc
2237 3480 2531 3545 nonest
2560 3469 2710 3545 nisi
2754 3494 2847 3546 ex
2894 3473 3193 3549 defectu
3237 3475 3597 3553 videntis,

2056 3583 2284 3658 Nunc
2350 3595 2606 3660 autem
2698 3588 3140 3685 experimur
3227 3573 3306 3664 in
3377 3593 3603 3668 nobis

2057 3700 2266 3797 quod
2326 3711 2615 3802 quanto
2667 3704 2891 3801 plura
2950 3705 3180 3780 simul
3247 3706 3605 3806 intelligi-

2057 3842 2259 3912 muS,
2294 3828 2505 3896 tanto
2538 3843 2628 3894 ea
2661 3819 3180 3898 indistinctius
3212 3828 3604 3922 cognosci-

2059 3958 2285 4028 mus3
2331 3933 2502 4010 ideo
2571 3959 2746 4010 cum
2815 3937 3073 4012 anima
3149 3940 3428 4018 Christi
3505 3946 3602 4019 sit

2055 4048 2401 4145 ejusdem
2436 4058 2736 4125 naturae
2776 4074 2950 4127 cum
2994 4055 3251 4130 anima
3307 4068 3594 4155 nostra,

2054 4164 2116 4240 si
2164 4164 2469 4241 infinita
2534 4166 2761 4242 simul
2816 4167 3049 4260 videt,
3110 4170 3602 4252 indistinctis-

2056 4281 2248 4358 sime
2274 4306 2365 4360 ea
2417 4282 2647 4359 videt.
2692 4284 2974 4360 Tamen
3028 4285 3174 4362 ista
3228 4290 3458 4367 habet
3494 4294 3600 4368 ul·

2055 4409 2170 4475 tra
2206 4400 2396 4476 alias
2447 4400 2772 4493 animaS,
2823 4404 3030 4503 quod
3077 4404 3286 4481 videt
3343 4408 3599 4487 futura

2051 4516 2128 4590 in
2172 4515 2452 4606 VerbO,
2485 4515 2549 4593 si
2581 4517 2673 4592 ad
2723 4541 2815 4593 ea
2872 4540 2952 4594 se
3003 4532 3423 4620 convertat,
3460 4549 3599 4625 per

2048 4636 2615 4713 Damascenum
2669 4635 2799 4712 lib.
2874 4636 2943 4711 3.
3009 4665 3175 4740 cap.
3254 4643 3324 4716 6.
3435 4669 3592 4721 non

2046 4762 2303 4827 autern
2336 4754 2488 4831 alia
2535 4762 2913 4849 creatura,
2949 4756 3097 4831 nisi
3148 4781 3240 4833 ex
3307 4765 3597 4839 revela-

2043 4869 2252 4943 tione
2293 4869 2634 4968 speciali‚
2678 4880 2811 4945 aut
2883 4894 2975 4946 ex
3045 4873 3592 4958 verisimilibus

2045 4985 2532 5082 conjecturis.

2140 5102 2254 5175 Ad
2340 5102 2673 5201 primum
2794 5104 3243 5204 principale,
3311 5111 3589 5190 dicitur
3731 5152 3815 5223 25

2043 5218 2250 5316 quod
2276 5218 2485 5298 videt
2511 5216 2812 5293 infinita
2841 5221 3335 5302 habitualiter
3359 5232 3584 5307 modo
3614 5270 3697 5322 Ad
3732 5287 3763 5323 ,
3824 5204 3840 5222 ‘

2042 5334 2257 5431 prius
2289 5335 2514 5409 dicto,
2560 5336 2672 5409 Ad
2739 5338 3264 5416 auctoritatem
3335 5346 3585 5423 Philo·
3613 5278 3928 5403 ⁸⁰⁰¹¹⁰r1fffl¹13

2040 5452 2362 5550 sophi2.
2407 5452 2841 5554 Metaphys.
2914 5454 3084 5531 dico
3162 5462 3365 5557 quod
3425 5489 3581 5541 non
3611 5396 3931 5572 1ξὲἒίΨὲῗὲ

2041 5568 2404 5644 convenit
2471 5567 2773 5644 infinita
2838 5576 3330 5669 pertransire,
3403 5579 3591 5658 inci-
3622 5539 3915 5716 eissgffig}

3297 5723 3365 5777 23
