4295 6326
137 823 319 874 Sexto.

96 2221 354 2284 Septimo.

86 5457 357 5519 Improba·

130 5526 229 5570 tur
254 5520 358 5573 haec

71 5586 360 5636 ‘memh-
416 5603 615 5669 esset
686 5592 1128 5670 immediata
1225 5618 1460 5670 causa
1526 5595 1947 5689 volitionis,

1402 394 1627 467 DIST.
1680 396 2036 467 XXXVII.
2090 397 2508 478 QUAESTIO
2555 397 2645 469 ΙΙ.
3496 400 3621 468 193

420 563 860 641 immediate
889 590 1149 661 causa,
1176 592 1331 642 non
1381 570 1730 645 elicietur
1777 572 1962 646 voli-

416 682 521 756 tio
554 682 792 758 libere
831 684 908 757 in
940 687 1338 761 voluntate
1380 699 1659 764 creata.

512 798 902 894 Secundo,
953 801 1301 898 arguitur
1369 827 1459 878 ex
1507 805 1963 901 contingen-

416 915 569 989 tia:
613 916 892 990 Nullus
961 917 1274 994 effectus
1333 920 1587 995 evenit
1663 906 1961 995 contin-

414 1043 685 1127 genter
760 1046 1073 1133 propter
1157 1038 1955 1114 indeterminationem

416 1173 697 1239 causas,
744 1175 920 1250 quae
992 1155 1340 1251 sequitur
1401 1156 1965 1231 determinatio-

413 1289 588 1340 nem
669 1290 924 1343 causae
989 1270 1263 1367 prioris
1314 1296 1329 1358 ;
1393 1272 1525 1346 sed
1620 1272 1683 1346 si
1796 1272 1963 1347 istae

416 1381 592 1456 duae
631 1386 1070 1461 voluntates
1147 1399 1467 1462 causent
1524 1387 1961 1465 immediate

415 1500 894 1590 volitionem,
930 1505 1287 1580 voluntas
1327 1517 1581 1581 creata
1612 1507 1962 1604 sequitur

416 1615 1136 1696 determinationem
1215 1646 1471 1698 causae
1533 1624 1830 1722 primae,
1890 1633 1963 1699 et

417 1755 569 1807 non
615 1756 656 1807 e
725 1744 1042 1831 contra3
1090 1737 1323 1833 igitur
1389 1763 1564 1813 cum
1633 1739 1800 1837 ipsa
1865 1739 1962 1814 sit

418 1848 925 1926 determinata
981 1853 1077 1927 ab
1156 1864 1475 1949 aeterno‚
1535 1855 1726 1930 nihil
1789 1881 1963 1932 con-

424 1965 806 2062 tingenter
882 1970 1193 2045 eveniet
1249 1983 1560 2069 propter
1631 1973 1959 2049 liberum

420 2081 819 2157 arbitrium
854 2096 1221 2161 creatum.

516 2200 763 2274 Tertio
796 2206 1145 2300 arguitur
1176 2229 1267 2281 ex
1290 2207 1583 2281 ratione
1616 2208 1901 2305 peccati
1935 2233 1951 2284 ε

418 2318 498 2396 Si
541 2325 716 2398 duae
750 2342 1007 2424 causae
1049 2333 1369 2397 causent
1415 2321 1766 2398 effectum
1812 2325 1956 2399 ali-

415 2463 645 2538 quem
680 2427 1141 2526 immediate,
1178 2448 1260 2512 ut
1312 2438 1834 2537 principalior,
1881 2452 1954 2516 et

413 2558 670 2633 minus
719 2556 1191 2655 principalis,
1241 2557 1687 2655 principalis
1738 2559 1953 2656 prius

409 2675 860 2750 naturaliter
894 2673 1263 2767 causabit,
1293 2672 1468 2748 licet
1497 2674 1728 2750 simul
1760 2684 1952 2750 tem-

407 2813 637 2889 pore3
683 2791 917 2887 igitur
955 2775 1164 2865 Deus
1197 2789 1412 2888 prius
1445 2799 1723 2866 natura
1767 2815 1954 2867 cau-

409 2908 606 2983 sabit
636 2908 1163 2983 causationem
1199 2932 1415 2983 suam
1453 2910 1950 3006 producendo

403 3026 855 3101 volitionem
933 3049 1163 3124 quam
1216 3029 1618 3120 *voluntas
1695 3037 1951 3103 creata

409 3147 654 3218 suam'.
694 3142 972 3231 Quaero
1023 3142 1256 3240 igitur
1322 3143 1396 3216 in
1460 3142 1603 3219 isto
1680 3144 1945 3243 priori,

408 3268 536 3332 aut
570 3269 835 3335 causat
866 3259 1402 3335 rectitudinem
1441 3260 1521 3334 in
1554 3262 1950 3336 voluntate

407 3400 603 3462 mea,
641 3386 957 3452 autnon
996 3376 1036 3449 ‘2
1066 3376 1146 3451 Si
1187 3377 1325 3471 sic,
1373 3386 1560 3452 tunc
1613 3402 1766 3452 non
1826 3403 1953 3476 po-

406 3501 551 3567 test
594 3496 953 3568 voluntas
1021 3516 1193 3567 mea
1260 3496 1605 3568 causare
1656 3502 1952 3569 contra·

407 3609 634 3704 rium,
659 3610 840 3709 quia
871 3633 1106 3684 causa
1135 3609 1345 3708 prior
1384 3610 1647 3686 fortior
1699 3621 1837 3686 est.
1868 3610 1948 3687 Si

407 3749 560 3799 non
622 3734 887 3800 causat
929 3726 1008 3798 in
1062 3724 1193 3799 illo
1245 3725 1482 3824 priori
1564 3727 1951 3802 rectitudi-

404 3866 617 3937 nem3
652 3841 882 3937 igitur
910 3844 1273 3917 voluntas
1308 3867 1477 3919 mea
1504 3869 1659 3918 non
1702 3854 1951 3943 potest

406 3957 481 4031 in
517 3959 857 4033 secundo
912 3958 1230 4032 instanti
1273 3970 1570 4035 naturae
1630 3984 1947 4038 causare

408 4073 975 4168 rectitudinem,
1012 4074 1195 4173 quia
1225 4076 1286 4149 si
1321 4075 1488 4174 ipsa
1525 4087 1641 4153 est
1683 4077 1949 4153 imme-

406 4189 606 4264 diate
630 4190 725 4265 ab
763 4199 1084 4289 utraque
1127 4214 1386 4286 causa,
1439 4193 1655 4291 prius
1717 4204 1947 4270 natu-

409 4307 667 4383 raliter
741 4308 1088 4384 causabit
1144 4331 1380 4384 causa
1452 4310 1949 4410 principalior

410 4448 641 4523 quam
668 4426 923 4501 minus
954 4426 1428 4525 principalis.

940 4671 1296 4730 SCHOLIUM
1338 4674 1413 4731 11.

476 4820 707 4876 Refutat
762 4818 977 4876 dictam
1036 4820 1410 4887 seutentiam,
1471 4822 1610 4892 quia
1666 4820 1819 4876 tollit
1850 4820 1949 4876 Dei

409 4909 879 4967 omniscientiatn
933 4914 990 4967 et
1034 4910 1542 4980 omnipotentiam.
1596 4912 1698 4967 Hic
1747 4911 1805 4966 in
1836 4916 1951 4968 Re-

410 5005 556 5071 port.
592 5018 704 5057 non
739 4994 884 5057 adeo
915 4999 1164 5057 firmiter
1194 5001 1344 5057 hanc
1376 5001 1583 5072 rejicit,
1635 5005 1700 5058 ut
1747 5002 1804 5058 in
1840 5003 1951 5059 alio

409 5092 625 5162 scripto
655 5092 794 5148 dist.
826 5092 917 5147 37.
945 5099 1156 5161 quaest.
1189 5092 1245 5150 2.
1274 5108 1439 5148 num.
1473 5093 1527 5148 8.
1574 5092 1686 5149 Alii
1743 5092 1952 5149 durius

409 5198 535 5239 eam
564 5189 902 5241 censui-ant.

507 5358 788 5433 Tamen
830 5359 980 5433 alia
1037 5358 1162 5433 via
1215 5358 1521 5434 videtur
1595 5363 1951 5437 concludi

414 5498 548 5573 per
578 5476 914 5552 rationes
932 5475 1337 5572 firmioreS‚
1366 5477 1550 5575 quia
1570 5478 1718 5552 nisi
1742 5479 1952 5555 Deus

602 5740 738 5795 Tou.
780 5738 976 5795 xxm.

2075 583 2531 669 sequeretur
2606 572 2811 670 quod
2896 573 3104 647 Deus
3179 595 3336 647 non
3422 581 3622 647 esset

2076 689 2451 786 praescius
2489 690 2948 781 futurorum,
2985 712 3127 762 nec
3195 688 3418 764 etiam
3457 712 3624 762 om-

2077 806 2460 903 nipotens.
2522 806 2866 880 Primum
2920 806 3297 904 sequitur,
3335 807 3514 904 quia
3558 804 3621 880 si

2074 923 2284 997 Deus
2323 924 2557 998 videt
2600 924 2695 997 ab
2770 934 3059 998 aeterno
3144 924 3619 997 voluntatem

2076 1063 2293 1113 suam
2352 1041 2935 1116 determinatam
3006 1040 3099 1115 ad
3167 1041 3340 1134 hoc,
3414 1040 3618 1138 quod

2074 1158 2316 1233 debeo
2357 1158 2436 1231 in
2465 1158 2593 1232 tali
2639 1182 2845 1233 nunc
2899 1160 3123 1233 talem
3182 1167 3435 1232 actum
3492 1157 3621 1232 eli-

2074 1298 2283 1370 gere,
2330 1276 2581 1350 adhuc
2648 1275 3329 1350 indeterminatum
3379 1284 3494 1350 est
3550 1274 3614 1348 si

2076 1392 2252 1464 volo
2303 1391 2491 1465 illud
2570 1392 2843 1485 facere,
2880 1415 2972 1466 ex
3030 1414 3183 1489 quo
3259 1393 3617 1466 voluntas
3710 1417 3900 1469 primo.

2079 1529 2251 1581 mea
2289 1516 2403 1581 est
2434 1507 2685 1582 totalis
2725 1531 2958 1582 causa
3003 1506 3442 1582 immediata
3479 1532 3619 1581 vo-

2073 1622 2393 1717 litionis,
2430 1632 2500 1698 et
2532 1633 2648 1698 est
2678 1623 2824 1698 sibi
2864 1624 3207 1718 dimissa,
3245 1634 3329 1697 ut
3392 1624 3623 1721 eligat

2074 1741 2248 1833 hoc,
2311 1741 2434 1815 vel
2491 1764 2718 1815 suum
2798 1740 3231 1838 oppositum
3313 1740 3617 1835 libere3

2073 1855 2311 1953 igitur
2350 1879 2821 1955 quamquam
2872 1856 3083 1931 Deus
3136 1856 3453 1931 vidisset
3482 1857 3623 1932 ali-

2073 1997 2305 2072 quem
2367 1984 2620 2049 actum
2663 1984 3079 2049 venturum
3148 1974 3243 2048 ab
3297 1984 3615 2069 aeterno,

2074 2092 2207 2192 qui
2239 2102 2495 2166 tamen
2529 2078 2771 2190 possit
2824 2090 3177 2190 impediri
3248 2115 3384 2190 per
3425 2092 3620 2167 libe-

2072 2232 2243 2283 rum
2296 2208 2725 2301 arbitrium,
2761 2207 3078 2281 omnino
3130 2217 3331 2282 esset
3396 2207 3619 2284 inde-

2070 2325 2566 2400 terminatum
2601 2323 2666 2398 si
2705 2324 2848 2397 hoc
2888 2321 3387 2420 contingeret.

2168 2440 2553 2535 SecundO,
2615 2439 2963 2538 sequitur
3011 2438 3215 2537 quod
3283 2440 3415 2515 illa
3478 2465 3620 2515 vo-
3672 2464 3938 2518 seeundo.

2070 2561 2327 2635 luntas
2367 2558 2644 2633 dicitur
2683 2557 3198 2656 omnipotens,
3233 2562 3392 2633 non
3437 2558 3621 2656 quia

2068 2676 2245 2752 facit
2295 2675 2556 2750 omnia
2617 2699 2793 2774 quae
2843 2675 3007 2748 vult
3074 2673 3272 2771 fieri,
3317 2676 3450 2751 sed
3492 2700 3620 2752 re-

2065 2793 2400 2891 quiritur
2469 2801 2554 2867 ut
2619 2792 2879 2866 omnia
2937 2814 3113 2889 quae
3171 2794 3340 2867 vult
3415 2793 3612 2889 fieri,

2062 2911 2184 2984 vel
2237 2933 2282 2984 a
2331 2933 2441 3003 se,
2478 2909 2600 2983 vel
2642 2908 2737 2982 ab
2780 2907 2930 2982 alio
2971 2906 3161 2982 fiant
3200 2934 3217 2995 ;
3290 2910 3423 2984 sed
3485 2934 3621 3009 per

2063 3026 2287 3101 istam
2346 3025 2581 3115 viam,
2643 3024 2822 3098 licet
2877 3025 3238 3099 voluntas
3311 3025 3453 3102 Dei
3521 3028 3616 3102 ab

2062 3151 2353 3218 aeterno
2401 3140 2774 3217 voluisset
2814 3142 2958 3215 hoc
3006 3138 3205 3236 fieri,
3255 3144 3615 3219 voluntas

2063 3269 2317 3335 creata
2392 3268 2650 3358 posset
2737 3257 3021 3353 eligere
3109 3260 3610 3356 contrarium,

2063 3387 2138 3453 et
2177 3398 2462 3475 ponere
2515 3374 2704 3449 illud
2745 3373 2825 3446 in
2867 3373 3168 3449 effectu.

2162 3494 2378 3587 Item,
2431 3494 2793 3566 voluntas
2861 3500 3115 3566 creata
3180 3503 3428 3591 potest
3481 3495 3616 3570 de-
3698 3526 3899 3580 Temo,

2061 3610 2474 3687 terminare
2538 3632 2619 3683 se
2682 3608 2778 3683 ad
2847 3609 3051 3682 nolle
3106 3608 3324 3684 illum
3385 3609 3617 3687 effec-

2062 3738 2281 3823 tum;
2362 3725 2596 3823 igitur
2645 3725 2853 3800 Deus
2916 3749 3070 3800 non
3127 3737 3385 3824 posset
3427 3752 3615 3804 cau-

2062 3868 2232 3921 sare
2289 3842 2484 3918 velle
2543 3840 3042 3936 contrarium,
3106 3843 3252 3917 nisi
3310 3843 3615 3920 violen-

2061 3972 2254 4038 taret
2310 3963 2840 4054 voluntatem3
2904 3960 3038 4035 sed
3088 3962 3232 4035 hoc
3291 3962 3614 4040 includit

2062 4077 2772 4156 contradictionem.

2158 4196 2348 4271 Dico
2441 4193 2676 4290 igitur
2781 4192 2986 4291 quod
3089 4204 3345 4291 posset
3427 4196 3611 4294 poni
3769 4211 3833 4279 6,
3917 4284 3921 4288 Α

2062 4312 2269 4412 quod
2322 4311 2490 4385 istae
2548 4310 2985 4383 voluntates
3024 4320 3282 4384 essent
3337 4310 3615 4387 imme-
3673 4328 3932 4404 vpnuntae

2062 4432 2264 4506 diate
2332 4429 2604 4505 activae
2664 4436 3011 4524 respectu
3069 4425 3414 4524 ejusdem
3471 4456 3613 4505 vo-
3640 4391 3966 4528 ῗςῗῖἶξιῧέῗ

2066 4546 2386 4641 litionis,
2471 4543 2670 4619 sicut
2742 4552 3119 4641 ponentes
3192 4546 3611 4642 potentiam
3645 4518 3946 4633 ᾱιὲζῖἶῗὲῖ

2065 4686 2234 4740 esse
2266 4662 2619 4749 activam,
2683 4668 3009 4758 possunt
3039 4684 3324 4757 ponere
3356 4674 3616 4762 poten·
3738 4647 3873 4695 ‘⁰¹¹¹‘
3943 4655 3947 4658 Α

2065 4782 2250 4858 tiam
2306 4790 2381 4857 et
2419 4780 2805 4878 objectum
2874 4777 3314 4856 immediate
3355 4805 3612 4880 agere,

2067 4910 2141 4975 et
2181 4907 2476 4997 patrem
2519 4905 2592 4971 et
2630 4905 2950 4970 matrem
2993 4894 3070 4967 in
3114 4897 3616 4993 productione

2065 5016 2332 5115 prolis.
2394 5012 2762 5089 Similiter
2819 5020 3150 5110 quatuor
3208 5026 3389 5089 sunt
3447 5041 3622 5093 cau·

2068 5155 2176 5207 sae
2236 5129 2700 5204 immediatae
2760 5127 2852 5201 ad
2921 5151 3163 5202 unum
3233 5130 3614 5225 effectum,

2067 5248 2252 5347 quia
2290 5246 2481 5321 nihil
2506 5255 2621 5321 est
2660 5241 3177 5319 immediatius
3217 5245 3295 5319 in
3338 5273 3620 5345 genere

2068 5387 2327 5439 causae
2372 5357 2786 5436 materialis
2817 5379 3050 5454 quam
3097 5361 3439 5457 materia,
3476 5388 3619 5440 nec

2072 5480 2151 5553 in
2182 5502 2464 5577 genere
2508 5499 2762 5552 causae
2803 5473 3057 5548 finalis
3118 5498 3348 5573 quam
3411 5478 3612 5571 finis,

2068 5605 2143 5672 et
2184 5608 2437 5671 tamen
2488 5593 2801 5670 effectus
2842 5600 2957 5666 est
3005 5592 3618 5696 uniuscujusque
