4295 6326
57 2002 197 2053 lulla
219 2003 366 2066 igno-

57 2065 236 2115 ·antia
266 2079 350 2115 ex-

57 2143 130 2177 cu
143 2133 235 2177 sat
276 2142 333 2177 εο

57 2191 363 2254 ebaptizari

57 2255 340 2303 scientem.

57 4672 67 4694 ·
104 4674 160 4723 ln
186 4675 352 4724 Oxou.

82 4735 169 4787 hle
208 4752 262 4787 n.
288 4740 333 4790 2.

1482 418 1711 487 DIST.
1761 419 1884 487 VI.
1957 416 2376 499 QUAESTIO
2424 416 2577 485 VII.

57 614 363 725 ξὲυἳὲξῦἒεη
396 600 614 664 cusat
644 590 1328 690 ignorantiajuriS,
1383 591 1567 690 quia
1615 591 1936 689 quilibet

111 737 267 789 facti.

396 707 795 805 baptizans
885 719 1187 785 tenetur
1252 712 1396 782 hoc
1495 732 1586 782 ex
1681 707 1934 782 officio

396 823 618 912 scire,
667 835 737 899 et
770 826 898 899 alii
934 826 1365 901 nescientes
1397 825 1679 899 debent
1707 825 1782 897 in
1819 833 1937 898 ta-

394 940 597 1015 libus
629 942 958 1018 scientes
989 945 1419 1018 consulere.
1494 941 1937 1038 Ignorantia

396 1057 565 1131 facti
604 1066 857 1135 tamen
927 1069 1265 1154 excusat,
1320 1059 1509 1156 quia
1560 1058 1623 1133 si
1682 1058 1937 1133 vetula

394 1177 834 1271 parvulum,
880 1199 1107 1274 quem
1154 1176 1321 1274 ipsa
1352 1175 1567 1274 prius
1606 1175 1938 1272 baptiza-

392 1291 527 1381 vit,
575 1290 842 1368 offerat
895 1293 1290 1368 Sacerdoti
1342 1293 1620 1367 iterum
1684 1292 1938 1391 bapti-

391 1409 751 1504 zandum,
788 1410 952 1508 ipse
985 1411 1217 1486 istum
1271 1411 1669 1509 baptizans
1711 1410 1938 1506 igno-

394 1549 574 1601 rans
609 1526 885 1602 lactum
918 1531 1228 1617 vetulae,
1267 1553 1421 1602 non
1465 1539 1578 1603 est
1635 1527 1937 1625 irregu-

396 1643 605 1731 lariS‚
651 1668 793 1719 nec
840 1655 1141 1721 tenetur
1171 1669 1549 1743 quaerere,
1596 1645 1744 1720 nisi
1778 1669 1938 1719 sus·

396 1760 782 1858 picaretur
811 1786 948 1860 per
989 1762 1140 1836 alia
1197 1763 1445 1860 signa,
1488 1764 1612 1836 vel
1654 1760 1939 1835 indicia

399 1876 655 1975 ipsum
690 1877 904 1975 prius
956 1902 1125 1954 esse
1164 1878 1658 1977 baptizatum.

497 1993 578 2067 Si
641 2005 897 2070 autem
965 1995 1396 2094 suscipiens
1455 1995 1936 2094 Baptismurn

401 2106 625 2182 faciat
676 2132 758 2182 se
812 2109 1091 2183 iterum
1133 2108 1529 2208 baptizari,
1575 2109 1639 2183 si
1698 2108 1939 2184 scien·

399 2232 512 2295 ter
567 2224 709 2297 hoc
772 2223 1022 2318 saciat,
1087 2224 1533 2321 irregularis
1601 2233 1740 2318 est,
1796 2247 1938 2298 nec

396 2349 808 2414 excusatur
838 2341 1275 2437 ignorantia
1307 2341 1533 2438 juris.
1569 2340 1648 2414 Si
1680 2349 1936 2415 autem

395 2456 540 2530 hoc
604 2456 825 2532 [aciat
882 2457 1353 2554 ignoranter,
1427 2457 1780 2534 nesciens
1857 2479 1937 2530 se

395 2596 563 2648 esse
605 2573 1106 2671 baptizatum,
1143 2576 1394 2650 adhuc
1422 2584 1533 2650 est
1575 2575 1940 2671 irregula-

393 2693 524 2766 ris.
566 2692 783 2768 Unde
834 2695 927 2769 de
966 2695 1281 2770 Censeo.
1350 2696 1556 2770 Disc.
1618 2695 1689 2767 4.
1765 2717 1931 2791 cap.

392 2809 527 2907 qui
566 2807 860 2904 bi3,etc.
905 2808 1190 2900 Quibis
1220 2814 1666 2910 iqnoranter
1686 2811 1938 2910 bapti-

391 2928 558 3000 zati
586 2936 785 3014 sunt,
828 2952 982 3003 non
1017 2929 1368 3026 indi-aeut
1392 2950 1540 3027 pro
1587 2953 1670 3004 eo
1692 2929 1940 3027 ρωπί-

390 3048 575 3135 tere,
624 3044 782 3117 nisi
829 3044 1037 3142 quod
1094 3044 1513 3119 secundam
1588 3044 1936 3119 Canones

391 3158 748 3236 ordinari
800 3185 956 3236 non
1022 3168 1374 3260 possunt,
1444 3162 1606 3237 m’si
1655 3186 1936 3260 maqna

389 3274 654 3374 aliqua
684 3279 1095 3354 necessitas
1136 3286 1375 3376 coyat.

475 3391 741 3487 ,DiceS,
789 3395 1180 3470 decretum
1221 3394 1693 3492 intelligitde
1727 3395 1936 3493 igno-

390 3510 642 3585 rantia
671 3509 711 3583 J
725 3511 906 3587 uris.
974 3514 1282 3600 Contra,
1328 3522 1511 3588 tunc
1553 3523 1937 3612 oporteret

390 3652 568 3704 eum
602 3629 1002 3727 poenitere,
1032 3629 1215 3727 quia
1245 3629 1377 3704 illa
1408 3654 1562 3703 non
1590 3640 1930 3726 excusat,

388 3744 561 3818 ideo
603 3768 779 3819 cum
834 3744 965 3820 tali
1036 3746 1401 3821 convenit
1455 3746 1928 3844 dispensare,

389 3862 523 3937 sed
557 3886 730 3936 cum
775 3886 865 3937 eo
907 3864 1039 3961 qui
1073 3874 1186 3939 est
1218 3863 1549 3939 scienter
1593 3865 1934 3962 baptiza-

390 3988 540 4071 tus,
572 4002 724 4051 non
759 3987 871 4053 est
899 3978 1541 4077 dispensandum3
1587 3979 1798 4077 Papa
1828 3988 1935 4054 ta-

392 4119 566 4170 men
612 4097 851 4171 multa
897 4106 1155 4194 posset
1209 4097 1484 4191 facere,
1530 4120 1707 4195 quae
1778 4121 1930 4171 non

388 4214 555 4287 vult
608 4214 880 4289 Iacere.
929 4213 1148 4289 Unde
1186 4214 1359 4290 licet
1399 4215 1933 4297 excommuni-

391 4329 586 4403 catio
621 4353 796 4428 quae
828 4328 913 4402 fit
943 4330 1037 4405 ab
1068 4330 1433 4416 Ecclesia,
1467 4330 1563 4403 sit
1593 4330 1926 4426 gravior,

391 4445 574 4543 quia
639 4456 944 4545 separat
1022 4470 1065 4522 a
1131 4447 1676 4522 communione
1740 4445 1932 4523 fide-

391 4561 607 4649 lium,
669 4571 926 4636 tamen
994 4561 1521 4659 irregularitas
1579 4572 1692 4637 est
1760 4587 1933 4661 per-

397 4679 852 4755 manentior.
896 4681 1009 4757 De
1042 4704 1194 4778 quo
1226 4681 1402 4757 vide
1442 4681 1650 4756 alibi.
1697 4682 1717 4704 ⁰

833 5038 1230 5116 QUAESTIO
1281 5039 1462 5107 VIII.

386 5210 632 5274 Utrum
671 5205 1026 5274 character
1054 5205 1509 5294 imprimatur
1555 5203 1629 5271 in
1688 5205 1925 5291 Bapti-

1045 5322 1197 5382 zato
1227 5313 1258 5377 ἱ)

378 5514 568 5570 Alens.
601 5515 652 5570 4.
684 5514 829 5584 part.
860 5513 1052 5583 quaest.
1084 5508 1173 5565 49.
1209 5525 1371 5564 mem.
1401 5508 1456 5564 6.
1503 5507 1569 5563 D.
1614 5505 1820 5562 Thorn.
1867 5505 1921 5561 3.

443 5589 591 5657 part.
640 5591 837 5656 quaest.
886 5584 976 5637 63.
1023 5588 1130 5638 art.
1180 5581 1234 5635 6.
1292 5582 1353 5635 D.
1407 5584 1717 5636 Bonavent.
1750 5577 1840 5634 hic
1881 5594 1921 5632 ι.

446 5660 592 5730 part.
623 5664 812 5729 quoest.
847 5654 899 5711 4.
925 5652 1200 5710 Richard.
1232 5654 1361 5708 dist.
1393 5652 1447 5708 5.
1472 5660 1581 5707 art.
1619 5651 1674 5707 2.
1720 5648 1918 5706 Palud.

3468 413 3593 482 637

2117 590 2247 647 dist.
2280 591 2334 643 3.
2367 600 2566 662 quaesc.
2598 593 2651 646 4.
2684 590 2849 647 Suar.
2881 591 2936 647 3.
2970 594 3098 646 tom.
3150 589 3280 645 dist.
3334 588 3419 643 11.
3452 587 3598 645 Coc-

2118 664 2243 717 cius
2273 663 2328 716 2.
2361 668 2492 719 tom.
2524 663 2658 719 thes.
2694 663 2792 719 lib.
2823 665 2878 717 5.
2912 670 3025 718 art.
3054 662 3107 718 3.
3156 661 3424 717 Beltarm.
3458 678 3496 715 1.
3528 659 3594 716 de

2121 736 2266 806 bapt.
2301 751 2423 806 cap.
2459 736 2547 790 12.
2581 736 2730 790 Scot.
2763 735 2824 790 in
2858 738 3042 810 Oxou.
3074 734 3162 789 hic
3186 741 3383 805 quoest.
3408 731 3464 788 9.
3585 735 3586 740 ’

2144 943 2513 1039 Arguitur
2543 931 2980 1038 quod'non..
3053 939 3134 1011 In
3198 933 3589 1011 circumci-
3756 956 3817 1023 1,

2048 1059 2263 1134 sione
2298 1081 2449 1133 non
2488 1056 3072 1155 imprimebatur
3135 1055 3529 1127 character
3563 1078 3581 1143 3
3623 1074 3923 1148 Argumen-

2047 1201 2231 1273 ergo
2273 1199 2414 1251 nec
2473 1175 2549 1247 in
2583 1173 3003 1271 Baptismo.
3086 1163 3589 1267 Consequen-
3647 1140 3915 1273 fflffmpssss.

2048 1294 2152 1369 tia
2210 1292 2604 1393 probatur,
2693 1291 2874 1388 quia
2935 1275 3377 1387 Baptismus
3426 1310 3590 1361 suc·
3645 1267 3883 1325 gnavum

2047 1412 2278 1487 cessit
2309 1408 2892 1484 Circumcisioni
2914 1408 3008 1482 ad
3039 1408 3347 1482 eosdem
3374 1400 3621 1480 actus‘

2049 1539 2124 1603 et
2155 1526 2535 1619 effectus3
2595 1549 2779 1621 ergo
2835 1526 2896 1599 si
2965 1525 3362 1599 character
3432 1547 3589 1598 non

2049 1646 2189 1721 fuit
2269 1645 2587 1721 effectus
2689 1641 3343 1735 Circumcisionis,
3451 1664 3594 1715 nec

2047 1763 2449 1861 Baptismi,
2495 1771 2569 1836 et
2610 1784 2746 1860 per
2777 1781 3263 1856 consequens
3310 1758 3372 1832 si
3441 1749 3599 1831 Cir-

2047 1879 2417 1954 cumcisio
2495 1902 2649 1952 non
2731 1875 3120 1975 impressit
3195 1877 3595 1949 characte-

2049 2021 2212 2072 rem
2252 2007 2464 2089 tunc,
2516 2017 2655 2070 nec
2697 1993 3141 2092 Baptismus
3204 1981 3431 2066 modo
3482 1992 3596 2065 fa-

2048 2112 2174 2187 cit.
2248 2111 2728 2204 Antecedens
2803 2105 3198 2207 probatur,
3280 2107 3461 2206 quia
3528 2105 3590 2181 si

2048 2226 2547 2302 Circumcisio
2606 2224 3121 2323 impressisset
3196 2226 3595 2300 characte-

2051 2370 2240 2438 rem,
2286 2343 2789 2434 circumcisus
2843 2365 2996 2416 non
3078 2341 3346 2415 suisset
3401 2338 3594 2437 bap-

2049 2464 2453 2556 tizandus3
2515 2483 3002 2559 consequens
3070 2468 3182 2533 est
3249 2459 3519 2533 falsum
3569 2485 3588 2551 3

2049 2605 2232 2678 ergo
2267 2590 2340 2655 et
2366 2579 2858 2654 antecedens,
2917 2563 3275 2650 Probatio
3317 2598 3596 2650 conse-

2050 2696 2420 2796 quentiae,
2498 2695 2680 2793 quia
2739 2694 2801 2768 si
2880 2692 3376 2767 Circumcisio
3446 2692 3595 2764 im-

2048 2813 2454 2912 pressisset
2507 2814 3060 2902 characterem,
3126 2809 3266 2883 iste
3326 2807 3592 2883 fuisset

2048 2930 2391 3028 ejusdem
2477 2928 2797 3002 rationis
2883 2950 3057 3001 cum
3148 2928 3588 3000 charactere

2044 3047 2418 3148 Baptismi
2456 3075 2474 3140 ;
2520 3047 2652 3122 sed
2706 3046 2856 3120 duo
2900 3044 3325 3119 accidentia
3383 3043 3589 3140 ejus-

2044 3168 2217 3242 dem
2245 3163 2560 3241 rationis
2593 3188 2744 3238 non
2781 3172 3102 3263 possunt
3142 3186 3308 3237 esse
3343 3160 3419 3234 in
3455 3184 3589 3236 eo-

2042 3284 2216 3358 dern
2250 3281 2594 3379 subjecto
2627 3279 2856 3355 simul
2902 3307 2920 3373 ;
2959 3303 3143 3375 ergo
3178 3275 3587 3353 circumci-

2039 3424 2172 3475 sus
2206 3422 2358 3473 non
2395 3406 2642 3497 potest
2670 3395 3067 3492 baptizari.

2138 3519 2352 3602 Item,
2418 3515 2610 3590 fides
2668 3512 3401 3610 distinguitfldelem
3479 3513 3573 3588 ab
3603 3531 3929 3587 seeundum.

2039 3633 2332 3709 infideli
2390 3661 2407 3726 ;
2479 3631 2831 3707 similiter
2889 3630 3221 3704 charitas
3302 3630 3578 3705 distin-

2040 3751 2206 3848 guit
2237 3749 2437 3824 filios
2479 3747 2695 3845 regni
2755 3771 2800 3822 a
2864 3745 3041 3820 fillis
3095 3736 3575 3851 perditioniS,

2040 3879 2114 3944 et
2163 3867 2308 3942 ista
2373 3876 2552 3941 sunt
2607 3864 3088 3939 nobilissima
3143 3863 3220 3937 in
3291 3866 3575 3959 anima,

2042 4008 2217 4082 quae
2249 3993 2503 4058 tamen
2547 4005 2700 4054 non
2768 3980 3220 4078 imprimunt
3261 3983 3583 4057 charac-

2043 4110 2279 4175 terem
2354 4098 2793 4173 distinctum
2853 4096 2928 4169 in
3012 4096 3323 4191 anima3
3397 4121 3580 4195 ergo

2041 4240 2182 4291 nec
2213 4213 2585 4313 Baptismi
2619 4211 3006 4310 susceptio
3049 4214 3279 4287 talem
3308 4215 3585 4289 chara-

2038 4343 2322 4409 cterem
2369 4329 2763 4429 imprimit.
2802 4330 3374 4426 Consequentia
3417 4356 3585 4429 pro-

2041 4450 2292 4542 batur,
2326 4446 2506 4546 quia
2562 4469 2716 4519 non
2759 4443 3212 4542 imprimunt
3260 4447 3584 4522 charac-

2039 4576 2310 4660 terem,
2350 4563 2498 4638 nisi
2566 4571 2877 4661 propter
2918 4546 3187 4636 eorum
3233 4563 3583 4639 nobilita-

2038 4692 2217 4756 tem.

2136 4800 2323 4875 Item
2388 4796 2605 4872 tertio
2651 4820 2666 4870 :
2705 4796 3116 4870 Character
3163 4818 3339 4870 cum
3416 4821 3570 4872 non
3620 4811 3883 4865 Tertium.

2037 4919 2135 4993 sit
2176 4916 2632 5009 substantia,
2678 4912 2861 5011 quia
2908 4913 3000 4988 de
3033 4937 3232 4988 novo
3266 4914 3575 4989 advenit

2037 5040 2364 5135 perfecte
2402 5034 2815 5111 constituto
2885 5031 2961 5104 in
3009 5056 3166 5107 esse
3228 5034 3577 5109 substan-

2037 5152 2219 5244 tiali,
2252 5151 2312 5224 si
2366 5148 2875 5247 imprimatur,
2921 5169 3061 5221 nec
3102 5147 3576 5224 sitaccidens

2035 5266 2577 5365 inseparabile,
2602 5274 2674 5338 et
2696 5286 2832 5362 per
2849 5284 2928 5336 se
2954 5263 3371 5357 inhaerenS,
3394 5265 3578 5361 quia

2032 5396 2214 5460 ‘tunc
2289 5394 2489 5461 esset
2551 5381 2905 5458 accidens
2945 5382 3339 5457 materiale
3386 5370 3577 5457 cau-

2033 5513 2281 5577 satum
2313 5526 2355 5576 a
2388 5497 2786 5600 principiis
2827 5497 3178 5594 subjecti,
3237 5521 3418 5594 ergo
3461 5509 3574 5575 est

2034 5620 2416 5711 accidens,
2453 5643 2589 5718 per
2638 5615 2994 5692 accidens
3044 5616 3436 5692 inhaerens
3503 5627 3577 5693 et
