4295 6326
656 243 786 312 674
2118 235 2398 304 INDEX

1782 792 2323 881 DISTINCTIO
2380 794 2715 870 SEXTA.

657 1259 1018 1331 QUAESTIO
1103 1260 1148 1321 1.
1199 1261 1418 1321 Utrum
1452 1260 1622 1323 solus
1660 1259 1955 1322 sacerdos
2013 1259 2212 1339 possit
2266 1259 2588 1340 baptizare
2598 1304 3357 1322 ........
3375 1315 3383 1323 .
3449 1306 3464 1321 .
3554 1303 3573 1319 .

1077 1360 1152 1419 ll.
1200 1360 1423 1422 Utrum
1457 1359 1665 1422 unitas
1693 1360 1998 1439 Baptismi
2028 1360 2384 1422 necessario
2414 1359 2696 1439 requirat
2746 1359 3049 1421 unitatem
3083 1358 3366 1421 Ministri.
3457 1401 3475 1420 .
3565 1402 3581 1417 .

1044 1459 1149 1518 ΙΙΙ.
1197 1459 1420 1519 Utrum
1454 1465 1746 1537 oporteat
1776 1459 2190 1539 baptizatum-⁶
2207 1477 2341 1521 esse
2367 1456 2759 1538 [distinctum
2790 1476 2827 1520 a
2881 1457 3264 1536 baptizante.
3353 1500 3369 1517 .
3460 1501 3477 1517 .
3567 1501 3586 1517 .

1050 1556 1153 1619 lv.
1202 1558 1422 1619 Utrum
1449 1564 1738 1636 oporteat
1767 1558 1954 1619 simul
1998 1577 2130 1620 esse
2162 1557 2549 1620 ablutionem
2581 1564 2641 1618 et
2663 1556 3080 1635 prolationem
3115 1555 3476 1618 verborum.
3566 1595 3584 1614 .

1078 1658 1149 1716 V.
1199 1659 1420 1719 Utrum
1453 1657 1516 1718 in
1544 1658 1899 1736 baptizante
1932 1657 2292 1736 requiratur
2311 1656 2577 1718 intentio
2608 1656 2819 1718 debita
2842 1657 2920 1718 ad
2943 1657 3062 1718 hoc
3083 1655 3255 1735 quod
3283 1654 3582 1736 baptizet.

1044 1755 1146 1817 v1.
1199 1759 1420 1818 Utrum
1453 1754 1513 1815 iu
1543 1756 1901 1836 baptizante
1950 1757 2314 1836 requiratur
2343 1755 2611 1817 actualis
2657 1756 2921 1817 intentio
2979 1755 3363 1836 baptizandi.
3455 1801 3472 1816 .
3562 1801 3578 1817 .

1006 1854 1137 1913 vll.
1187 1853 1411 1916 Utrum
1468 1854 1818 1935 baptismus
1861 1857 1942 1918 sit
1986 1857 2312 1936 iterabilis,
2347 1864 2408 1918 et
2446 1875 2588 1936 quae
2618 1856 2699 1918 sit
2738 1874 2926 1937 poena
2980 1855 3368 1917 iterantium.
3404 1913 3409 1918 .
3457 1897 3476 1916 .
3565 1898 3581 1915 .

984 1952 1148 2013 VIII.
1186 1954 1409 2015 Utrum
1439 1953 1769 2016 character
1818 1954 2223 2036 imprimatur
2266 1955 2331 2015 in
2380 1955 2711 2035 Baptizato
2719 1998 3585 2017 .........

1037 2052 1139 2112 ΙΧ.
1189 2054 1412 2114 Utrum
1447 2053 1770 2116 character
1814 2055 1894 2116 sit
1929 2054 2141 2135 aliqua
2175 2056 2380 2117 forma
2404 2054 2695 2117 absoluta
2724 2053 2789 2115 in
2821 2053 3033 2116 anima
3041 2096 3588 2114 ......

1067 2153 1140 2213 Χ.
1191 2152 1410 2215 Utrum
1445 2153 1773 2217 character
1834 2155 1913 2216 sit
1957 2158 2019 2216 in
2069 2155 2351 2217 essentiae
2383 2155 2608 2217 animae
2618 2196 3588 2216 ..........

1154 5490 1348 5545 Sancti
1382 5489 1631 5546 Amaudi
1655 5487 1867 5561 (Cher).
1899 5519 1966 5528 —
1998 5487 2077 5543 Ex
2105 5488 2264 5560 typis
2299 5488 2693 5557 DESTENAY.
2736 5492 3019 5547 Bussmau
3061 5495 3345 5549 Fratrum.

3737 1258 3855 1321 622

3746 1359 3868 1420 623

3752 1456 3874 1519 624

3710 1555 3839 1614 ibid
3852 1599 3866 1613 .

3751 1654 3872 1716 628

3705 1754 3831 1816 ibid
3846 1801 3862 1815 .

3749 1855 3871 1916 634

3752 1951 3873 2014 637

3756 2030 3967 2110 646’

3755 2150 3878 2210 655
