4295 6326
1556 478 1784 548 DIST.
1836 480 1890 548 1.
1944 477 2363 558 QUAESTIO
2413 476 2535 545 1v.

453 670 613 723 nuo
676 649 888 726 fluxu
933 662 1007 728 et
1069 651 1274 750 fieri,
1321 664 1402 729 ut
1452 653 1700 729 virtus
1759 677 1996 729 serrae

452 765 574 839 vel
639 766 977 843 dolabrae
1036 769 1116 842 in
1175 772 1535 863 secando,
1607 771 1727 844 vel
1798 770 1999 842 divi-

448 880 760 977 dend03
824 892 897 958 et
964 884 1134 960 ideo
1212 887 1457 960 virtus
1519 885 1995 960 Sacramenti

454 1005 569 1068 est
629 996 703 1069 in
750 999 1121 1074 continuo
1149 998 1348 1096 fieri,
1404 1009 1484 1074 ut
1529 1024 1703 1074 cuin
1747 1001 1997 1098 appli—

450 1124 671 1187 catur
723 1116 817 1189 ad
876 1141 1102 1214 opuS,
1153 1127 1228 1192 et
1266 1118 1448 1192 dum
1491 1118 1683 1192 dans
1724 1117 1994 1192 Sacra-

451 1240 717 1307 ·mento
759 1233 999 1308 utitur
1038 1258 1155 1310 e0.

977 1520 1344 1577 SCHOLIUM
1386 1520 1456 1578 11.

518 1676 835 1746 Impugnat
865 1673 1219 1729 sententiam
1253 1673 1316 1729 D.
1348 1674 1584 1729 Thomoe
1615 1676 1802 1746 quoad
1876 1677 1994 1746 pri-

443 1782 599 1823 mam
631 1752 883 1838 partem.
916 1765 1138 1831 Primo,
1165 1765 1305 1837 quia
1362 1766 1670 1836 dispositio
1725 1766 1796 1821 ad
1866 1783 1994 1839 gra-

443 1856 585 1913 tiam
621 1860 711 1912 est
745 1852 1029 1911 terminus
1059 1853 1395 1919 creationis,
1427 1855 1581 1910 sicut
1607 1860 1664 1910 et
1699 1854 1830 1925 ipsa
1859 1872 1994 1928 gra-

441 1945 546 2015 tia,
607 1944 707 2002 sed
771 1944 1097 2001 secundum
1158 1944 1351 2015 ipsum
1408 1945 1467 1999 in
1510 1946 1698 2016 prima
1729 1954 1996 2001 creatura

443 2051 641 2090 creare
701 2050 815 2089 non
880 2039 1091 2105 potest.
1149 2033 1439 2103 Secundo,
1498 2034 1737 2090 effectus
1792 2035 1992 2091 Sacra·

443 2124 628 2178 menti
657 2126 935 2178 causatur
961 2122 1196 2193 quando
1221 2121 1411 2192 ipsum
1442 2122 1691 2188 desinit;
1724 2138 1861 2195 ergo
1881 2140 1994 2178 non

442 2212 683 2282 physice
714 2213 786 2267 ab
819 2211 948 2284 ipso
976 2216 1267 2267 causatur.
1299 2210 1506 2277 Tertio,
1539 2210 1597 2267 in
1631 2212 1996 2269 Eucharistia

438 2301 587 2357 nihil
615 2306 708 2358 est
738 2301 1122 2373 assignabile,
1166 2319 1201 2356 a
1229 2318 1344 2372 quo
1376 2301 1583 2373 attingi
1612 2309 1805 2371 posset
1837 2307 1993 2359 tran·

438 2393 874 2461 substantiatio,
933 2392 1070 2464 quia
1128 2397 1447 2465 antequam
1508 2394 1735 2466 species
1789 2410 1992 2450 vocum

438 2485 691 2554 tangunt
745 2484 974 2553 species
1028 2482 1196 2554 panis
1251 2481 1318 2536 fit
1362 2484 1718 2540 consecratio
1773 2486 1992 2552 statim,

452 2572 602 2628 tacta
633 2572 958 2645 prolatione
984 2572 1317 2629 verborum.
1340 2571 1420 2628 De
1442 2572 1547 2629 hoc
1575 2573 1757 2629 fusius
1786 2574 1996 2643 Doctor

434 2663 492 2719 in
552 2666 736 2721 Oxon.
802 2663 894 2719 hle
951 2667 1161 2735 quaest.
1221 2662 1276 2718 5.
1338 2679 1372 2718 a
1427 2679 1589 2719 num.
1645 2664 1699 2719 4.
1732 2664 1993 2722 Gratiam

436 2756 637 2809 autem
670 2752 856 2808 creari
890 2758 1098 2825 praeter
1131 2753 1431 2831 Duc-torem
1475 2753 1570 2808 htc
1618 2758 1675 2809 et
1720 2754 1857 2810 dist.
1906 2756 1991 2810 16·

439 2850 646 2916 quaest.
678 2844 734 2899 2.
769 2847 975 2899 tonent
997 2842 1200 2899 Alens.
1234 2845 1289 2900 2.
1325 2847 1475 2916 part.
1519 2843 1609 2900 49.
1654 2845 1903 2900 membr.
1937 2846 1991 2901 8.

437 2936 497 2989 et
526 2934 580 2989 9.
617 2937 676 2989 et
708 2932 776 2989 D.
811 2937 1030 2989 Bonav.
1062 2934 1117 2989 2.
1157 2933 1298 2990 dist.
1328 2933 1422 2990 26.
1456 2942 1562 2989 art.
1621 2951 1660 2989 1.
1706 2940 1906 3005 quaest.
1940 2936 1992 2990 4.

436 3022 711 3079 Richard.
745 3023 828 3079 ibi
860 3027 975 3079 art.
1011 3040 1050 3080 1.
1087 3028 1291 3096 quoest.
1348 3024 1405 3079 4.
1457 3022 1719 3095 Capreol.
1781 3024 1875 3080 hic
1919 3028 1989 3080 ad

367 3159 370 3162 .
437 3117 779 3184 argumenta
809 3113 966 3171 Sooti
998 3121 1199 3170 contra
1247 3112 1482 3169 tertiam
1532 3112 1991 3183 conclusionem,

441 3206 629 3277 Major
658 3213 860 3279 quaest.
887 3223 924 3261 1.
965 3205 1166 3263 Palud.
1199 3211 1407 3278 quaest.
1440 3224 1480 3261 1.
1512 3194 1733 3262 Ferrar.
1767 3208 1820 3263 4.
1853 3224 1993 3263 con-

440 3299 531 3352 tra
562 3297 798 3364 Gentes,
832 3311 959 3366 cap.
990 3295 1080 3351 57.
1114 3294 1296 3368 Cajet.
1328 3311 1368 3351 1.
1416 3300 1563 3368 part.
1607 3300 1814 3367 quaest.
1867 3298 1988 3355 110.

438 3388 547 3442 art.
581 3402 621 3441 1.
653 3384 855 3441 etalii.

543 3564 829 3638 Contra
870 3588 916 3663 p
951 3563 1147 3637 rimo
1178 3564 1651 3638 contradicta
1689 3564 1782 3638 ad
1821 3565 1988 3661 prio

126 3657 381 3832 nejiajm„
442 3704 601 3756 rem
646 3681 1155 3778 quaestionem
1187 3704 1429 3777 arguo
1471 3682 1619 3754 sic:
1661 3682 1799 3754 Illa
1829 3680 1990 3755 dis-

87 3798 248 3857 supra
292 3785 394 3854 icta

160 3862 191 3896 Ο
233 3860 345 3896 tuto

85 3862 409 4034 ἓξξῇἕόρξζξ·
439 3937 577 4013 per
621 3914 1146 4006 Sacramenta,
1193 3922 1308 3989 est
1339 3914 1981 4011 supernaturaliS,

186 4042 309 4086 lem.

442 3797 718 3896 positio
786 3797 881 3872 ad
949 3797 1303 3891 gratiam,
1360 3820 1536 3894 quae
1596 3798 1989 3872 confertur

439 4030 639 4105 sicut
668 4037 743 4105 et
764 4029 1053 4127 gratia;
1089 4052 1271 4126 ergo
1304 4029 1508 4125 quod
1543 4029 1774 4103 habet
1797 4052 1987 4102 cau-

438 4147 813 4222 salitatem
856 4145 1282 4221 effectivam
1328 4156 1679 4243 respectu
1719 4146 1979 4241 uniuS,

437 4264 667 4339 habet
715 4273 788 4339 et
827 4272 1180 4362 respectu
1223 4263 1572 4358 alterius,
1620 4272 1694 4337 et
1734 4287 1774 4337 e
1808 4287 1983 4338 con-

433 4404 658 4456 verso
761 4381 1166 4478 negative3
1263 4382 1399 4455 sed
1475 4380 1980 4456 Sacramenta

433 4522 587 4573 non
621 4499 906 4573 habent
940 4497 1359 4574 efficaciam
1404 4508 1751 4597 respectu
1800 4523 1982 4595 gra-

438 4615 586 4710 tiae,
625 4639 765 4690 nec
791 4615 961 4689 talis
993 4615 1521 4712 dispositionis
1545 4615 1975 4690 secundum

431 4757 563 4808 eos
596 4733 953 4829 inprimet
984 4732 1405 4829 quaestione
1431 4731 1662 4832 hujus
1694 4734 1974 4831 quarti,

432 4849 614 4946 quia
683 4849 897 4922 nulla
946 4848 1344 4946 dispositio
1402 4849 1822 4945 requiritur
1881 4850 1975 4923 ad

428 4966 846 5041 terminum
945 4965 1397 5059 creationiS,
1492 4966 1676 5062 quia
1779 4968 1973 5040 nihil

430 5080 987 5180 praesupponit.
1070 5081 1641 5180 Consequentia
1737 5091 1968 5180 patet,

429 5197 682 5273 omnis
733 5199 976 5271 forma
1044 5197 1419 5271 naturalis
1477 5220 1699 5294 aeque
1742 5199 1975 5273 habet

3525 482 3654 551 553

2205 651 2420 736 Item,
2462 650 2608 726 ista
2647 652 3046 749 dispositio
3091 661 3440 750 respectu
3474 675 3654 748 gra-

2102 771 2260 865 tiae,
2333 780 2467 844 aut
2524 783 2830 846 creatur
2895 798 2940 847 a
3006 772 3531 848 Sacramentis
3575 772 3644 843 in

2104 888 2366 963 anima
2433 888 2701 981 simul,
2767 899 2900 962 aut
2942 888 3442 964 successive?
3481 889 3651 961 Non

2102 1003 2569 1090 successive,
2625 1003 2808 1102 quia
2876 1005 3378 1079 Sacramenta
3437 1005 3649 1077 nullo

2108 1121 2332 1192 modo
2386 1117 2733 1194 efficiunt
2790 1121 3012 1196 istam
3066 1121 3647 1220 dispositionem

2104 1238 2178 1310 in
2221 1237 2481 1310 anima
2522 1238 2949 1312 secundum
2986 1263 3146 1333 eos,
3184 1239 3332 1312 nisi
3379 1239 3453 1310 in
3491 1238 3652 1311 vir-

2102 1361 2264 1427 tute
2305 1352 2474 1445 Dei,
2522 1362 2596 1427 et
2639 1362 2823 1427 tunc
2863 1355 3300 1430 successive
3356 1363 3649 1429 crearet

2102 1492 2301 1561 eam,
2383 1468 2591 1565 quod
2660 1492 2814 1542 non
2873 1480 2988 1544 est
3057 1494 3416 1564 necesse3
3481 1479 3643 1545 tum

2101 1597 2411 1682 propter
2488 1608 2871 1660 summam
2941 1586 3507 1684 simplicitatem
3572 1599 3649 1661 et

2101 1702 2648 1800 perfectionem
2737 1704 3085 1799 agentis3
3160 1715 3321 1778 turn
3416 1705 3642 1779 etiarn

2100 1828 2413 1917 propter
2478 1821 2894 1917 perfectam
2966 1823 3464 1919 capacitatem
3534 1847 3648 1897 re-

2100 1937 2379 2034 ceptivi
2470 1961 2627 2011 non
2705 1939 3061 2013 habentis
3139 1941 3643 2033 contrarium,

2070 2054 2284 2151 ‚quia
2337 2077 2641 2128 omnem
2678 2054 3001 2128 formam
3034 2070 3643 2154 permanentem,

2100 2169 2326 2263 cujus
2352 2192 2511 2242 esse
2553 2192 2706 2242 non
2742 2179 2858 2243 est
2889 2171 3309 2245 formaliter
3341 2173 3417 2243 in
3448 2170 3646 2268 sieri,

2099 2284 2357 2380 qualis
2398 2292 2512 2358 est
2543 2285 2690 2357 ista
2731 2285 3133 2382 dispositio
3166 2287 3257 2361 ad
3293 2288 3644 2383 gratiam,

2099 2408 2176 2473 et
2250 2401 2674 2494 character,
2776 2409 3028 2499 potest
3116 2402 3325 2477 Deus
3418 2403 3648 2478 simul

2098 2539 2402 2611 creare3
2438 2526 2600 2591 tum
2645 2517 2829 2614 quia
2870 2518 3224 2593 informa
3271 2520 3652 2618 spirituali

2100 2656 2252 2706 non
2300 2641 2550 2731 potest
2617 2656 2785 2709 esse
2847 2635 3264 2722 successio,
3331 2636 3480 2711 nisi
3544 2661 3656 2711 se-

2101 2750 2446 2824 cundum
2493 2760 2748 2850 partes
2808 2752 3163 2849 subjecti,
3210 2756 3330 2828 vel
3366 2756 3650 2851 gradus
3689 2852 3692 2853 .

2100 2864 2394 2959 formae,
2440 2888 2771 2963 quorum
2814 2875 3176 2941 neutrum
3210 2867 3430 2942 estin
3467 2892 3648 2966 pro-

2104 2980 2400 3076 posit03
2468 2989 2803 3078 ponatur
2872 3004 3055 3078 ergo
3115 2983 3319 3081 quod
3398 2985 3648 3058 susci-

2096 3095 2340 3193 pienti
2418 3096 3003 3174 Sacramentum
3057 3100 3374 3198 aliquod
3429 3100 3651 3176 detur

2098 3213 2418 3288 minima
2459 3215 2729 3310 gratia.
2778 3216 2925 3292 Per
2955 3226 3028 3291 te
3078 3217 3171 3290 ad
3220 3217 3442 3292 istam
3485 3244 3649 3314 gra-

2098 3329 2282 3404 tiam
2358 3341 2475 3405 est
2538 3332 2800 3427 aliqua
2865 3332 3263 3430 dispositio
3325 3334 3647 3411 minima

2100 3457 2358 3552 creata
2399 3448 2476 3521 in
2521 3450 2781 3523 anima
2807 3449 3087 3525 virtute
3120 3451 3639 3547 Sacramenti3

2096 3575 2281 3641 tunc
2312 3590 2554 3663 arguo
2599 3590 2616 3640 ε
2664 3568 2817 3641 Ista
2865 3563 3263 3665 dispositio
3322 3570 3414 3644 ad
3466 3594 3646 3666 gra-

2102 3684 2313 3777 tiam,
2358 3694 2488 3759 aut
2548 3684 2941 3758 inducitur
2998 3695 3072 3759 et
3138 3697 3504 3761 causatur
3565 3689 3641 3762 in

2093 3799 2356 3875 anima
2399 3799 2681 3873 virtute
2742 3798 3218 3874 Sacramenti
3271 3800 3350 3874 in
3392 3803 3642 3899 primo

2093 3915 2410 3989 instanti
2471 3915 2922 4013 prolationis
2990 3918 3437 4012 verborum,
3509 3930 3643 3994 aut

2091 4031 2169 4104 in
2209 4032 2475 4106 ultimo
2544 4031 2916 4126 instanti3
2961 4033 3025 4106 si
3087 4033 3163 4107 in
3224 4034 3471 4132 primo
3517 4036 3642 4110 in·-

2090 4147 2549 4244 stanti,ergo
2582 4147 3171 4222 Sacramentum
3206 4152 3630 4225 secundum

2088 4274 2331 4339 totum
2367 4264 2440 4337 id
2483 4264 2689 4361 quod
2759 4265 3113 4361 sequitur
3144 4266 3478 4363 primum
3525 4269 3638 4342 in-

2089 4391 2301 4458 stans
2343 4382 2799 4480 prolationis
2858 4384 3302 4479 verborum,
3361 4411 3636 4484 super-

2085 4498 2283 4593 fluit,
2339 4509 2410 4573 et
2451 4523 2590 4597 per
2621 4522 3138 4596 consequenS,
3183 4502 3246 4574 si
3291 4503 3482 4577 nihil
3519 4505 3632 4577 di-

2086 4625 2390 4690 ceretur
2429 4615 2520 4689 de
2573 4615 2831 4690 verbis
2881 4625 3057 4712 post
3095 4616 3420 4713 primam
3467 4645 3634 4716 pro-

2085 4733 2481 4826 lationem,
2549 4732 3060 4807 nihilominus
3129 4737 3634 4833 consequitur

2084 4850 2344 4926 anima
2373 4848 2728 4924 effectum
2770 4849 3278 4945 Sacramenti,
3316 4866 3389 4926 et
3419 4854 3624 4928 illam

2083 4966 2668 5065 dispositionem
2710 4966 2805 5038 ad
2845 4967 3195 5060 gratiam,
3242 4972 3443 5065 quod
3493 4974 3625 5045 ah-

2080 5083 2401 5157 surdum
2436 5090 2575 5157 est.

2180 5199 2262 5273 Si
2330 5199 2539 5273 dicas
2607 5197 2812 5294 quod
2856 5196 2932 5269 in
2978 5199 3248 5275 ultimo
3307 5201 3617 5277 instanti

3780 5223 3844 5285 6.

429 5343 587 5394 esse
671 5319 748 5391 in
814 5318 1253 5415 susceptivo
1311 5342 1446 5416 per
1502 5318 1969 5394 creationem
2078 5318 2529 5417 prolationis
2568 5317 2983 5391 verborum
3038 5329 3399 5394 causetur
3464 5323 3622 5396 dis-
3656 5331 3949 5393 Responsio

427 5434 1144 5533 supernaturaliter,
1180 5435 1301 5508 vel
1336 5458 1473 5532 per
1508 5444 1972 5509 transmuta-

427 5551 715 5626 tionem
760 5550 1240 5644 naturaliter,
1295 5573 1468 5625 cum
1540 5551 1692 5625 sint
1756 5551 1831 5625 in
1886 5576 1966 5627 se

427 5669 769 5768 ejusdem
816 5667 1158 5742 rationis.

2075 5436 2355 5533 positio
2396 5435 2542 5510 ista
2571 5434 2853 5509 virtute
2896 5435 3399 5529 Sacramenti,
3445 5462 3615 5512 cum

2076 5552 2157 5625 in
2194 5552 2460 5626 ultimo
2493 5550 2809 5625 instanti
2844 5550 3035 5624 nihil
3079 5552 3174 5625 sit
3208 5552 3298 5626 de
3335 5555 3613 5649 verbiS,

2073 5671 2197 5743 vel
2223 5678 2519 5743 tantum
2545 5668 2817 5742 ultima
2842 5668 3117 5757 littera,
3136 5671 3261 5744 »vel
3284 5671 3604 5768 syllaba,

3654 5395 3718 5443 ad
3756 5397 3856 5443 hoc
3887 5410 3966 5444 au·-

3737 5471 3878 5529 3¹¹!ss-

3681 5525 3937 5583 rejicitur.
