4295 6326
1417 369 1645 439 DIST.
1697 371 1952 441 XXVI.
2024 375 2443 455 QUAESTIO
2491 379 2727 449 UNIC.

457 541 754 639 objecto
790 541 1098 640 respicit
1127 543 1375 618 Deum
1410 544 1488 617 in
1531 569 1611 621 se
1678 549 2006 623 tenden-

459 661 554 735 do
628 661 707 734 in
782 659 1061 756 Deum,
1136 662 1240 737 ita
1333 687 2005 766 quorumcumque

461 789 770 853 actuum
833 779 1293 855 reflexorum
1360 792 1474 857 est
1539 784 2003 883 principium

462 895 733 970 eodem
768 897 993 971 modo
1051 897 1527 972 tendentium
1597 900 1676 973 in
1746 900 2007 997 objec-

468 1021 684 1107 tum3
743 1013 1209 1111 principium
1270 1014 1474 1089 enim
1539 1024 1756 1090 actus
1817 1012 2003 1090 recti

462 1138 577 1204 est
626 1129 1089 1228 principium
1162 1141 1472 1204 actuum
1542 1130 2002 1206 reflexorum

461 1248 938 1323 tendentium
975 1248 1052 1322 in
1105 1250 1486 1347 objectum
1539 1251 1682 1325 sub
1734 1251 2000 1328 eadem

103 1392 422 1469 menmprin-
459 1365 781 1440 ratione.
829 1367 906 1441 Si
952 1367 1185 1464 igitur
1241 1367 1618 1443 eliciendo
1684 1392 1777 1444 ex
1816 1372 2005 1443 cha-

102 1468 373 1590 ῗᾷξᾞὲἓιξ
376 1469 429 1568 {i
461 1483 680 1558 ritate
714 1484 949 1581 diligo
1009 1485 1253 1560 Deum
1308 1486 1385 1560 in
1448 1510 1557 1576 se,
1612 1487 1717 1561 ita
1766 1486 2000 1583 diligo

165 1580 368 1633 “³⁰⁶¹“
460 1625 576 1677 me
612 1602 929 1698 diligere
974 1603 1250 1698 Deum,
1302 1614 1381 1677 ut
1421 1604 1494 1677 in
1541 1628 1651 1698 se,
1717 1629 1871 1678 non
1918 1613 2001 1678 ut

462 1717 645 1790 mihi
690 1718 980 1792 bonum
1015 1720 1283 1794 eodem
1338 1720 1561 1795 modo
1619 1744 1772 1818 quo
1820 1722 1998 1795 volo

457 1836 704 1911 Deum
740 1860 997 1911 amore
1041 1837 1426 1931 amicitiae,
1481 1848 1554 1913 et
1624 1839 1794 1913 volo
1860 1840 2000 1913 bo-

459 1977 643 2028 num
685 1953 829 2027 sibi
908 1955 1052 2029 sub
1118 1955 1383 2029 eadem
1454 1956 1778 2049 ratione,
1840 1981 1996 2031 non

455 2079 537 2145 ut
577 2070 1094 2165 commodum,
1132 2071 1265 2145 sed
1303 2071 1806 2168 utjustitiam.

546 2183 659 2257 Ad
739 2184 976 2278 aliud,
1062 2185 1419 2261 ordinare
1514 2187 1804 2261 bonum
1900 2187 1995 2261 ad

455 2299 694 2393 aliud,
743 2323 882 2374 nec
921 2301 1109 2374 utin
1142 2325 1294 2399 quo
1346 2302 1420 2376 id
1499 2302 1705 2377 aliud
1764 2304 1997 2379 habet

453 2416 900 2510 bonitatem,
940 2441 1082 2492 nec
1116 2417 1190 2490 in
1227 2441 1379 2515 quo
1413 2430 1996 2494 consummatur

452 2534 590 2627 uti,
637 2534 767 2608 sed
811 2535 1168 2611 ordinare
1229 2536 1635 2612 abundans
1699 2538 1990 2613 bonum

449 2652 542 2724 ad
582 2651 869 2725 bonum
906 2651 1299 2744 deficiens,
1339 2663 1419 2727 ut
1466 2655 1995 2730 communice-

442 2778 567 2841 tur
634 2768 741 2841 illi
807 2768 1196 2866 perfectio,
1270 2770 1379 2844 sic
1455 2780 1571 2845 est
1636 2772 1992 2847 ordinare

445 2886 885 2961 fruitionem
920 2888 1011 2960 ad
1046 2910 1136 2962 ea
1176 2911 1352 2985 quae
1406 2898 1521 2963 est
1568 2890 1660 2964 ad
1722 2889 1985 2985 finem,

449 3003 590 3075 hoc
633 3026 788 3077 non
822 3012 936 3078 est
989 3004 1095 3076 uti
1149 3004 1519 3099 fruendis,
1579 3006 1712 3081 sed
1773 3016 1989 3082 actus

446 3120 608 3217 spei
642 3143 734 3194 ex
764 3144 844 3196 se
880 3121 1156 3215 bonus,
1197 3121 1368 3198 licet
1405 3145 1557 3197 non
1619 3123 1716 3198 sit
1770 3124 1990 3199 meri-

444 3235 715 3323 torius,
780 3237 928 3311 nisi
998 3247 1080 3312 ut
1145 3238 1478 3313 charitas
1538 3240 1841 3314 ordinat
1907 3240 1985 3314 in

105 3339 387 3456 Qssgffssff
445 3348 723 3444 Deum,
783 3353 905 3425 vel
987 3352 1208 3427 aliter
1283 3353 1420 3446 sic,
1497 3354 1700 3450 quod
1789 3354 1987 3428 sicut

91 3469 415 3588 {ggffidfflffin
446 3490 835 3540 summum
869 3468 1157 3542 bonum
1199 3477 1311 3542 est
1358 3469 1665 3544 realiter
1692 3469 1983 3544 bonum

94 3595 398 3708 igissgsseolrst
444 3598 819 3676 nostrum,
868 3588 1042 3662 licet
1071 3613 1223 3663 non
1282 3589 1651 3663 referatur
1710 3589 1802 3663 ad
1847 3614 1986 3664 nos

96 3719 393 3832 agigffieis.
445 3705 814 3779 relatione
858 3706 1071 3798 reali,
1116 3705 1313 3779 sicut
1369 3716 1481 3779 est
1549 3706 1777 3780 realis
1842 3707 1988 3781 Do·

95 3845 149 3918 a..
185 3848 227 3894 ι.
260 3860 312 3909 q.
344 3851 391 3903 ³,
451 3821 708 3896 minus
750 3831 1035 3915 noster,
1073 3831 1369 3896 creator
1411 3832 1696 3915 noster,
1734 3832 1807 3897 et
1841 3825 1985 3898 hoc

109 3921 242 4033 5¹.¹¹q.
284 3911 412 4020 ²2⁶·
447 3939 958 4037 apprehendit
1044 3939 1479 4014 intellectus
1588 3941 1983 4047 referendo

447 4080 622 4130 eum
659 4056 752 4129 ad
794 4079 936 4129 nos
969 4056 1337 4131 relatione
1375 4057 1585 4150 reali,
1638 4081 1813 4155 quae
1873 4067 1987 4132 est

445 4172 521 4244 in
585 4172 1050 4270 appetitione
1120 4173 1452 4266 realiter,
1517 4199 1671 4248 non
1733 4176 1983 4248 solum

446 4299 845 4386 respectus
899 4289 1245 4378 rationis,
1314 4290 1489 4364 licet
1542 4291 1984 4388 hujusmodi

445 4407 956 4504 apprehensio
1035 4407 1389 4481 collativa
1445 4408 1988 4507 praesupponi-

446 4534 596 4617 tur,
643 4534 725 4597 ut
756 4524 852 4598 sit
892 4548 1233 4622 praesens
1276 4526 1636 4623 potentiae
1676 4527 1769 4600 ad
1824 4550 1987 4599 mo-

443 4642 812 4735 vendum,
884 4666 1039 4715 non
1100 4651 1348 4716 tamen
1413 4653 1527 4717 est
1595 4643 1785 4718 ratio
1822 4668 1988 4718 mo-

448 4759 674 4832 vendi
725 4759 1147 4833 voluntate.

541 4875 666 4948 Sic
702 4874 934 4972 igitur
964 4876 1103 4950 iste
1149 4875 1455 4950 habitus
1487 4875 1987 4973 distinguitur

446 5015 602 5065 non
633 4994 880 5065 solum
951 5015 1087 5090 per
1145 5002 1573 5089 respectum
1637 4993 1980 5088 rationis,

444 5108 683 5183 sedin
720 5132 809 5183 eo
854 5109 1057 5207 quod
1092 5118 1206 5184 est
1249 5109 1554 5184 realiter
1594 5134 1981 5185 summum

448 5226 735 5299 bonum
796 5225 1045 5299 nobis.
1113 5228 1202 5300 Et
1261 5249 1396 5323 per
1447 5228 1591 5299 hoc
1640 5235 1843 5323 patet
1891 5228 1987 5302 ad

447 5344 820 5418 rationem
918 5343 1303 5442 superiuS,
1395 5345 1687 5419 scilicet
1780 5346 1985 5442 quod

445 5463 778 5537 charitas
818 5472 931 5537 est
965 5463 1156 5537 ratio
1196 5463 1574 5538 ordinatae
1628 5465 1986 5540 motionis

445 5577 648 5652 circa
704 5578 981 5672 Deum,
1059 5602 1329 5654 verum
1400 5588 1540 5673 est,
1622 5590 1700 5653 ut
1769 5580 1844 5653 in
1905 5603 1986 5654 se

133 2189 214 2238 Au
251 2192 360 2239 ter-

197 2252 345 2301 tiam.

3527 378 3655 447 477

2115 556 2513 631 referendo
2557 558 2633 631 in
2682 557 2962 657 ipsum,
3020 560 3155 634 sed
3206 582 3381 656 spes
3432 559 3658 633 refert

2113 669 2364 767 ipsum
2400 673 2491 746 ad
2539 698 2704 767 nOS,
2743 684 2825 748 ut
2856 675 3145 749 bonum
3175 684 3549 749 nostrum.

2210 788 2321 861 Ad
2391 789 2627 885 aliud,
2715 791 3268 866 beatitudinem
3347 792 3424 864 in
3528 790 3655 865 via
3801 810 3910 877 23,

2111 908 2287 981 volo
2323 931 2412 982 ex
2458 909 2963 1004 naturalibuS,
3001 909 3184 1007 quia
3215 918 3430 984 actus
3462 907 3655 983 desi·
3705 923 3788 973 Ad
3818 939 3981 989 quar-

2112 1023 2458 1110 derandi,
2586 1027 2896 1122 quando
3014 1025 3646 1125 apprehenditur,
3683 990 3985 1123 ξῗιᾙὶιξοιῖἐ.

2110 1140 2360 1213 statim
2406 1151 2519 1216 est
2557 1142 2872 1236 volitio;
2918 1143 3051 1216 sed
3093 1143 3292 1216 istud
3358 1142 3648 1216 bonum
3713 1113 4005 1226 §litimi-

2115 1254 2298 1329 mihi
2360 1280 2510 1330 non
2577 1258 2903 1333 habetur
2959 1282 3050 1333 ex
3105 1259 3268 1332 sola
3334 1251 4001 1363 inclitla·¹ffiffi,fi{„}¹,ff’

2109 1371 2317 1447 tione
2361 1374 2715 1459 naturali,
2780 1375 2912 1449 sed
2983 1399 3072 1449 ex
3140 1375 3308 1461 ista,
3374 1384 3447 1448 et
3512 1397 3648 1471 spe
3708 1363 3967 1476 Jffiessssu

2108 1487 2486 1583 acquisita
2527 1498 2775 1586 potest
2808 1488 3097 1574 haberi,
3145 1488 3276 1563 sed
3330 1512 3482 1562 non
3536 1496 3648 1563 est

2109 1603 2667 1700 perfectissima
2706 1603 2871 1680 sine
2905 1628 3038 1702 spe
3073 1605 3350 1678 inlusa.

2209 1718 2428 1794 Unde
2461 1729 2535 1794 et
2565 1743 2739 1817 spes
2780 1720 3156 1819 acquisita
3213 1719 3411 1794 sicut
3451 1717 3648 1793 fides

2109 1858 2257 1907 non
2296 1836 2527 1911 habet
2561 1835 2942 1926 meritum,
3002 1834 3151 1909 nisi
3188 1845 3268 1909 ut
3313 1835 3652 1909 modera-

2109 1962 2265 2025 tum
2300 1963 2374 2027 et
2416 1951 2902 2050 imperatum.

2201 2065 2311 2139 Ad
2349 2066 2701 2163 quintum
2748 2074 2821 2141 et
2856 2064 3236 2158 ultimum,
3301 2064 3639 2139 concedo
3703 2070 3968 2185 Adtgngin·

2104 2182 2308 2279 quod
2353 2184 2710 2258 voluntas
2770 2184 2997 2258 habet
3048 2183 3242 2257 duos
3287 2191 3503 2256 actus
3562 2192 3636 2257 et
3890 2170 3903 2185 '

2103 2300 2295 2374 duas
2326 2300 2673 2395 virtuteS,
2712 2301 2842 2398 qui
2890 2310 3069 2375 sunt
3126 2300 3633 2394 subordinati,

2100 2425 2175 2490 et
2240 2416 2573 2491 charitas
2640 2416 2844 2492 elicit
2913 2440 3152 2492 unum
3213 2426 3497 2510 actum,
3563 2424 3638 2490 et

2099 2533 2426 2631 imperat
2467 2532 2731 2608 alium.

2192 2651 2303 2724 Ad
2339 2650 2670 2749 primum
2712 2650 3164 2749 principale,
3209 2651 3381 2725 dico
3431 2651 3635 2748 quod
3672 2656 3989 2770 pdigrsqm·

2097 2766 2705 2865 sicutobJ'ectum
2748 2791 3090 2865 praesens
3165 2778 3502 2842 amatum
3555 2768 3635 2842 in
3705 2737 3988 2849 ὀφ-Ἧι)-

2097 2909 2240 2960 sua
2271 2885 2681 2983 praesentia
2746 2884 3114 2983 imprimit
3171 2885 3634 2983 passionem,

2097 3002 2384 3076 scilicet
2443 3002 3054 3091 delectationem,
3128 3010 3199 3076 et
3248 3002 3633 3096 objectum

2097 3118 2385 3194 oditum
2420 3118 2790 3218 imprimit
2842 3120 3213 3214 dolorem,
3250 3119 3359 3194 sic
3400 3141 3640 3216 quan-

2095 3237 2193 3310 do
2234 3259 2389 3310 non
2431 3246 2544 3311 est
2576 3260 2944 3335 praesens,
2991 3261 3082 3312 ex
3119 3235 3252 3311 tali
3316 3236 3637 3311 delecta-

2095 3353 2229 3427 bili
2298 3352 2742 3449 imaginatO,
2843 3353 3098 3450 passio
3204 3352 3631 3427 secundum

2094 3470 2285 3569 qaid
2369 3470 2835 3567 imprimitur
2904 3497 2920 3558 3
3017 3470 3079 3545 si
3176 3481 3428 3545 autem
3518 3480 3633 3546 est
3666 3465 3969 3520 maerentia

2097 3590 2383 3661 malum
2426 3588 2731 3680 absens,
2777 3597 3043 3662 causat
3090 3586 3475 3681 timorem,
3520 3586 3630 3661 sic
3665 3531 3963 3649 ‘'gssffiffiffi

2094 3729 2248 3781 non
2314 3703 2701 3801 loquimur
2768 3704 2891 3777 hic
2951 3705 3043 3779 de
3085 3727 3243 3802 spe.
3292 3703 3632 3778 Nomina
3662 3659 3984 3772 nauffinna-

2094 3823 2298 3898 enim
2325 3823 2420 3896 ad
2450 3821 2813 3919 placitum
2884 3832 3089 3915 sunt,
3161 3845 3336 3919 spes
3394 3819 3629 3912 enim,

2095 3963 2271 4037 quae
2305 3949 2418 4013 est
2444 3938 2715 4031 virtuS,
2753 3937 3064 4036 respicit
3096 3937 3382 4011 donum
3419 3945 3638 4011 aeter-

2095 4081 2283 4131 num
2349 4057 2919 4154 apprehensum
2984 4064 3057 4129 et
3116 4054 3635 4129 desideratum

2095 4199 2186 4251 ex
2221 4175 2461 4249 libera
2500 4173 2805 4248 datione
2848 4172 3016 4266 Dei,
3056 4172 3441 4247 mediante
3475 4171 3637 4245 dis-

2095 4292 2498 4392 positione,
2568 4315 2740 4364 cum
2820 4290 3064 4388 gratia
3159 4289 3471 4374 scilicet,
3563 4298 3637 4363 et

2099 4411 2413 4486 meritis.

2192 4528 2304 4601 Ad
2373 4527 2609 4616 aliud,
2691 4549 2866 4623 spes
2943 4524 3316 4621 acquisita
3389 4533 3635 4622 potest
3668 4534 3746 4585 Ad
3787 4548 3982 4585 secun-

2096 4645 2416 4719 firmiter
2472 4653 2871 4742 expectare
2948 4642 3406 4740 promissum
3469 4641 3631 4728 Dei,
3694 4597 3985 4711 vssi'unhn.

2097 4787 2250 4836 non
2324 4772 2573 4836 tamen
2646 4760 2747 4835 ita
2818 4759 3139 4833 firmiter
3197 4759 3395 4833 sicut
3465 4782 3626 4856 spe,
3697 4722 3953 4856 {ffitt'ssf

2096 4879 2375 4952 virtute
2431 4877 2722 4952 scilicet
2778 4876 3092 4969 infusa3
3157 4876 3360 4950 unde
3430 4898 3631 4972 pono
3753 4855 3900 4898 ‘¹⁸⁰⁰‘

2096 4993 2458 5067 virtutem
2499 4991 2832 5064 infusam
2886 4990 3067 5064 dare
3128 4988 3633 5063 substantiam

2097 5119 2311 5184 actus
2344 5132 2515 5183 cum
2552 5105 2935 5200 firmitate,
2985 5106 3161 5180 facit
3221 5114 3293 5179 et
3344 5106 3637 5202 perlec-

2100 5228 2368 5301 tiorcm
2412 5234 2693 5317 actum,
2727 5246 2958 5320 quam
3002 5221 3167 5297 fieri
3209 5231 3464 5319 posset
3504 5242 3639 5317 per

2099 5343 2323 5416 aliam
2370 5340 2728 5414 virtutem
2769 5338 3243 5413 naturaliter.
