4295 6326
613 373 742 441 512

710 541 927 630 Item,
1023 537 1149 613 ubi
1246 534 1644 634 passiones
1738 537 1944 620 sunt,
2052 524 2157 599 ibi

617 657 1093 735 moderativa
1170 654 1648 752 passionum,
1727 643 2161 743 cujusmodi

618 787 799 852 sunt
831 775 1177 865 virtuteS,
1214 771 1495 846 dehent
1528 766 1709 866 poni
1745 792 1761 852 3
1836 762 1966 837 sed
2004 784 2168 857 pas-

620 895 880 969 siones
921 899 1101 965 sunt
1179 888 1254 961 in
1327 884 1665 984 appetitu
1738 878 2161 969 sensitivo3

622 1011 882 1107 igitur,
920 1018 1061 1082 etc.

720 1128 937 1214 Item,
1015 1122 1141 1198 ubi
1200 1130 1567 1211 extrema,
1625 1116 1728 1190 ibi
1796 1113 2163 1204 medium,

624 1243 1025 1344 passiones
1108 1248 1291 1315 sunt
1373 1246 1737 1322 extrema,
1844 1230 2169 1304 virtutes

628 1371 884 1437 autem
932 1357 1008 1430 in
1055 1355 1332 1430 medic.
1367 1351 1734 1427 Similiter
1764 1346 2171 1424 adducitur

628 1473 1235 1552 illud1.P0titic.
1274 1494 1439 1568 cap.
1479 1470 1549 1541 9.
1571 1469 1662 1542 de
1697 1462 2168 1617 dominativo

628 1592 1064 1694 principatu
1109 1599 1182 1663 et
1212 1587 1443 1663 civili.

413 1712 481 1778 5·
727 1709 1178 1842 Oppositum
1209 1705 1389 1780 dicit
1420 1702 1864 1779 Aristoteles
1904 1699 1987 1772 in
2015 1694 2173 1793 fine

275 1824 596 1948 ξῗροῖξξί·ο
622 1827 873 1927 primi
899 1824 1378 1907 Ethicorum,
1416 1819 1542 1896 ubi
1580 1815 1926 1893 rationali
1971 1811 2175 1888 attii-

293 1950 595 2004 DUThomae
629 1945 795 2020 buit
832 1943 1154 2016 virtutes
1200 1940 1552 2030 morales,
1610 1958 1747 2034 per
1786 1931 1992 2030 quod
2053 1929 2177 2002 in-

632 2059 1005 2159 telligitur
1133 2056 1514 2156 appetitus
1627 2049 2171 2139 intellectivus,

630 2178 815 2276 quia
865 2200 1003 2276 per
1047 2173 1569 2248 irrationalem
1620 2167 1980 2264 intelligit
2035 2190 2177 2239 vo-

633 2295 1037 2385 luntatem,
1081 2312 1259 2387 quae
1299 2311 1452 2385 non
1515 2293 1630 2360 est
1667 2281 2179 2359 essentialiter

632 2410 1107 2501 intellectus,
1177 2429 1330 2504 qua
1387 2414 1643 2479 tamen
1712 2412 1827 2477 est
1891 2400 2172 2491 bonus,

635 2535 719 2601 ut
772 2528 1029 2601 homo.

283 2660 560 2713 Μαι-εἰει
548 2673 602 2708 m
732 2641 1152 2716 Probatio:
1242 2640 1338 2713 In
1385 2639 1643 2736 primo
1718 2635 2176 2711 Ethicorum

284 2724 580 2837 sgc¹1ui¹i²1⁰1iiss
634 2761 1153 2858 Philosophus
1231 2780 1591 2855 quaerens
1666 2755 1758 2829 de
1836 2752 2178 2850 subjecto

331 2851 563 2977 ziiiifm‘f‘
635 2880 1001 2953 virtutum
1097 2884 1399 2974 separat
1502 2871 2010 3002 vegetativam
2107 2876 2182 2943 et

318 570 533 629 Quarta.

329 1135 549 1200 Quinta.

636 2994 1112 3082 sensitivam,
1149 3015 1325 3090 quae
1358 2988 1799 3065 communia
1831 2996 2013 3063 sunt
2053 3009 2184 3060 no-

633 3114 753 3189 bis
793 3123 867 3189 et
905 3111 1151 3187 brutis
1186 3138 1204 3204 3
1269 3120 1340 3186 et
1384 3108 1567 3184 dicit
1607 3107 1811 3205 quod
1844 3104 2182 3205 operati-

631 3250 729 3301 va
808 3226 1180 3300 rationem
1250 3221 1605 3298 habentis
1681 3218 2182 3316 distinguitur

628 3345 708 3418 in
776 3343 1147 3418 rationale
1199 3340 1533 3439 proprie,
1605 3347 1679 3413 et
1747 3337 1825 3410 in
1887 3336 2177 3435 aliquid

629 3462 826 3537 bene
859 3459 1243 3535 obedibile
1286 3456 1592 3551 rationi,
1636 3458 1757 3532 vel
1801 3454 2182 3554 persuasi-

629 3577 780 3652 bile
813 3603 858 3651 a
919 3576 1265 3668 ratione3
1327 3573 1563 3671 igitur
1610 3574 1808 3647 ultra
1863 3573 2175 3646 brutum

629 3702 743 3768 est
802 3693 878 3767 in
940 3691 1252 3766 homine
1308 3690 1567 3788 aliquo
1612 3689 1836 3763 modo
1879 3689 2178 3763 irratio-

627 3810 913 3904 nabile,
960 3810 1035 3884 id
1069 3816 1208 3902 est,
1247 3832 1400 3881 non
1434 3808 1729 3882 habens
1772 3805 2171 3895 rationem,

628 3925 1138 4025 persuasibile
1211 3934 1470 3999 tamen
1526 3946 1572 3998 a
1629 3923 1968 4015 ratione3
2042 3923 2173 3997 sed

625 4041 1133 4142 persuasibile
1206 4063 1249 4114 a
1334 4039 1628 4115 ratione
1690 4049 1805 4115 est
1896 4040 2175 4113 volun-

631 4168 773 4235 tas,

728 4278 945 4367 Item,
1009 4276 1073 4351 si
1120 4277 1476 4350 voluntas
1528 4298 1681 4349 non
1741 4274 2178 4350 continetur

630 4393 774 4468 sub
851 4394 1089 4467 altero
1171 4391 1521 4479 istorum,
1593 4393 1950 4465 voluntas
2019 4415 2177 4464 non

632 4521 747 4588 est
779 4510 1210 4608 subjectum
1242 4509 1570 4606 alicujus
1604 4508 1932 4601 virtutis,
1970 4509 2176 4606 quod

633 4640 746 4707 est
805 4637 1071 4704 contra
1129 4651 1336 4722 eum,
1382 4626 1564 4725 quia
1603 4626 1902 4723 justitia
1942 4636 2055 4701 est
2099 4626 2175 4699 in

629 4750 1058 4823 voluntate.
1125 4744 1344 4819 Unde
1392 4744 1484 4819 de
1526 4744 1896 4819 rationali
1931 4744 2181 4842 {equi-

630 4874 977 4956 vocatur,
1024 4861 1205 4959 quia
1246 4861 1490 4959 primo
1524 4869 1595 4935 et
1653 4885 1789 4958 per
1845 4885 1953 4954 se,
1992 4860 2176 4935 dici-

633 4993 759 5057 tur
799 4981 1200 5073 rationale,
1252 4988 1330 5052 ut
1372 5002 1616 5071 mens,
1662 4987 1889 5076 prout
1927 4978 2180 5052 inclu-

633 5100 742 5175 dit
783 5099 1072 5193 omnia,
1125 5096 1408 5194 quibus
1463 5094 1886 5172 differimus
1925 5121 1969 5171 a
2009 5096 2183 5171 bru·

631 5218 757 5312 tis,
820 5216 1042 5291 aliter
1114 5214 1331 5287 nullo
1392 5213 1617 5287 modo
1683 5238 1818 5312 per
1874 5239 1982 5308 se,
2046 5213 2180 5288 sed

630 5359 770 5434 per
801 5331 1492 5434 participationem,
1528 5331 1985 5430 inquantum
2019 5356 2182 5430 per-

636 5450 1055 5544 suasibilis,
1102 5472 1145 5522 a
1196 5447 1487 5522 ratione
1544 5458 1822 5542 tamen,
1876 5472 2020 5524 nec
2068 5459 2183 5524 est

633 5569 828 5645 ratio
863 5568 938 5641 in
994 5591 1103 5660 se,
1151 5589 1290 5639 ncc
1323 5565 1696 5642 rationem
1742 5566 2173 5653 includenS‚

1964 349 2206 420 LIBRI
2252 348 2374 416 ΙΙΙ.

2277 531 2358 596 ut
2397 527 2691 618 partem
2726 514 2844 591 sui
2882 542 2900 607 3
2954 522 3029 588 et
3069 513 3207 588 iste
3241 509 3623 610 appetitus
3656 529 3821 582 sen·

2275 637 2518 713 sibilis
2560 635 2838 709 dicitur
2892 631 3304 718 rationalis,
3356 652 3508 702 non
3564 636 3819 701 autem

2275 779 2412 853 per
2452 752 2893 843 essentiam,
2930 750 3060 825 sed
3124 771 3259 846 per
3300 743 3823 845 participatio-

2278 896 2481 945 nem.
2547 873 2637 944 Et
2693 867 3061 942 dividitur
3108 874 3374 940 contra
3424 885 3631 937 mere
3681 884 3823 935 na-

2277 990 2553 1080 turale,
2591 985 2771 1083 quia
2803 1007 2945 1059 nec
2977 983 3207 1057 hahet
3239 981 3642 1074 rationem,
3680 1003 3820 1054 nec

2277 1115 2391 1179 est
2458 1113 2721 1178 natum
2805 1102 3115 1176 obedire
3210 1099 3512 1191 rationi,
3624 1096 3823 1172 sicut

2279 1221 2693 1320 aliquando
2749 1219 3121 1317 accipitur
3180 1215 3630 1291 irrationale
3684 1238 3819 1313 pro

2279 1337 2488 1411 omni
2544 1360 2634 1411 eo
2675 1336 2880 1433 quod
2946 1359 3099 1410 non
3142 1344 3257 1409 est
3316 1333 3687 1408 rationale
3729 1332 3821 1405 de

2279 1479 2360 1530 se
2397 1481 2415 1548 3
2474 1465 2547 1528 et
2588 1454 2695 1526 sic
2746 1462 2993 1549 potest
3032 1451 3180 1525 dici
3222 1449 3632 1543 obedibile,
3680 1448 3824 1523 ali-

2279 1572 2589 1670 quando
2633 1595 2769 1668 pro
2828 1569 3167 1668 appetitu
3224 1568 3622 1661 sensitivo,
3681 1567 3827 1641 ali-

2280 1693 2589 1791 quando
2634 1715 2771 1790 pro
2822 1714 3024 1765 mere
3072 1688 3425 1764 naturali.

2378 1810 2489 1884 Ad
2541 1809 2741 1883 idem
2802 1816 2981 1882 sunt
3031 1806 3519 1882 auctoritates
3561 1805 3828 1879 Philo-
3994 1806 4062 1870 6.

2282 1926 2505 2026 sophi
2539 1926 2604 1999 1.
2639 1925 2935 2000 Politic.
2975 1948 3140 2022 cap.
3181 1924 3246 1995 1.
3290 1923 3514 1997 Sicut
3539 1921 3831 1997 subditi

2281 2042 2561 2118 liabent
2624 2043 2981 2116 virtutem
3036 2040 3611 2115 convenientem
3682 2039 3834 2113 sibi

2285 2162 2367 2234 in
2438 2158 2882 2245 obediendo,
2948 2159 3057 2233 sic
3099 2159 3497 2257 principes
3553 2156 3833 2231 habent

2283 2278 2640 2353 virtatem
2683 2277 3256 2352 convenientem
3307 2274 3462 2350 sibi
3496 2276 3578 2350 in
3598 2275 3834 2374 prin—

2286 2394 2638 2492 cipandO,
2698 2400 2772 2468 et
2809 2394 2954 2468 ista
3014 2394 3256 2468 virtus
3297 2399 3406 2467 est
3436 2393 3833 2491 principa-

2288 2511 2480 2607 li0r3
2517 2512 2727 2606 item,
2753 2513 2823 2585 9.
2869 2511 3449 2612 Metaphysicae,
3482 2536 3647 2611 cap.
3687 2511 3822 2586 ult.

2286 2629 2482 2703 Sunt
2521 2631 2745 2705 etiam
2791 2639 2865 2704 et
2920 2630 3410 2705 auctoritates
3463 2629 3833 2726 Augusti-

2287 2749 2396 2843 ni,
2436 2773 2590 2823 una
2630 2750 2722 2823 de
2761 2749 3038 2825 Morib.
3080 2750 3369 2824 EccleS.
3438 2748 3552 2821 15.
3592 2749 3831 2824 altera

2290 2864 2356 2937 1.
2421 2866 2514 2940 de
2555 2865 2873 2940 Civitate
2914 2865 3083 2959 Dei,
3124 2867 3238 2939 15.
3293 2864 3618 2941 Virtutes
3655 2872 3834 2940 sunt

2287 2982 2598 3082 quidam
2639 3007 2936 3058 amores
2986 2982 3169 3058 boni
3202 2982 3519 3069 honesti,
3573 2982 3834 3079 hujus-

2287 3097 2493 3174 modi
2528 3108 2641 3175 est
2681 3122 2897 3174 amor
2927 3097 3369 3174 voluntatis.
3408 3098 3596 3174 Item
3639 3099 3832 3198 epis-

2286 3219 2443 3293 tola
2485 3217 2599 3291 15.
2638 3217 2742 3292 ad
2773 3215 3217 3292 Marcellin.
3281 3218 3467 3292 Item
3513 3216 3644 3293 lib.
3704 3218 3823 3292 83.

2287 3360 2406 3433 qq.
2481 3361 2549 3433 q.
2615 3336 2685 3408 4.
2746 3335 2954 3430 dicit,
3035 3333 3194 3410 alia
3260 3358 3418 3410 esse
3484 3335 3829 3411 maxima

2288 3450 2506 3537 bona,
2563 3458 2644 3526 ut
2705 3450 2978 3550 quibus
3033 3475 3187 3525 non
3228 3452 3585 3527 convenit
3626 3450 3828 3528 male

2285 3570 2419 3654 uti,
2443 3575 2527 3642 ut
2544 3576 2725 3643 sant
2751 3568 3091 3643 virtutes.
3123 3570 3306 3644 Item
3344 3570 3472 3645 lib.
3504 3570 3822 3667 Soliloq.

2283 3684 2647 3783 Perfecta
2677 3686 2918 3761 virtus
2976 3693 3085 3761 est
3122 3687 3371 3763 animi
3425 3689 3620 3763 ratio
3639 3711 3830 3786 per-

2284 3804 2596 3878 veniens
2637 3804 2739 3879 ad
2771 3802 3035 3901 finem.

2384 3924 2598 4015 Item,
2660 3923 3029 4020 Magister
3090 3933 3321 4020 negat
3377 3935 3619 4020 actus,
3696 3927 3828 4024 qui
3859 3958 4163 4024 Retorquet

2284 4050 2463 4115 sunt
2503 4039 2580 4112 in
2612 4039 2882 4138 patria,
2920 4063 3086 4115 esse
3119 4042 3632 4139 potentiarum
3667 4068 3833 4119 sen·
3860 4035 4123 4135 ”⁸310OE

2284 4159 2715 4254 sitivarum,
2762 4169 2834 4235 et
2875 4160 3183 4235 adducit
3214 4162 3310 4236 ad
3352 4163 3824 4262 propositum

2284 4276 2819 4351 auctoritatem
2886 4277 3324 4373 Augustini.

2383 4394 2599 4486 Item,
2635 4417 2773 4491 per
2814 4393 2958 4467 ista
3016 4394 3283 4469 eadem
3345 4396 3598 4472 media
3643 4422 3834 4472 con-

2285 4516 2542 4585 trariae
2590 4510 2994 4585 sententiae
3046 4521 3297 4609 potest
3327 4513 3548 4610 argui
3589 4538 3835 4612 oppo-

2286 4625 2546 4700 situm.
2610 4626 2803 4700 Nam
2874 4625 3127 4700 omnis
3195 4628 3535 4725 potentia
3601 4630 3693 4704 de
3752 4652 3832 4705 se

2291 4745 2695 4819 terminata
2764 4745 2858 4819 ad
2930 4744 3329 4838 rationem,
3411 4757 3485 4821 et
3564 4757 3836 4846 potens

2288 4888 2442 4936 non
2488 4872 2688 4938 recte
2722 4886 2977 4960 agere,
3016 4863 3481 4959 necessariO,
3519 4874 3602 4941 ut
3635 4876 3835 4941 recte

2288 4989 2486 5077 agat,
2538 4980 2700 5056 sive
2768 4990 2848 5055 ut
2889 4981 3441 5057 determinetur
3495 4984 3589 5057 ad
3631 4993 3833 5059 recte

2289 5097 2705 5193 agendum,
2786 5097 3076 5194 indiget
3152 5097 3413 5195 aliquo
3492 5100 3753 5175 habitu
3809 5129 3829 5195 3

2287 5215 2647 5289 voluntas
2686 5223 2800 5288 est
2830 5213 3302 5310 hujusmodi,
3340 5215 3683 5314 alioquin
3725 5242 3834 5292 es·

2288 5342 2403 5407 set
2441 5333 2534 5407 de
2578 5342 2854 5407 natura
2893 5355 3032 5407 sua
3086 5331 3633 5430 impeccabilis.
3865 5319 3884 5339 ⁴
3999 5388 4064 5454 7

2386 5450 2611 5525 Dices
2642 5473 2795 5548 quo
2827 5454 3133 5524 osten'so
3163 5450 3308 5525 sibi
3337 5451 3595 5550 aliquo
3627 5454 3827 5530 bono
3877 5476 4145 5531 voluntas,

2287 5568 2490 5642 circa
2541 5567 2774 5643 finem
2835 5567 3219 5662 ultimum,
3286 5571 3407 5644 vel
3451 5571 3730 5648 etiam
3700 5600 3837 5672 Ju-
3864 5554 4016 5653 qusgr
4018 5533 4173 5650 {iim

4015 4037 4164 4087 supe·
4273 4019 4274 4066 ζ
