4295 6326
456 3111 560 3178 18.

387 3224 626 3301 Virtutes

337 3302 454 3339 esse
484 3303 538 3339 m
564 3303 658 3341 vo·

398 3351 622 3403 luntate.
688 3356 1194 3454 perfectiones
1277 3357 1758 3458 perficientes
1836 3361 2226 3438 hominem

319 4405 425 4457 Pro
455 4404 619 4457 inno-

320 4471 514 4520 centiae
538 4474 646 4520 sta·

380 4537 439 4581 tu
472 4532 609 4582 indi-

319 4595 641 4658 guitvolun-

322 4665 403 4706 tas
423 4658 637 4709 virtute.

694 379 823 446 518

696 552 1088 646 cacem,in
1142 554 1364 652 cujus
1422 560 1791 651 potestate
1852 559 1967 626 est
2014 548 2235 646 sequi

697 669 1298 747 moderationem
1338 672 1811 769 passionum.
1866 669 2038 742 Non
2095 691 2238 741 au-

696 795 849 860 tem
902 789 1325 863 secundum
1410 791 1880 863 voluntatem
1938 784 2238 881 simpli-

697 927 862 978 cem
907 906 1101 1004 ejuS,
1131 907 1263 1004 qui
1306 916 1549 1005 potest
1586 909 1778 981 velle
1840 904 2237 1003 passiones

696 1023 1232 1119 moderandae„
1287 1048 1441 1098 non
1507 1033 1760 1098 autem
1824 1023 2127 1120 exequi,
2165 1030 2238 1095 et

695 1140 803 1213 sic
848 1140 1089 1215 virtus
1132 1166 1282 1215 non
1344 1152 1457 1216 est
1515 1142 1821 1216 habitus
1866 1141 2237 1216 electivus

693 1257 840 1332 nisi
887 1260 1329 1346 voluntatis,
1360 1260 1433 1333 in
1473 1260 1591 1357 cuj
1607 1284 1694 1335 us
1718 1270 2088 1358 potestate
2122 1267 2237 1332 est

690 1377 1120 1451 secundum
1162 1378 1571 1477 imperium
1615 1379 1784 1476 ejus
1833 1378 2036 1476 ipsas
2079 1400 2237 1450 mo-

689 1490 968 1566 derari.

785 1608 899 1681 Ad
924 1620 1379 1705 argumenta
1455 1635 1590 1708 pro
1660 1611 1810 1684 alia
1867 1609 2233 1708 opinione

689 1734 895 1821 patet
924 1728 1321 1825 responsio
1347 1728 1422 1800 in
1466 1728 1783 1825 objectis
1816 1737 2081 1802 contra
2112 1750 2227 1803 ea.

1222 2090 1581 2148 SCUOLIUM
1624 2091 1717 2147 IV.

762 2293 1086 2357 Resolutio‚
1120 2294 1361 2349 virtutes
1400 2294 1643 2350 morales
1694 2296 1885 2366 potius
1934 2298 2234 2369 ponendas

687 2399 816 2438 esee
846 2385 905 2438 in
938 2382 1253 2450 voluntate,
1287 2402 1463 2457 quam
1516 2386 1572 2439 in
1635 2388 1883 2457 appetitu
1935 2389 2231 2453 sensitiva,

686 2472 827 2540 quia
856 2471 914 2525 in
946 2472 1102 2525 omni
1134 2476 1284 2526 statu
1319 2472 1589 2528 voluntas
1620 2474 1702 2529 eis
1733 2474 1972 2545 indiget,
2007 2475 2232 2545 appeti-

689 2568 783 2615 tus
845 2577 955 2616 non
1020 2561 1276 2632 indiguit
1331 2561 1389 2616 in
1450 2568 1606 2617 statu
1669 2564 2034 2619 innocenti-1³.
2099 2570 2234 2620 Late

688 2649 900 2705 refutat
929 2650 1359 2707 distinctionem
1397 2652 1623 2708 Henrici
1656 2654 1727 2708 de
1772 2654 2085 2721 voluntate,
2118 2672 2234 2727 qua

686 2747 915 2806 natura,
948 2738 1130 2796 libera
1161 2740 1639 2813 etdcliberativu,
1685 2742 1823 2814 quia
1875 2743 1989 2798 duo
2044 2751 2231 2815 poste·

688 2828 838 2883 rior-a
885 2846 999 2885 nsn
1048 2830 1344 2899 differunt,
1396 2838 1453 2888 et
1501 2832 1792 2903 voluntaS,
1838 2850 1951 2905 qua
2002 2842 2231 2901 natura,

686 2919 916 2974 nullum
949 2924 1141 2975 actum
1176 2919 1371 2990 habet,
1407 2926 1475 2981 de
1506 2940 1622 2997 quo
1653 2939 1829 2993 supra
1859 2923 1999 2980 dist.
2038 2925 2121 2979 15.

787 3123 1232 3199 Secundum
1270 3127 1411 3199 hoc
1444 3125 1676 3224 igitur
1744 3126 1891 3201 dici
1951 3137 2226 3225 potest,

689 3240 893 3336 quod
934 3262 1024 3313 ex
1066 3263 1218 3337 quo
1279 3242 1598 3316 virtutes
1666 3246 1992 3318 morales
2051 3256 2232 3319 sunt

688 3474 1110 3548 secundum
1138 3474 1343 3571 quod
1388 3477 1642 3569 homo,
1681 3476 1755 3549 id
1784 3486 1923 3570 est,
1961 3501 2230 3553 secun-

686 3591 868 3663 dum
913 3593 1116 3688 quod
1161 3603 1275 3667 est
1332 3604 1559 3667 natus
1609 3595 2033 3668 secundum
2102 3621 2228 3670 ra-

684 3708 968 3783 tionem
1006 3732 1262 3806 agere,
1300 3721 1597 3809 oportet
1663 3714 1863 3809 quod
1922 3715 2225 3810 ponan-

681 3835 805 3898 tur
891 3828 1216 3903 maxime
1277 3829 1355 3902 in
1423 3830 1549 3903 illa
1615 3840 1853 3927 parte,
1923 3832 1998 3904 in
2069 3855 2223 3929 qua

681 3944 992 4017 fuerunt
1052 3968 1366 4019 necesse
1439 3947 1731 4020 homini
1800 3972 1936 4045 pro
2007 3948 2219 4021 omni

677 4069 907 4152 statu,
984 4061 1168 4158 quia
1225 4061 1406 4135 talia
1473 4064 1801 4139 maxime
1860 4066 2221 4140 videntur

675 4176 1064 4273 pertinere
1108 4179 1199 4250 ad
1243 4179 1785 4274 perfectionem
1851 4182 2213 4275 hominis,

674 4292 1135 4390 inquantum
1173 4296 1429 4368 homo,

773 4409 921 4484 Sed
965 4412 1335 4508 appetitui
1392 4413 1758 4487 sensitivo
1826 4438 1974 4487 non
2050 4417 2218 4489 fue-

675 4529 1348 4618 runtnecessariae
1406 4531 1725 4606 virtutes
1786 4535 2211 4608 secundum

673 4643 859 4717 istos
903 4644 974 4717 in
1015 4655 1211 4719 statu
1250 4647 1741 4740 innocentiae,
1787 4652 1967 4746 quia
2037 4662 2214 4726 tunc-

674 4759 811 4831 fuit
900 4761 1236 4856 perfecta
1330 4762 1764 4837 obedientia
1868 4764 2032 4859 ejus
2120 4767 2210 4840 ad

674 4881 961 4969 partem
1009 4874 1513 4970 superiorem,
1579 4876 1738 4950 sive
1817 4879 1906 4950 ad
1984 4879 2214 4952 ratio-

672 5012 846 5063 nem
929 4999 1209 5064 rectam
1288 4991 1453 5065 sine
1538 4994 1981 5068 rebellione.
2071 4997 2211 5070 Sed

670 5107 1044 5181 voluntati
1079 5107 1303 5183 etiam
1353 5133 1486 5207 pro
1539 5120 1719 5184 tunc
1780 5113 1918 5197 suit
1970 5113 2214 5189 virtus

669 5223 1129 5308 necessaria,
1179 5235 1487 5322 propter
1540 5250 1914 5302 summam
1985 5230 2215 5305 liber-

668 5350 896 5416 tatem
933 5342 1101 5439 ejus
1170 5355 1514 5439 respectu
1579 5346 1972 5421 electionis
2033 5349 2212 5422 boni

669 5468 743 5532 et
778 5459 983 5551 mali,
1022 5459 1204 5555 quia
1235 5460 1444 5534 Deus
1486 5460 1798 5559 reliquit
1825 5463 2213 5538 hominem

669 5576 747 5649 in
781 5576 1350 5652 mmzzcconsz‘lc‘i
1422 5579 1567 5665 sui,
1630 5588 1713 5653 ut
1777 5581 2053 5655 dicitur
2132 5583 2214 5657 in

2071 372 2310 442 LIBRI
2360 372 2479 442 111.

2345 545 2644 621 Eccles.
2728 569 2891 643 cap.
2970 544 3085 617 15.
3169 552 3241 619 et
3317 542 3426 617 sic
3524 538 3888 636 relinquit

2350 688 2584 757 nunc,
2618 675 2691 738 et
2741 663 2910 737 ideo
2980 686 3115 760 pro
3176 661 3386 735 omni
3442 668 3639 735 statu
3710 656 3897 729 indi-

2347 781 2512 878 guit
2597 783 2956 855 voluntas
3039 777 3482 876 hujusmodi
3586 774 3893 850 virtuti-

2348 904 2518 977 buS.

2447 1022 2660 1108 Item,
2727 1022 2869 1092 hoc
2944 1016 3305 1108 tenendO,
3372 1023 3452 1088 ut
3540 1012 3890 1087 videatur
4029 1031 4120 1096 19,

2348 1138 2732 1236 quomodo
2760 1135 3004 1208 virtus
3045 1132 3403 1233 ponenda
3434 1139 3547 1206 est
3604 1129 3679 1202 in
3749 1153 3890 1202 vo-

2347 1255 2665 1342 luntate,
2717 1253 2994 1328 dicitur
3061 1250 3266 1349 quod
3332 1249 3691 1322 voluntas
3749 1270 3891 1344 po-

2346 1380 2490 1446 test
2550 1369 3016 1444 considerari
3081 1367 3504 1465 tripliciter,
3567 1364 3884 1458 scilicet,

2350 1500 2430 1562 ut
2471 1498 2771 1582 natura,
2817 1489 2937 1560 vel
2985 1485 3357 1567 utlibera‚
3402 1483 3523 1556 vel
3576 1491 3654 1555 ut
3694 1480 3890 1554 deli-

2345 1605 2710 1681 berativa.
2765 1603 3022 1677 Primo
3088 1603 3308 1676 modo
3365 1625 3519 1674 non
3583 1601 3891 1675 fuerunt

2345 1721 2424 1795 in
2458 1744 2548 1796 ea
2577 1723 2923 1811 virtutes,
2970 1718 3151 1816 quia
3198 1728 3277 1791 ut
3325 1717 3434 1791 sic
3486 1739 3639 1790 non
3697 1713 3892 1788 defi-

2345 1838 2472 1929 cit,
2517 1860 2692 1910 cum
2727 1836 2823 1910 sit
2880 1833 3386 1910 determinata
3452 1832 3544 1906 ad
3616 1854 3884 1926 unum,

2346 1965 2426 2030 ut
2486 1955 2563 2028 in
2633 1954 2919 2028 bonum
2984 1951 3458 2051 simpliciter,
3521 1948 3725 2048 quod
3777 1958 3891 2023 est

2342 2070 2547 2163 finis,
2583 2070 2701 2145 vel
2747 2070 2820 2143 in
2874 2068 3190 2166 aliquid,
3238 2068 3694 2165 inquantum
3767 2089 3890 2141 re-

2344 2188 2547 2263 lucet
2577 2187 2866 2260 bonum
2901 2186 3142 2284 ipsius
3184 2184 3389 2277 finis,
3437 2183 3550 2257 vel
3606 2183 3681 2254 in
3749 2182 3888 2258 ali-

2344 2304 2528 2401 quid
2607 2313 2689 2378 ut
2765 2303 3162 2378 evidenter
3242 2302 3693 2376 conclusum
3794 2324 3885 2376 ex
3942 2343 4205 2394 volum„

2345 2421 2546 2495 bono
2589 2419 3061 2518 simpliciter.
3101 2418 3200 2492 Ut
3229 2428 3482 2493 autem
3526 2419 3885 2492 voluntas
3916 2407 4216 2457 secundum

3980 2470 4047 2518 ali
4093 2484 4189 2519 uos

2343 2548 2456 2612 est
2496 2536 2992 2612 deliberativa
3060 2545 3366 2610 ostenso
3435 2535 3694 2632 aliquo
3762 2535 3887 2608 bo·
3936 2484 4211 2595 tripliciter

2345 2678 2471 2746 n0,
2534 2653 2782 2750 primo
2843 2651 3166 2750 impellit
3267 2650 3729 2748 cognitivam
3791 2651 3885 2723 ad
3957 2602 4204 2646 sumitur.

2344 2770 2981 2869 perscrutandum
3011 2770 3103 2845 de
3156 2769 3748 2844 circumstantiis
3788 2792 3884 2843 an

2343 2886 2438 2960 sit
2470 2887 3096 2985 prosequendum
3168 2886 3286 2960 vel
3339 2886 3786 2982 fugiendum
3847 2884 3888 2956 ’Β

2343 3014 2417 3078 et
2442 3014 2751 3102 propter
2785 3006 2927 3078 hoc
2959 3004 3236 3077 dicitur
3274 3012 3487 3078 actus
3529 3004 3889 3078 volunta-

2341 3119 2437 3195 tis
2465 3121 2910 3196 deliberatio
2942 3120 3285 3215 rationiS,
3312 3144 3399 3195 ac
3424 3120 3881 3214 consiliatiO,

2342 3260 2497 3311 non
2540 3237 2722 3334 quia
2768 3237 3212 3312 deliberatio
3281 3237 3378 3311 sit
3452 3248 3669 3313 actus
3747 3263 3887 3312 vo-

2343 3354 2682 3447 luntatis,
2755 3355 2887 3428 sed
2947 3354 3408 3448 intellectus,
3499 3353 3630 3428 sed
3699 3354 3883 3452 quia

2339 3472 2946 3569 consequiturin
2999 3473 3392 3547 voluntate
3457 3481 3700 3564 actuS,
3747 3471 3878 3568 qui

2338 3601 2452 3662 est
2482 3589 2910 3682 delectatiO,
2947 3612 3122 3686 quae
3191 3599 3303 3663 est
3358 3613 3533 3663 cum
3602 3588 3883 3663 delibe-

2340 3708 2628 3781 ratione
2663 3717 2735 3782 et
2766 3707 3113 3795 consiliO,
3161 3717 3233 3780 et
3284 3708 3465 3805 quia
3524 3708 3879 3781 voluntas

2335 3825 2442 3899 sic
2485 3834 2793 3922 accepta
2824 3824 3047 3900 etiam
3093 3824 3267 3899 data
3304 3825 3693 3922 ‘sententia
3753 3847 3879 3897 ra-

2334 3945 2564 4018 tionis
2607 3954 2851 4042 potest
2892 3955 3091 4019 stare
3126 3945 3198 4017 in
3236 3968 3377 4019 sua
3426 3944 3878 4019 determina-

2338 4063 2567 4155 tione,
2600 4071 2673 4138 et
2717 4063 3092 4138 eliciendo
3172 4064 3498 4159 perfecte
3568 4072 3875 4136 contra-

2332 4181 2528 4253 rium
2601 4180 2794 4275 ejus,
2841 4180 3042 4277 quod
3113 4179 3575 4253 eliciendum
3644 4178 3873 4253 sentit

2332 4297 2546 4382 rati0,
2591 4306 2670 4370 ut
2702 4294 3201 4372 determinate
3256 4296 3619 4370 assentiat
3670 4297 3873 4370 indi-

2330 4426 2497 4492 cato
2543 4441 2586 4490 a
2619 4417 2910 4490 ratione
2962 4426 3191 4508 recta,
3237 4416 3672 4489 necessario
3749 4415 3873 4488 in-

2329 4534 2535 4630 diget
2577 4534 2869 4626 habitu,
2937 4545 3014 4606 ut
3089 4533 3666 4608 determinetur.
3712 4534 3872 4608 Nec

2329 4650 2608 4726 sufficit
2669 4652 2761 4724 ad.
2825 4652 2967 4724 hoc
3025 4651 3421 4724 inclinatio
3499 4652 3873 4726 naturalis

2329 4769 2495 4865 ejus
2527 4769 2604 4841 in
2650 4769 2965 4861 bonum,
3004 4768 3136 4842 sed
3182 4768 3594 4865 requiritur
3641 4769 3870 4842 etiam

2328 4884 2572 4959 virtus
2614 4909 3038 4982 cooperans
3092 4885 3164 4956 in
3223 4885 3529 4958 modum
3575 4895 3874 4960 naturae

2331 5000 2603 5074 rationi
2683 5014 3277 5092 consentaneuS,
3359 5001 3540 5098 quia
3606 5003 3878 5075 volun-

2335 5129 2469 5210 taS,
2547 5128 2627 5191 ut
2695 5127 2971 5192 natura
3032 5118 3351 5192 inclinat
3409 5118 3484 5192 in
3581 5120 3867 5194 bonum

2331 5235 2803 5330 simpliciter,
2831 5244 2905 5308 et
2970 5234 3047 5307 in
3118 5235 3406 5333 aliquid
3475 5235 3873 5312 evidenter

2329 5351 2780 5424 conclusum
2816 5374 2859 5424 a
2893 5351 3212 5445 ratione,
3259 5362 3341 5426 ut
3393 5353 3465 5425 in
3525 5377 3613 5428 eo
3677 5358 3873 5432 relu-

2327 5480 2445 5543 cet
2485 5469 2772 5541 bonum
2816 5468 3288 5566 simpliciter.
4033 5512 4166 5580 20·

2423 5584 2684 5658 Virtus
2716 5596 2967 5659 autem
3016 5585 3330 5660 inclinat
3371 5613 3504 5686 per
3549 5594 3865 5668 modum
3930 5628 4175 5680 moveri
4207 5627 4272 5676 in
