4295 6326
262 3133 328 3198 (5.

1379 462 1603 530 DIST.
1659 462 1977 530 xxvnl.
2030 461 2449 542 QUAESTlo
2505 463 2736 531 UNIC.

472 641 593 707 tur
622 633 717 708 ad
749 657 903 708 non
938 637 1416 733 peccandum
1474 646 1792 734 peccato
1836 659 2019 735 pro-

471 749 913 846 digalitatiS,
957 775 1188 850 quam
1231 753 1413 827 dum
1492 754 1698 829 stetit
1736 755 1810 827 in
1867 775 2017 827 me-

472 868 626 942 dio.
672 869 842 945 Non
888 870 1122 967 igitur
1161 895 1254 946 ex
1301 896 1456 946 uno
1492 882 1802 970 peccato
1862 883 2018 945 tra-

479 983 685 1057 hitur
749 986 839 1059 ad
897 986 1104 1060 aliud
1184 1010 1516 1085 semper,
1607 998 1680 1062 et
1729 997 2017 1084 quanto

476 1100 651 1197 plus
710 1102 1034 1176 trahitur
1099 1103 1194 1176 ad
1267 1127 1506 1177 unum
1585 1114 2015 1202 peccatum,

474 1217 989 1292 tantominus
1064 1219 1394 1292 trahitur
1450 1218 1545 1293 ad
1622 1229 2020 1318 peccatum

476 1333 915 1431 oppositum
956 1335 1076 1409 vel
1120 1335 1622 1433 disparatum.

1013 1587 1374 1645 SCHOLIUM
1421 1590 1487 1644 11.

546 1734 673 1790 Alia
715 1736 1031 1805 sententia,
1064 1753 1237 1808 quam
1286 1745 1437 1794 tenet
1483 1740 1795 1811 Gregorius
1840 1741 1934 1795 hic
1972 1743 2029 1796 et.

475 1822 594 1890 alii,
631 1823 921 1881 hominem
966 1831 1127 1882 extra
1168 1827 1512 1884 charitatem
1560 1828 1926 1899 existentem,
1967 1830 2025 1885 in

473 1914 730 1987 singulis
786 1917 1085 1987 operibus,
1145 1918 1320 1974 etiam
1384 1921 1712 1992 praeceptiS,
1772 1937 2027 1991 peccare,

475 2007 615 2076 quia
665 2007 834 2077 juxta
900 2008 1286 2064 intentionem
1350 2010 1742 2082 proecipientis
1795 2016 2033 2069 tenetur

474 2097 721 2169 implere
779 2104 1066 2171 praecepta
1123 2101 1193 2156 ad
1266 2100 1442 2157 finem
1505 2101 1825 2158 charitatis.
1884 2102 2031 2159 hanc

475 2188 694 2244 refutat
726 2187 935 2245 Doctor
966 2206 979 2243 :
1014 2191 1230 2255 Primo,
1266 2191 1406 2263 quia
1455 2191 1659 2248 nullus
1712 2198 1867 2248 esset
1915 2210 2031 2248 rno-

477 2278 709 2334 ncndus
741 2278 977 2349 implere
1027 2286 1330 2353 praecepta,
1382 2283 1516 2353 quia
1564 2282 1854 2339 audiendo
1897 2286 2030 2341 Mis·

478 2382 600 2421 sam
657 2366 750 2421 die
810 2366 1112 2423 Dominica
1170 2375 1461 2440 peccaret,
1517 2373 1563 2425 si
1627 2388 1740 2428 non
1784 2373 2028 2429 essetin

476 2456 682 2527 gratia.
716 2456 1003 2524 Secund0,
1042 2463 1313 2529 paganus
1363 2460 1555 2514 dando
1600 2461 2027 2531 eleemosynam

474 2560 542 2598 ex
571 2544 800 2613 pietate,
837 2552 1117 2617 peccaret.
1152 2553 1286 2602 Haec
1320 2549 1585 2618 rejicitur
1636 2550 1706 2604 ab
1732 2552 2029 2624 omnibus,

476 2635 549 2690 de
579 2651 693 2706 quo
719 2639 884 2690 Suar.
923 2641 1098 2709 vega,
1129 2637 1465 2694 Bellarmin.
1511 2640 1693 2695 citati.
1744 2640 1889 2697 Vide
1928 2660 2030 2715 pro

482 2725 585 2780 hoc
619 2725 801 2780 multa
832 2726 889 2780 io
924 2726 1102 2782 Oxou.
1143 2728 1193 2783 in
1226 2727 1459 2784 Scholio
1507 2746 1670 2785 num.
1714 2731 1768 2787 7.
1825 2732 2032 2804 Rejicit

482 2816 717 2872 modum
774 2816 1003 2873 dicendi
1062 2817 1126 2873 D.
1184 2819 1601 2875 Bonaventurae
1659 2822 1729 2877 de
1786 2831 2032 2896 tempore

479 2906 868 2971 deliberandi,
902 2894 1218 2978 transacto,
1249 2914 1302 2964 et
1356 2926 1469 2966 non
1503 2914 1815 2968 transaclO.

580 3082 823 3156 Aliter
891 3083 1197 3178 dicitur,
1274 3086 1480 3183 quod
1547 3087 1882 3162 existens
1949 3090 2028 3163 in

119 3249 242 3300 Al„
265 3250 455 3312 opinio
486 3210 797 3298 peccato
830 3200 1215 3297 originali,
1263 3204 1381 3277 vel
1446 3203 1519 3276 in
1565 3205 1714 3279 alio
1780 3229 2030 3304 quan-

210 3326 378 3385 quam

177 3381 429 3438 sequitur

489 3322 651 3386 tum
716 3314 810 3387 ad
883 3324 1210 3409 reatum,
1284 3340 1438 3390 non
1490 3327 1738 3416 potest
1792 3320 2029 3395 vitare

117 3438 454 3502 Gregorius·
488 3431 697 3505 aliud
732 3443 1156 3530 peccatum,
1204 3435 1334 3509 sed
1379 3437 1818 3512 necessario
1861 3463 2029 3537 pec-

249 5411 316 5476 7.

115 5501 240 5548 Non
279 5498 450 5548 teneri

488 3557 739 3622 catum
793 3572 993 3624 novo
1027 3560 1365 3647 peccate,
1414 3553 1599 3650 quia
1666 3553 1829 3652 ipse
1873 3579 2026 3630 non

487 3674 740 3740 servat
770 3676 1152 3765 praecepta
1184 3670 1610 3744 secundum
1661 3671 2027 3748 intentio-

488 3809 663 3860 nem
731 3787 1193 3862 mandantis.
1277 3790 1755 3888 Praeceptum
1822 3793 2027 3867 enim

486 3912 601 3977 est
639 3902 958 3998 diligere
1009 3903 1258 3979 Deum
1313 3916 1388 3981 et
1435 3907 1896 4004 proximum,
1954 3919 2029 3985 et

484 4014 732 4090 facere
774 4015 955 4090 talia
986 4040 1244 4113 opera,
1284 4029 1357 4092 et
1403 4020 1582 4093 talia
1647 4044 1738 4094 ex
1788 4021 2030 4095 chari-

491 4138 665 4222 tate,
701 4141 775 4204 et
815 4131 890 4204 in
924 4131 1196 4206 ordine
1229 4134 1322 4206 ad
1366 4133 1599 4210 finem
1639 4136 2022 4231 ultimum,

483 4256 558 4320 et
600 4246 706 4320 sic
774 4270 925 4319 non
989 4258 1243 4322 servat
1299 4249 1611 4347 aliquod
1679 4276 2027 4350 praecep-

483 4373 673 4436 tum.

577 4481 791 4575 Item,
881 4493 1349 4580 praeceptum
1447 4483 2021 4581 affirmativum,

477 4597 751 4695 diliqes
790 4597 1074 4691 Deum,
1130 4607 1272 4673 etc.
1327 4599 1615 4696 obligat
1673 4601 1768 4675 ad
1835 4626 2028 4677 sem·

477 4737 639 4811 per,
672 4713 811 4788 etsi
871 4736 1022 4787 non
1073 4738 1209 4812 pro
1260 4738 1590 4813 semper,
1646 4725 1900 4792 tamen
1945 4717 2027 4814 in

477 4830 1004 4927 aliquo-casu,
1088 4840 1162 4905 et
1220 4831 1638 4929 aliquando
1718 4843 2026 4908 tenetur

475 4950 621 5022 hoc
653 4947 972 5045 implere
1001 4976 1018 5040 ;
1052 4948 1184 5022 sed
1228 4972 1380 5023 non
1428 4959 1675 5047 potest
1705 4950 2023 5046 diligere

475 5065 721 5148 Deum
784 5089 876 5138 ex
941 5073 1098 5137 toto
1157 5065 1384 5140 corde
1460 5066 1864 5141 dilectione
1908 5092 2028 5143 sa-

480 5185 677 5258 lubri
713 5184 860 5257 sibi
892 5182 983 5256 ad
1011 5184 1335 5256 salutem
1376 5183 1656 5279 3igitur
1686 5185 1762 5258 in
1808 5189 2023 5261 nullo

479 5299 784 5400 quando
822 5307 1068 5395 potest
1101 5299 1245 5371 hoc
1287 5298 1635 5396 implere.

581 5418 863 5490 Contra
905 5414 1121 5506 illud,
1203 5413 1266 5487 si
1331 5414 1665 5490 existens
1723 5417 1799 5488 in
1861 5441 2028 5514 pec·

121 5575 227 5610 nos
261 5561 450 5634 imple·
486 5544 656 5625 cato
735 5529 1036 5605 mortali
1107 5542 1369 5626 peccet
1455 5532 1876 5607 mortaliter
1932 5533 2024 5607 de

145 5637 206 5672 re
238 5638 423 5674 omma

157 5693 426 5751 precepta

487 5674 690 5725 novo
759 5648 835 5720 in
916 5655 1085 5720 actu
1156 5645 1359 5720 bono
1427 5670 1520 5722 ex
1577 5670 1888 5744 genere,
1961 5649 2021 5722 si

3545 459 3666 527 139

2133 658 2286 708 non
2333 636 2554 710 faciat
2584 636 2800 710 illum
2836 636 3260 712 secundum
3318 632 3670 707 intentio·

2133 774 2307 825 nem
2369 752 2829 845 mandantiS,
2874 751 3223 850 sequitur
3276 749 3478 847 quod
3523 747 3672 821 exi-

2134 875 2344 942 stens
2368 867 2441 941 in
2466 880 2774 966 peccato
2811 870 2884 942 in
2920 867 3301 944 audiendo
3327 866 3670 957 Missam,

2134 995 2486 1083 peccaret
2526 985 2974 1078 mortaliter,
3020 994 3094 1059 et
3161 985 3235 1056 in
3294 982 3674 1056 servando

2135 1102 2583 1185 Sabbatum,
2632 1103 2814 1198 quia
2881 1126 3036 1174 non
3106 1125 3199 1174 ex
3247 1098 3676 1173 intentione

2137 1219 2600 1292 mandantis.
2651 1221 2740 1292 Et
2778 1229 2962 1293 tunc
3011 1218 3346 1293 existens
3379 1216 3455 1288 in
3489 1238 3682 1290 mor-

2137 1335 2267 1409 tali
2313 1359 2462 1409 non
2500 1345 2703 1410 esset
2746 1334 3176 1410 monendus
3227 1333 3427 1432 quod
3494 1333 3684 1407 face·

2140 1461 2253 1526 ret
2310 1460 2415 1526 tot
2469 1451 2700 1544 bona,
2760 1460 2945 1549 quot
3000 1459 3282 1548 posset,
3366 1450 3520 1523 imo
3589 1448 3681 1522 ad

2139 1569 2439 1641 nullum
2479 1568 2939 1660 faciendum,
2976 1590 3150 1640 cum
3195 1566 3271 1639 in
3343 1564 3687 1664 quolibet

2140 1693 2493 1782 peccaret
2554 1683 3000 1758 mortaliter.
3112 1682 3398 1756 Dicunt
3483 1680 3686 1778 quod

2141 1801 2458 1898 gravius
2491 1809 2845 1898 peccaret
2876 1800 2941 1875 si
3006 1823 3165 1873 non
3241 1800 3549 1873 faceret.
3586 1798 3692 1871 Il-

2139 1916 2274 1990 lud
2322 1940 2475 1991 non
2523 1917 2752 2009 valet,
2798 1916 2983 2013 quia
3036 1915 3422 1990 modicum
3456 1936 3691 1988 reme-

2142 2034 2352 2110 dium
2402 2045 2628 2128 esset,
2687 2058 2862 2110 cum
2919 2034 3093 2131 quis
3144 2033 3457 2108 deberet
3523 2055 3690 2130 pec-

2142 2174 2345 2237 care,
2392 2151 2819 2250 suaderessei
2872 2151 3078 2249 quod
3128 2150 3290 2247 ipse
3340 2158 3691 2247 peccaret

2143 2267 2294 2342 alio
2373 2291 2654 2364 genere
2711 2267 2999 2365 peccati
3069 2266 3458 2358 mortalis;
3532 2289 3687 2340 non

2143 2383 2350 2459 enim
2408 2384 2635 2459 debet
2675 2407 2843 2459 esse
2913 2384 3087 2457 talis
3153 2383 3684 2473 commutatiO,

2143 2501 2351 2597 quod
2394 2500 2831 2585 necessario
2866 2497 2997 2574 fiat
3043 2508 3439 2598 peccatum
3485 2523 3691 2573 mor-

2144 2618 2293 2692 tale
2338 2616 2622 2709 minuS,
2684 2617 2777 2691 ad
2835 2615 3236 2691 vitandum
3307 2615 3556 2713 majus
3612 2614 3691 2688 in

2147 2737 2361 2810 nullo
2396 2758 2606 2810 casu.

2248 2854 2465 2945 Item,
2539 2861 2994 2949 sequeretur
3060 2852 3266 2949 quod
3327 2852 3690 2948 Paganus

2144 2966 2222 3039 in
2252 2967 2505 3040 dando
2539 2970 3109 3065 eleemosynam
3146 2968 3424 3064 pietate
3469 2977 3692 3042 natu-

2145 3083 2316 3178 rali,
2426 3093 2776 3182 peccaret
2874 3085 3318 3159 mortaliter.
3430 3085 3691 3158 Prima

2144 3200 2335 3274 ratio
2368 3200 2598 3297 hujus
2631 3200 3036 3299 positionis
3074 3225 3225 3275 non
3253 3204 3484 3295 valet,
3507 3203 3692 3299 quia

2142 3317 2286 3392 etsi
2345 3317 2557 3392 Deus
2601 3317 2849 3392 voluit
2898 3317 3291 3392 hominem
3362 3319 3471 3393 sic
3513 3343 3688 3417 ope-

2142 3434 2292 3508 rari
2354 3457 2447 3509 ex
2500 3434 2927 3510 intentione
2999 3436 3463 3531 mandantis,
3532 3461 3681 3512 non

2145 3560 2400 3624 tamen
2436 3550 2677 3625 voluit
2730 3552 2873 3624 hoc
2929 3549 3326 3649 imponere
3389 3552 3680 3627 homini

2140 3689 2230 3741 ex
2267 3667 2745 3760 necessitate,
2791 3667 2998 3763 quod
3030 3667 3106 3739 in
3138 3668 3479 3764 quolibet
3509 3679 3679 3742 actu

2139 3794 2342 3858 esset
2395 3783 2780 3879 obligatus
2837 3783 2929 3857 ad
2999 3785 3478 3881 operandum
3539 3786 3682 3859 sub

2138 3901 2270 3974 tali
2303 3900 2752 3985 intentione,
2791 3910 2864 3975 et
2899 3901 2963 3974 si
2995 3902 3328 3975 existens
3369 3902 3445 3974 in
3518 3926 3684 4000 pec·

2139 4024 2308 4090 cato
2381 4015 2677 4089 mortali
2761 4039 2911 4088 non
2998 4017 3271 4090 habeat
3361 4018 3453 4091 ad
3537 4020 3682 4093 hoc

2139 4132 2689 4207 conscientiam
2751 4132 2843 4206 de
2902 4133 3290 4208 reddendo
3358 4134 3676 4232 aliquid,

2139 4251 2342 4348 quod
2386 4250 2669 4345 injuste
2704 4250 3044 4344 abstulit,
3090 4260 3338 4347 potest
3399 4252 3681 4327 habere

2138 4365 2794 4441 vehementiorem
2902 4366 3211 4439 modum
3310 4366 3679 4464 diligendi

2138 4484 2413 4572 Deum,
2490 4504 2722 4578 quam
2792 4482 3004 4554 multi
3094 4481 3506 4557 existentes
3597 4484 3675 4557 in

2137 4599 2411 4696 gratia,
2449 4608 2520 4673 et
2553 4609 2806 4673 tamen
2844 4621 2996 4672 non
3034 4622 3206 4673 eum
3264 4600 3512 4696 diligit
3577 4601 3682 4675 di-

2139 4716 2466 4790 lectione
2502 4714 2922 4809 meritoria,
2967 4738 3111 4789 nec
3151 4724 3406 4790 tamen
3458 4717 3533 4789 in
3570 4718 3680 4792 sic

2138 4831 2528 4927 diligendo
2587 4841 2849 4928 peccat
2929 4854 3130 4904 novo
3175 4842 3514 4929 peccato.
3592 4836 3682 4907 Et

2137 4974 2273 5048 per
2342 4953 2484 5024 hoc
2549 4960 2753 5048 patet
2811 4950 2901 5024 ad
2969 4951 3418 5046 secundam,
3501 4954 3682 5050 quia

2141 5067 2267 5141 ubi
2319 5066 2623 5159 dicitur,
2677 5066 2950 5163 dillqes
2998 5065 3280 5160 Deum,
3326 5079 3467 5142 etc.
3507 5069 3684 5145 dici-

2138 5193 2262 5256 tur
2310 5181 2582 5278 dilz‘qes
2615 5182 3067 5278 proxim-um
3096 5183 3293 5258 sicul
3321 5186 3676 5282 teipsum,

2137 5308 2212 5373 et
2259 5323 2348 5372 ex
2410 5299 2537 5370 illo
2586 5298 2942 5370 oriuntur
2986 5298 3245 5372 omnia
3299 5312 3683 5399 praecepta

2137 5413 2519 5510 negativa.
2566 5412 2789 5486 Nunc
2822 5423 3077 5487 autem
3144 5437 3293 5487 non
3363 5420 3681 5513 permit-

2136 5532 2451 5606 tendum
2545 5539 2659 5604 est
2737 5530 3171 5628 proximum
3246 5534 3667 5629 morisame,

2138 5647 2270 5722 sed
2318 5646 2460 5721 sibi
2521 5645 3139 5721 subveniendum
3212 5648 3287 5720 in
3343 5651 3679 5725 necessi-

3701 685 3756 734 in
3788 685 4010 798 οὶῖατίι-

3857 762 3902 799 e.
