4295 6326
1421 436 1651 509 DIST.
1703 434 1958 507 XVIII.
2007 433 2427 516 QUAESTIO
2475 435 2531 505 Ι.

356 625 740 717 quantum
812 613 1208 691 artificiale
1285 622 1399 690 est
1474 613 1567 690 ad
1662 613 1892 688 talem

3477 433 3561 502 87

2108 613 2223 687 Ad
2256 613 2466 690 aliud
2506 638 2682 690 cum
2742 615 3047 710 dicitur,
3102 612 3549 706 violentum,

3616 663 3694 714 Ad
3721 678 3884 735 quar-

71 768 287 822 Potentia
358 741 685 808 motum.
741 732 918 806 Ideo
973 729 1389 828 aliquando
1441 738 1691 829 potest
1739 751 1908 803 esse
2015 738 2155 806 ecc.
2192 756 2346 808 non
2387 733 2827 833 conserente
2854 736 3011 810 vim
3061 757 3317 833 passe,
3374 742 3558 807 tunc
3678 731 3814 785 ‘⁰¹1¹-

46 835 216 899 triplex.
238 844 328 881 na-

90 897 274 953 turam,
357 850 706 950 potentia
735 848 1043 949 passiva
1069 847 1523 923 naturaliter
1555 853 1906 944 respectu

71 960 274 1009 violenta

52 1030 217 1081 „eum
259 995 328 1073 30
359 968 720 1065 alicujuS,
764 965 1077 1065 quando
1105 975 1219 1041 est
1250 964 1645 1039 inclinatio
1685 973 1914 1038 natu-

64 1102 138 1151 ‘1⁰⁰
163 1101 215 1204 qi
250 1091 294 1135 ¹·
361 1084 545 1158 ralis
615 1110 635 1177 ;
735 1082 1150 1180 aliquando
1241 1090 1358 1155 est
1425 1078 1909 1156 reinclinatio

113 1169 234 1220 Μ’
359 1199 764 1293 naturalis,
796 1222 969 1274 cum
1008 1197 1200 1297 lapis
1240 1196 1481 1272 fertur
1539 1217 1850 1271 sursum
1887 1221 1907 1288 ;

359 1315 777 1415 aliquando
871 1323 1146 1391 neutro
1243 1314 1499 1409 mod0,
1585 1322 1660 1389 et
1737 1311 1914 1387 talis

358 1433 642 1509 dicitur
741 1431 1086 1530 potentia
1185 1430 1495 1530 passiva
1607 1437 1910 1523 neutra,

359 1552 560 1627 sicut
600 1547 1078 1650 superficieS,
1143 1547 1206 1622 si
1262 1555 1464 1622 esset
1526 1554 1909 1645 separata,

356 1677 560 1743 esset
592 1677 868 1743 neutra
907 1674 1256 1764 respectu
1292 1664 1669 1758 colorum,
1729 1661 1916 1761 quia

356 1808 501 1861 nec
554 1783 869 1859 haberet
942 1780 1522 1857 inclinationem
1596 1790 1916 1856 natura-

357 1903 512 1980 lem
539 1909 887 2001 respectu
932 1899 1287 1997 alicujus,
1324 1922 1467 1974 nec
1510 1898 1915 1975 reinclina-

358 2023 651 2099 tionem
685 2030 996 2120 propter
1026 2043 1257 2118 quam
1315 2019 1526 2093 color
1578 2028 1779 2095 esset
1830 2019 1910 2093 in

358 2166 455 2218 ea
495 2140 899 2234 violenter,
946 2137 1122 2213 licet
1163 2137 1387 2211 modo
1429 2161 1587 2212 non
1646 2136 1755 2212 sic
1787 2136 1911 2231 sit,

357 2259 551 2358 quia
623 2256 974 2332 consistit
1036 2255 1115 2329 in
1192 2255 1620 2355 supposito,
1709 2255 1913 2353 quod

358 2376 596 2451 habet
668 2374 896 2449 talem
982 2372 1558 2472 proportionem
1647 2373 1918 2445 humo-

357 2516 568 2579 rum,
614 2514 708 2566 ex
769 2512 925 2588 qua
972 2489 1467 2588 proportione
1518 2486 1919 2585 consurgit

358 2609 541 2685 talis
574 2608 809 2696 color,
847 2606 968 2682 vel
1001 2605 1203 2680 talis.

142 2767 195 2832 3·
463 2724 576 2800 Ad
645 2720 853 2798 aliud
921 2721 1016 2796 de
1063 2721 1134 2793 6.
1192 2720 1538 2819 Metaplz.
1577 2720 1915 2795 concedo

357 2842 572 2941 quod
605 2839 938 2939 Physica
976 2862 1133 2913 non
1176 2839 1347 2914 ideo
1380 2849 1495 2914 est
1547 2838 1910 2938 practica,

358 2983 507 3035 nec
568 2956 841 3048 activa,
923 2979 1066 3031 nec
1133 2978 1224 3032 ex
1292 2956 1424 3031 illa
1486 2953 1921 3031 differentia

357 3074 718 3174 sequitur
748 3072 952 3171 quod
995 3070 1178 3171 quia
1208 3069 1673 3171 principium
1716 3070 1920 3145 facti-

355 3218 549 3270 vum
592 3192 815 3268 estin
857 3199 1236 3278 movente,
1311 3188 1547 3287 igitur
1626 3187 1918 3288 princi-

355 3311 578 3412 pium
674 3309 1011 3386 activum
1090 3307 1560 3384 naturalium
1640 3316 1755 3383 est
1835 3307 1910 3382 in

356 3439 626 3523 moto;
684 3427 818 3506 sed
886 3426 964 3501 in
1015 3424 1547 3502 artificialibus
1609 3427 1912 3501 nullum

355 3546 862 3649 principium,
906 3568 1049 3620 nec
1090 3543 1455 3638 activum,
1491 3566 1634 3619 nec
1666 3542 1920 3641 passi-

357 3692 546 3742 vum
604 3675 722 3740 est
786 3663 864 3737 in
946 3672 1149 3737 moto
1206 3661 1667 3760 inquantum
1731 3662 1920 3738 arti-

359 3783 645 3874 ficiale,
710 3780 893 3877 quia
951 3778 1145 3852 nihil
1174 3788 1288 3853 est
1343 3778 1421 3852 in
1495 3778 1732 3875 lign0,
1793 3781 1917 3854 vel

105 2883 165 2930 Ad
188 2888 276 2931 ter-

128 2948 253 2994 tium.

85 3924 268 3974 nauum
362 3899 650 3997 lapide,
697 3895 845 3974 nisi
899 3895 1249 3969 naturale
1291 3903 1616 3969 tantum.
1651 3893 1960 3969 Omnis·

57 3993 120 4033 at
131 3988 315 4058 ⁸priuci-

101 4050 302 4111 pmmin
365 4017 575 4092 enim
637 4012 910 4088 incisio
964 4011 1070 4085 ibi
1138 4019 1453 4085 causata
1542 4010 1921 4086 violenter

81 4119 305 4164 moto.ut

55 4175 312 4224 minem,
368 4142 514 4226 est,
583 4130 759 4204 ideo
854 4150 1008 4202 non
1099 4136 1212 4202 est
1292 4126 1397 4200 ihi
1496 4126 1919 4225 principale

55 4235 340 4350 ἓξὲξξζξ,
370 4250 769 4352 passivum
802 4248 1152 4322 naturale
1194 4254 1544 4345 respectu
1606 4246 1922 4321 incisio-

61 4363 553 4475 ‘ssssfflmiffi
597 4367 674 4440 in
753 4364 1248 4462 generatione
1307 4386 1489 4439 vero
1587 4363 1920 4439 naturali

68 4490 298 4601 *dm
375 4506 776 4581 nunquam
821 4478 1214 4580 passivum
1281 4479 1565 4578 patitur
1623 4479 1924 4554 violen-

300 4590 314 4602 ’
377 4614 517 4678 ter.
563 4600 774 4676 Licet
804 4597 1008 4675 enim
1044 4607 1318 4692 totum,
1354 4596 1558 4697 quod
1588 4619 1927 4672 corrum-

374 4719 609 4819 pitur,
658 4715 988 4815 patiatur
1024 4712 1429 4806 violenter,
1474 4722 1558 4787 ut
1597 4735 1800 4811 aqua
1828 4714 1923 4789 ab

374 4838 581 4933 igne,
627 4843 886 4907 tamen
955 4829 1422 4930 principium
1498 4829 1922 4928 passivum,

373 4951 581 5049 qnod
659 4948 924 5024 subest
1000 4945 1307 5044 utrique
1404 4947 1698 5040 formae,
1768 4969 1924 5020 non

376 5069 757 5144 violenter
812 5064 1131 5164 recipit3
1177 5062 1308 5139 sed
1375 5063 1449 5137 in
1506 5061 1929 5139 artificiali-

375 5186 527 5258 bus
578 5182 766 5258 illud
852 5181 1056 5281 quod
1162 5180 1453 5267 subest,
1549 5180 1930 5255 violenter

379 5303 648 5401 recipit
689 5299 1189 5392 incisionem3
1223 5298 1358 5374 sed
1407 5298 1728 5375 materia
1788 5321 1932 5373 na-

381 5420 749 5502 turalium
814 5418 939 5492 vel
1027 5415 1256 5490 habet
1354 5415 1928 5492 inclinationem

388 5536 485 5610 ad
558 5535 883 5610 formam
950 5554 1182 5630 quam
1241 5532 1535 5632 recipit,
1593 5535 1713 5609 vel
1774 5556 1930 5609 non

388 5652 614 5728 habet
665 5647 1362 5726 reinclinationem.

2021 848 2563 926 universaliter
2602 861 2716 926 est
2756 851 3147 945 violentia,
3185 848 3563 947 accipien-

2018 964 2113 1038 do
2170 966 2691 1064 conferentem
2763 993 2902 1066 pro
2970 965 3556 1064 contraferente.

2020 1081 2145 1156 Sic
2179 1083 2522 1181 loquitur
2550 1084 3105 1179 Damascenus,
3150 1083 3283 1158 ubi
3324 1081 3566 1180 loqui-

2017 1208 2143 1272 tur
2183 1198 2276 1272 de
2307 1198 2676 1293 violentO,
2714 1200 2897 1297 quia
2936 1223 3091 1274 non
3140 1209 3256 1274 est
3304 1197 3566 1272 conse-

2022 1335 2201 1388 rens
2241 1312 2721 1409 naturaliter,
2785 1314 2916 1389 sed
2975 1313 3231 1411 potius
3275 1320 3569 1387 contra-

2021 1431 2213 1506 riam
2271 1430 2901 1527 inclinationem3
2950 1431 3343 1531 generatio
3382 1453 3566 1506 vero

2019 1549 2239 1623 nulla
2286 1557 2401 1625 est
2447 1547 2790 1627 violenta
2827 1574 2921 1626 ex
2960 1559 3175 1650 parte
3208 1548 3567 1649 principii

2020 1666 2333 1766 passivi.

2117 1782 2418 1857 Dicitur
2454 1783 2689 1881 igitur
2746 1784 2949 1882 quod
3011 1804 3186 1858 cum
3245 1782 3567 1882 plurali-

2022 1908 2137 1975 tas
2168 1922 2322 1973 non
2367 1899 2462 1975 sit
2497 1901 2856 1999 ponenda
2885 1900 3052 1975 sine
3080 1899 3563 1993 necessitate,

2020 2019 2194 2094 ideo
2263 2043 2419 2094 non
2496 2030 2610 2096 est
2684 2020 2764 2094 in
2835 2020 3152 2096 materia
3234 2018 3566 2095 naturali

2023 2135 2285 2234 aliqua
2313 2136 2506 2213 ratio
2539 2137 2960 2229 seminalis,
3019 2161 3195 2236 quae
3245 2137 3338 2213 sit
3390 2161 3567 2236 pars

2022 2253 2318 2347 formae,
2354 2275 2531 2351 quae
2558 2265 2673 2330 est
2712 2278 2889 2354 pars
2928 2253 3123 2353 ejus,
3166 2276 3420 2352 neque
3452 2262 3569 2329 est

2022 2370 2193 2469 ipsa
2230 2370 2581 2465 materia,
2617 2394 2761 2447 nec
2792 2371 3133 2470 potentia
3180 2370 3568 2467 receptiva

2026 2487 2397 2582 materiae,
2488 2511 2632 2564 nec
2714 2499 2931 2565 actus
3003 2517 3023 2584 ;
3121 2511 3373 2587 neque
3454 2498 3571 2563 est

2024 2607 2462 2683 necessaria
2537 2610 2704 2684 hoec
2781 2608 2971 2684 ratio
3039 2606 3433 2685 seminalis
3473 2607 3569 2682 ad

2022 2722 2415 2799 vitandam
2460 2723 2953 2812 creationem,
3008 2732 3142 2800 aut
3193 2721 3574 2799 annihila-

2023 2840 2339 2916 tionem.

2544 3102 2911 3161 SCHOLIUM
2952 3104 3049 3162 111.

2098 3253 2359 3309 Primum
2416 3253 2662 3320 dictum,
2720 3270 2835 3310 non
2887 3254 3206 3327 requiritur
3260 3270 3464 3312 semen
3512 3254 3573 3311 in

2025 3348 2238 3416 agente
2268 3342 2560 3416 aequivoco
2607 3342 2812 3400 saltem
2867 3342 3205 3414 universali,
3278 3361 3466 3417 neque
3512 3345 3573 3401 in

2027 3431 2275 3490 univoco
2303 3432 2643 3489 immediate
2703 3442 3015 3506 generante
3070 3433 3182 3490 sibi
3238 3433 3453 3503 simile,
3511 3438 3578 3492 ut

2029 3522 2265 3596 quando
2294 3521 2449 3595 ignis
2481 3529 2717 3593 generet
2761 3522 3102 3596 ignem‚sed
3153 3523 3470 3597 requiritur
3516 3525 3576 3581 in

2026 3617 2337 3686 generante
2366 3610 2564 3670 simile
2594 3612 2865 3680 mediate,
2900 3619 2962 3669 ut
3021 3613 3079 3670 in
3129 3613 3425 3670 animatis.
3473 3619 3578 3671 Se-

2026 3703 2309 3770 cundum,
2379 3703 2528 3759 ratio
2591 3703 2895 3760 seminalis
2972 3708 3062 3760 est
3135 3704 3261 3776 ipsa
3331 3705 3573 3762 seminis

2026 3795 2236 3862 forma,
2270 3792 2358 3849 vel
2408 3792 2665 3866 qualitas
2719 3810 2985 3864 sequens.
3041 3795 3321 3867 Tertium,
3371 3812 3570 3854 semen

2027 3885 2318 3941 uniforme
2370 3900 2484 3940 non
2537 3889 2626 3940 est
2676 3883 2934 3940 activum
2994 3890 3255 3956 respectu
3313 3887 3566 3954 animas:

2029 3979 2152 4031 tum
2186 3974 2323 4048 quia
2355 3991 2468 4030 non
2499 3977 2590 4031 est
2619 3975 2675 4030 in
2709 3975 2947 4031 instanti
2972 3976 3366 4049 generationis
3398 3994 3413 4045 ;
3447 3987 3567 4034 tum

2027 4065 2398 4138 etium,quis
2455 4065 2851 4139 imperfectius
2908 4067 3151 4139 genito;
3213 4068 3283 4124 de
3333 4084 3450 4140 quo
3506 4068 3566 4124 in

2029 4157 2210 4214 Oxou.
2247 4157 2299 4214 4.
2341 4157 2396 4212 d.
2432 4157 2521 4212 43.
2557 4161 2759 4229 quoest.
2790 4157 2844 4213 2.
2873 4160 3182 4227 Quartum,
3222 4174 3417 4216 semen
3453 4176 3566 4216 non

2030 4246 2142 4321 egit
2178 4247 2235 4302 in
2268 4246 2481 4303 virtute
2512 4246 2876 4315 seminantis,
2910 4248 3049 4320 quia
3099 4248 3242 4304 torte
3299 4266 3411 4305 non
3463 4253 3571 4320 est,

2030 4343 2089 4396 et
2121 4355 2223 4411 per
2250 4338 2518 4394 accidens
2549 4341 2658 4404 est,
2691 4339 2741 4394 si
2772 4343 2883 4406 est,
2932 4338 3000 4394 ed
3051 4339 3334 4395 actionem
3394 4340 3570 4396 semi-

2032 4445 2142 4485 nis.

2131 4609 2454 4684 Declaro
2513 4608 2748 4705 igitur
2797 4607 2871 4682 in
2917 4607 3197 4705 quibus
3239 4617 3352 4684 est
3384 4608 3573 4684 ratio

2035 4723 2459 4818 seminaliS,
2502 4724 2685 4799 etin
2719 4724 3003 4823 quibus
3052 4748 3235 4800 non.
3298 4725 3578 4823 Aliqua

2035 4840 2241 4915 enim
2313 4861 2710 4937 nunquam
2782 4840 3219 4938 producunt
3265 4840 3571 4929 similia,

2035 4957 2236 5032 sicut
2309 4956 2434 5031 Sol
2488 4980 2643 5031 non
2705 4957 3056 5055 producit
3106 4955 3391 5048 Solem,
3445 4958 3576 5033 sed

2037 5095 2304 5147 ranam
2358 5074 2481 5147 vel
2534 5074 2904 5171 plantam,
2956 5082 3100 5148 etc.
3151 5072 3321 5148 Alia
3368 5084 3576 5168 sunt,

2040 5213 2217 5287 quae
2250 5189 2683 5287 producunt
2738 5188 2883 5263 sibi
2954 5188 3263 5283 similia,
3325 5198 3399 5264 et
3439 5192 3583 5264 hoc

2040 5305 2475 5404 dupliciter,
2529 5306 2650 5380 vel
2704 5304 3168 5400 immediate,
3233 5312 3316 5379 ut
3380 5305 3583 5401 ignis

2042 5421 2332 5518 ignem,
2374 5422 2496 5496 vel
2553 5421 2930 5497 mediante
2998 5423 3574 5521 propagatione.

2044 5538 2128 5611 In
2163 5536 2432 5636 primis
2463 5536 2767 5612 duobus
2793 5561 2946 5612 non
2969 5545 3265 5636 oportet
3296 5562 3579 5636 ponere

2045 5674 2306 5727 semen
2398 5651 2763 5747 medium,
2862 5651 3045 5750 quia
3126 5676 3384 5728 semen
3466 5662 3580 5728 est
