4295 6326
1470 392 1697 461 DIST.
1747 390 1939 462 XIX.
1991 391 2409 472 QUAESTIO
2465 391 2696 462 UNlC.
3590 389 3675 458 93

467 565 750 639 dicitur
789 591 966 664 pars
1007 568 1432 642 secundum
1480 568 1905 660 materiam,
1942 576 2048 641 et.

463 682 574 756 sic
616 684 678 757 si
709 684 921 781 prius
963 695 1144 758 sunt
1184 685 1611 759 secundum
1657 686 2007 774 formam,

464 809 735 897 postca
827 801 1194 876 dicuutur
1259 802 1688 877 secundum
1767 810 2014 876 mate—

468 919 686 992 riam.
781 921 918 993 Illa
989 920 1250 1015 igitur,
1322 944 1498 1017 qua}
1584 930 1697 995 est
1765 920 2014 1018 prima

464 1061 700 1110 causa
734 1038 1253 1135 corruptionis
1286 1038 1363 1110 in
1409 1038 1632 1111 nobis
1664 1049 1834 1135 post
1858 1039 2010 1135 lap-

463 1179 668 1246 sum,
715 1156 978 1230 luisset
1013 1155 1086 1227 in
1123 1165 1320 1229 statu
1366 1155 1856 1229 innocentiae.

245 1285 297 1350 5.
564 1271 817 1368 Aliqui
891 1281 1145 1345 tamen
1253 1270 1519 1345 dicunt
1595 1270 1800 1368 quod
1878 1270 2010 1344 illa

463 1412 701 1462 causa
749 1411 898 1460 non
952 1388 1220 1461 fuisset
1255 1397 1462 1480 tuno,
1530 1387 1713 1484 quia
1754 1397 1834 1461 ut
1868 1386 2009 1459 ha-

463 1504 689 1577 betur
723 1503 988 1577 Genes.
1039 1504 1107 1575 3.
1149 1503 1457 1602 quando
1518 1503 1727 1577 Deus
1767 1526 2008 1599 expu—

466 1621 550 1692 lit
625 1621 862 1693 Adam
933 1622 1024 1694 de
1099 1620 1530 1709 ParadiSO,
1578 1619 1801 1694 dixit:
1883 1618 2006 1695 Ne

457 1737 660 1833 sorte
691 1744 943 1812 sumac
970 1738 1061 1811 de
1105 1737 1309 1835 liquo
1333 1738 1538 1831 vit-ze,
1575 1744 1647 1811 el
1685 1737 1899 1811 vivat
1925 1737 2006 1810 in

456 1862 859 1928 aelernum.
937 1854 1178 1950 Igitur
1253 1878 1387 1953 per
1462 1853 1758 1950 lignum
1826 1853 2005 1926 vitae

455 1972 832 2069 potuisset
928 1970 1164 2045 fuisse
1255 1969 1707 2045 restauratio
1795 1968 2005 2043 illius

459 2088 941 2186 perditionis,
1019 2113 1194 2187 quae
1263 2086 1346 2161 fit
1407 2110 1547 2185 per
1620 2086 1999 2162 actionem

2125 566 2308 662 quia
2351 567 2604 639 adhuc
2644 566 2867 640 beata
2929 565 3164 661 Virgo
3199 588 3351 638 non
3396 564 3664 639 fuisset

2123 683 2373 780 prima
2416 683 2714 777 mulier,
2752 693 2825 758 et
2853 692 3110 757 tamen
3161 682 3427 756 fuisset
3475 682 3687 756 bea-⁴

2123 803 2269 876 tior
2300 828 2530 900 quam
2574 803 2836 901 aliqua
2875 803 3048 876 alia.
3089 801 3167 876 si
3211 811 3466 876 autem
3502 800 3662 898 pri-

2123 948 2295 997 mus
2328 926 2557 997 homo
2604 922 3008 997 meruisset
3037 922 3130 996 ad
3173 930 3465 995 certum
3508 930 3662 994 ter-

2122 1042 2447 1135 minum,
2482 1042 2670 1115 nihil
2708 1043 2931 1128 ultra,
2970 1042 3101 1115 sed
3130 1041 3204 1114 in
3232 1041 3362 1114 illo
3396 1048 3655 1131 staret,

2119 1158 2591 1256 expectando
2617 1158 2973 1232 ultimum
3002 1156 3536 1233 transferenda
3557 1181 3658 1250 m,

2097 1299 2271 1349 ‘non
2308 1274 2615 1350 fecisset
2645 1274 2789 1348 sihi
2824 1274 3435 1370 Deusjustitiam
3477 1297 3656 1348 cum

2118 1389 2673 1483 misericordia,
2720 1388 2903 1486 quia
2960 1412 3132 1463 cum
3197 1389 3370 1487 quis
3430 1389 3659 1485 plene

2121 1506 2400 1582 meruit
2462 1506 2783 1602 gradum
2839 1505 3369 1597 beatitudiniS,
3416 1528 3650 1602 quem

2114 1624 2342 1699 debet
2410 1624 2724 1708 habere,
2836 1646 2985 1696 non
3080 1632 3280 1697 esset
3355 1622 3660 1719 justitia

2114 1741 2321 1837 quod
2343 1765 2478 1838 per
2502 1749 2975 1814 momentum
3009 1740 3478 1815 careretillo.
3528 1739 3655 1813 Sic

2115 1856 2348 1953 igitur
2378 1866 2581 1931 stant
2611 1857 2869 1950 simul,
2916 1857 3120 1953 quod
3154 1858 3417 1931 nullus
3470 1856 3659 1931 fuis-

2113 1983 2228 2048 set
2288 1984 2664 2067 mortuus,
2710 1983 2783 2048 et
2840 1983 3096 2048 tamen
3133 1973 3456 2070 quilibet
3509 1997 3647 2071 po-

2117 2092 2385 2167 tuisset
2420 2092 2636 2166 mori.

461 2206 688 2279 calidi
739 2207 1114 2281 naturalis
1173 2206 1250 2279 in
1320 2205 1725 2280 humidum
1799 2205 2006 2279 radi·
2098 2253 2104 2259 ·

462 2324 653 2398 cale.

153 2464 432 2577 ‘fil‘gssefgss’i‘
561 2442 870 2535 Contra,
931 2441 1488 2516 nutrimentum
1568 2440 1772 2537 quod
1817 2463 2006 2514 con-

159 2591 411 2661 ,ηςεςιιοηρ
464 2560 812 2651 vertitur,
852 2558 926 2630 in
988 2557 1365 2655 principio
1433 2566 1546 2632 est
1599 2556 1998 2648 dissimile,

158 2653 407 2777 [ξῃῖῑῗῗιέζ
460 2688 532 2753 et
575 2677 652 2750 in
702 2675 855 2750 fine
897 2675 1176 2769 simile,
1204 2676 1461 2772 primo
1514 2675 1606 2749 de
1664 2674 2003 2748 Genera—

456 2796 688 2883 tione,
729 2800 911 2866 teJJt.
946 2791 1064 2863 35.
1104 2790 1578 2887 Principium
1607 2790 1794 2864 illud
1829 2790 2003 2864 acti-

456 2936 638 2983 vum
662 2917 1125 2985 convertens
1158 2906 1720 2981 nutrimentum
1748 2930 2004 3005 sump-

453 3039 613 3103 tum
647 3029 738 3102 de
766 3028 973 3125 ligno
1007 3027 1210 3119 vitre,
1251 3025 1513 3100 suisset
1547 3048 1785 3121 agens
1806 3025 2003 3123 Phy-

2651 2375 3005 2433 SCHOLIUM
3048 2376 3118 2433 11.

2183 2543 2244 2598 In
2277 2548 2429 2599 statu
2465 2544 2810 2601 innocentiae
2844 2546 3190 2604 universalis
3222 2565 3336 2605 non
3370 2550 3655 2607 evenisset

2109 2648 2289 2702 mors,
2321 2648 2560 2689 excessu
2582 2633 2668 2690 vel
2693 2635 2919 2691 defectu
2954 2637 3089 2704 cibi,
3124 2654 3226 2693 nec
3258 2657 3289 2694 a
3319 2639 3653 2696 continente

2108 2722 2581 2779 disconveniente
2636 2744 2651 2789 ς
2720 2740 2828 2782 nec
2882 2727 2955 2782 ab
3001 2730 3242 2800 Angelo,
3300 2728 3501 2793 bestia,
3565 2731 3648 2786 vel

2109 2810 2342 2868 bomine
2373 2812 2488 2868 vim
2518 2813 2819 2871 inter-ente.
2857 2816 2925 2871 Et
2953 2816 3205 2888 explicat
3234 2818 3485 2890 singula.

2204 3025 2314 3099 De
2391 3049 2625 3099 causa
2714 3028 3055 3102 secunda
3130 3031 3647 3127 corruptionis
3812 3037 3873 3102 7.

2105 3142 2573 3237 intrinsecae,
2647 3144 2936 3220 scilicet
3013 3145 3106 3221 de
3174 3146 3648 3223 abundantia
3678 3149 3999 3215 Stantejus.

453 3146 748 3239 sicum3
798 3144 1035 3241 igitur
1068 3143 1142 3217 in
1216 3142 1514 3240 agendo
1561 3141 1829 3217 suisset
1878 3141 2001 3216 de·
3680 3213 3999 3264 mmmm,

454 3264 884 3356 bilitatum3
942 3262 1176 3358 igitur
1217 3285 1370 3334 non
1406 3260 1654 3359 potuit
1720 3268 2001 3334 restau-
2106 3261 2447 3337 alimenti
2496 3262 2815 3360 accepti,
2871 3265 2991 3338 vel
3053 3266 3420 3362 carentia,
3476 3268 3644 3342 dico
3741 3278 3935 3388 *iersali

457 3405 622 3455 rare
668 3380 925 3477 prius,
959 3403 1186 3477 quam
1274 3376 1499 3452 tuerit
1538 3376 1877 3454 activum
1918 3376 1995 3448 in
2105 3379 2311 3475 quod
2345 3388 2592 3453 stante
2619 3378 3060 3455 innocentia
3092 3381 3165 3455 in
3203 3384 3645 3480 particulari
3680 3341 3999 3453 ῗένὲῗιῗυᾞὲζ

3741 3479 3844 3523 me.
3881 3468 3966 3516 vet

453 3497 768 3571 instanti
805 3495 1411 3570 restaurationis.
1451 3494 1693 3590 Igitur
1732 3493 1998 3568 fuisset

453 3614 881 3688 debiliusin
917 3614 1292 3688 sumendo
1327 3612 1419 3686 de
1454 3612 1663 3708 ligno
1691 3612 1893 3704 vitae,
1926 3622 1999 3686 et

459 3732 763 3805 tandem
825 3730 1176 3828 sequitur
1242 3753 1476 3822 mom,
1558 3728 1756 3803 sicut
1833 3729 2000 3801 vult

457 3850 980 3946 Philosophus
1024 3849 1088 3921 1.
1155 3846 1246 3921 de
1288 3847 1563 3920 Gener.
1624 3852 1806 3920 teaet.
1872 3846 1991 3918 42.

456 3966 546 4040 dc
635 3966 817 4039 vino
892 3966 1312 4063 lympham,
1386 3964 1593 4062 quod
1687 3964 2000 4038 tandem

456 4084 807 4179 sequitur
838 4082 1254 4180 corruptio,

265 4231 321 4296 (ς,
554 4202 740 4275 Dico
808 4200 1038 4297 igitur
1079 4199 1284 4296 quod
1352 4199 1674 4295 quilibet
1716 4200 2001 4297 potuis-

183 4344 398 4406 tuprimo
458 4328 568 4391 set
667 4318 887 4410 mori,
977 4327 1234 4392 tamen
1330 4315 1654 4412 quilibet
1733 4316 2001 4391 fuisset

157 4415 409 4520 ἶῖἷέξζξᾟζ
459 4437 1321 4530 translatuS,antequam
1357 4431 1604 4505 virtus
1644 4455 1784 4540 sua
1811 4433 1998 4508 suis-

159 4533 413 4646 ss‘fffflg‘,
458 4563 567 4626 set
666 4547 1532 4648 improportionabiliter
1603 4547 1998 4624 debilitata

233 4659 349 4706 ⁸¹⁸⁰·
458 4669 546 4741 ad
570 4667 964 4764 hoc,quod
1000 4667 1259 4740 anima
1298 4675 1498 4739 esset
1530 4665 1607 4737 in
1642 4689 1988 4763 corpore.

461 4786 545 4857 Et
611 4784 740 4857 illa
810 4782 1207 4856 translatio
1270 4780 1533 4855 suisset
1589 4780 1827 4876 justa,
1892 4782 1996 4856 ita

461 4910 706 4974 tamen
736 4900 941 4997 quod
968 4923 1120 4972 non
1151 4898 1378 4972 simul
1413 4897 1733 4972 luissent
1755 4906 1996 4973 trans-

457 5019 800 5111 lationcS,
891 5017 1022 5091 sed
1123 5015 1586 5090 successive.
1661 5015 1857 5101 Quia
1925 5017 1990 5091 si

453 5158 716 5208 omnes
750 5132 1144 5207 stetissent
1186 5154 1430 5228 usque
1475 5131 1567 5204 ad
1633 5130 1987 5204 ultimum

453 5250 838 5324 hominem
894 5248 1539 5332 transferendum,
1596 5255 1778 5319 tunc
1833 5246 1989 5344 pri-

452 5392 640 5462 mus,
686 5370 753 5444 si
821 5367 1185 5443 continue
1246 5376 1670 5441 mereretur
1709 5388 1989 5462 quam-

449 5483 570 5557 diu
602 5483 927 5575 viveret,
960 5504 1262 5578 semper
1294 5481 1752 5576 regulariter
1783 5490 1986 5555 esset

449 5602 758 5677 beatior.
797 5599 1285 5681 Contrarium
1316 5607 1431 5674 est
1458 5599 1976 5692 manifestum,

2106 3505 2362 3594 posset
2393 3520 2595 3571 mors
2627 3496 2992 3572 accidisse
3016 3499 3434 3591 innocenti,
3466 3503 3649 3599 quia
3726 3530 3961 3593 crapula.

2106 3613 2407 3710 parvuli
2440 3622 2620 3688 tunc
2676 3638 2829 3688 non
2897 3616 3351 3693 habuissent
3421 3644 3643 3694 usum

2108 3729 2658 3823 membrorum,
2723 3738 2797 3804 et
2857 3729 3024 3806 sine
3076 3732 3441 3808 alimento
3492 3759 3647 3810 non

2107 3844 2239 3918 diu
2270 3845 2734 3920 mansissent
2769 3873 2788 3938 3
2826 3846 3063 3942 igitur
3129 3850 3192 3922 si
3248 3851 3447 3926 alius
3496 3876 3648 3927 non

2106 3960 2440 4035 dedisset
2480 3962 2590 4036 eis
2631 3961 3112 4057 alimentum,
3176 3988 3646 4064 quamquam

2106 4077 2230 4152 ille
2264 4088 2636 4176 peccaret,
2683 4079 2811 4153 alii
2864 4089 3116 4154 tamen
3163 4093 3649 4158 morerentur

2105 4196 2331 4289 fame,
2369 4204 2614 4270 stante
2693 4195 3164 4291 innocentia,
3237 4209 3310 4272 et
3377 4200 3647 4275 eodem

2106 4312 2333 4385 modo
2384 4310 2746 4404 adultus3
2800 4311 2861 4385 si
2933 4312 3131 4386 alius
3189 4315 3512 4409 gulosus
3574 4318 3646 4390 vi

2105 4427 2484 4525 rapuisset
2523 4427 2780 4501 cibum
2826 4452 3085 4521 suum,
3140 4441 3214 4504 et
3279 4433 3647 4508 comedis-
3693 4497 3695 4499 .

2103 4554 2242 4637 set,
2280 4555 2352 4619 et
2418 4544 2645 4618 simul
2704 4545 2871 4640 plus
2936 4568 3161 4643 aequo
3240 4558 3637 4646 acceptum

2104 4661 2495 4736 nocuisset
2576 4671 2786 4754 tunc,
2868 4661 3065 4736 sicut
3158 4686 3390 4739 nunc.
3494 4667 3642 4743 Sed

2103 4789 2347 4854 stante
2389 4779 2830 4854 innocentia
2865 4779 2941 4853 in
3000 4781 3448 4878 universali,
3486 4810 3640 4859 non

2099 4895 2368 4970 fuisset
2400 4895 2677 4993 aliquis
2712 4906 3061 4970 mortuus
3092 4920 3184 4971 ex
3225 4898 3355 4973 illa
3377 4924 3637 4997 causa,
3713 4911 3717 4918 ’

2098 5012 2280 5109 quia
2334 5011 2397 5085 si
2452 5012 2687 5086 adulti
2728 5035 2882 5085 non
2926 5012 3197 5087 darent
3263 5018 3635 5113 parvuliS,

2097 5130 2242 5228 ipsi
2284 5154 2439 5203 non
2482 5138 2738 5204 essent
2804 5129 3303 5227 innocentes3
3362 5135 3638 5208 simili-

2095 5256 2210 5320 ter
2263 5246 2673 5320 comedens
2749 5247 3159 5345 plusquam
3217 5248 3624 5340 sufficeret,

2094 5370 2511 5461 peccasset.

2189 5481 2299 5555 De
2365 5478 2584 5554 tertia
2650 5502 2883 5553 causa
2949 5482 3454 5578 corruptionis
3548 5484 3622 5557 in
3658 5508 3976 5578 Nouasque-

2089 5596 2340 5691 nobis,
2377 5618 2553 5694 quae
2611 5604 2726 5669 est
2773 5594 3168 5692 dispositio
3219 5599 3624 5675 continen-
3658 5578 3975 5690 ‘Jssussoffiff

3920 5991 4063 6072 Γ
