4295 6326
285 1154 592 1204 Intellectus

286 1232 392 1268 non
427 1220 605 1280 potest

642 400 765 464 128

636 567 1254 659 indeterminata,
1301 567 1528 640 simul
1581 567 1854 639 faceret
1899 573 2190 639 utrum-

636 707 786 781 que
860 686 980 757 vel
1063 692 1476 774 neutrum3
1571 682 1807 777 igitur
1890 688 2190 778 oportet

636 802 841 899 quod
883 800 960 873 in
1005 801 1134 873 illo
1176 799 1518 891 instanti,
1563 798 1638 870 in
1693 821 1845 895 quo
1898 798 2183 890 evenit,

635 919 943 994 eveniat
1011 942 1053 991 a
1111 940 1345 991 causa
1402 915 1995 989 indeterminata
2062 938 2189 1012 po·

635 1046 841 1111 tonte
884 1058 964 1110 se
1006 1033 1543 1108 determinare.

733 1152 959 1245 Dicit,
1052 1150 1195 1224 ista
1281 1146 1812 1223 determinatio
1898 1156 2012 1221 est
2096 1170 2189 1220 ex

285 1279 606 1330 determina·
637 1281 848 1370 parte
913 1269 1344 1342 intellectus
1411 1266 1521 1339 sic
1562 1263 2188 1362 repraesentantis

285 1358 339 1393 rc
375 1343 572 1392 volun-

311 1410 472 1455 tatem
507 1407 571 1455 aa
638 1386 1018 1483 objectum
1091 1381 1508 1457 voluntati.·

346 1472 538 1517 uotum.

647 1555 654 1563 -
734 1504 1041 1594 Contra,
1102 1500 1536 1573 intellectus
1597 1494 2184 1571 indeterminate

633 1645 713 1695 se
767 1620 1062 1693 habens
1125 1616 1217 1691 ad
1259 1618 1403 1689 hoc
1449 1615 1602 1690 fore
1653 1624 1726 1689 et
1787 1638 1939 1687 non
1996 1614 2178 1702 iore,

631 1764 785 1813 non
851 1746 1100 1835 potest
1158 1735 1671 1809 determinare
1732 1755 1842 1826 se,
1902 1731 2044 1805 nisi
2088 1732 2182 1804 ad

630 1877 869 1927 unum
948 1852 1265 1925 istorum
1344 1849 1488 1921 nisi
1567 1847 2006 1945 sophistice.
2101 1844 2182 1919 Si

624 1970 829 2045 enim
913 1966 1367 2042 determinet
1434 1988 1513 2039 se
1579 1965 1672 2038 ad
1732 1988 1973 2038 unum
2044 1986 2181 2060 per

629 2072 999 2163 rationem
1089 2084 1632 2176 necessariam,
1705 2084 1796 2157 ad
1867 2082 2180 2179 opposi-

623 2215 783 2279 tum
830 2228 982 2277 non
1035 2210 1282 2300 potest
1322 2198 1832 2274 determinare
1874 2222 1981 2288 se,
2029 2196 2175 2272 nisi

623 2319 1208 2420 paralogizetur.
1279 2317 1357 2390 Si
1428 2316 1663 2413 igitur
1712 2315 2181 2389 determina-

622 2440 725 2512 tio
789 2447 990 2514 esset
1030 2436 1122 2510 ad
1182 2459 1421 2510 unum
1468 2433 1805 2526 illorum,
1850 2434 1944 2507 ad
2000 2456 2178 2530 quae

624 2583 704 2633 se
740 2558 971 2632 habet
1019 2554 1583 2649 contingenter,
1629 2553 1878 2626 solum
1926 2552 2020 2626 ab
2072 2553 2181 2625 in-

626 2676 963 2768 tellectu,
1012 2676 1155 2747 hoc
1190 2695 1342 2746 non
1387 2680 1643 2769 posset
1675 2669 1820 2744 nisi
1856 2669 2180 2767 inquan-

627 2803 787 2865 tum
834 2786 1500 2888 paralogizabilis3
1556 2785 1791 2881 igitur
1830 2806 1873 2857 a
1912 2787 2180 2860 volun-

627 2920 775 2984 tate
847 2907 1036 2980 nihil
1102 2912 1359 3003 posset
1402 2902 1840 2976 immediate
1888 2902 2181 2976 contin-

626 3034 894 3120 genter
948 3020 1256 3095 evenire
1297 3078 1311 3105 ‚
1358 3029 1431 3092 et
1482 3017 1881 3115 probatum
1931 3025 2044 3090 est
2095 3018 2177 3091 in

576 3141 877 3239 ·pre‘mo
935 3140 980 3231 ⁶,
1026 3136 1231 3234 quod
1274 3145 1456 3208 tunc
1504 3132 1689 3207 nihil
1733 3132 2177 3230 contingen-

548 3253 558 3264 “
629 3271 744 3336 ter
766 3258 1135 3350 eveniret,
1169 3279 1343 3330 cum
1380 3255 1455 3327 in
1490 3254 1882 3328 voluntate
1913 3253 2174 3328 divina

624 3377 721 3452 sit
763 3374 1119 3475 ponenda
1162 3371 1408 3471 prima
1470 3369 1660 3444 ratio
1717 3370 2177 3467 contingen-

623 3496 777 3568 tiae.
1916 3570 1923 3577 ι

719 3611 935 3702 Item,
1015 3607 1449 3680 intellectus
1540 3626 1688 3677 non
1766 3610 1879 3676 est
1942 3625 2177 3679 causa

617 3727 1102 3822 contingenS,
1176 3745 1348 3796 cum
1410 3720 1581 3794 talis
1631 3719 1825 3794 actio
1884 3719 1980 3792 sit
2037 3745 2175 3817 per

621 3844 931 3918 modurn
983 3851 1308 3932 naturae,
1370 3837 1540 3911 ideo
1596 3835 1873 3910 dicitur
1931 3837 2170 3913 Filius

615 3960 1028 4060 procedere
1085 3981 1220 4055 per
1274 3955 1585 4028 modum
1638 3963 1962 4028 naturae.

710 4078 962 4169 DiceS,
1024 4073 1543 4170 Philosophus
1606 4069 1875 4142 dividit
1941 4082 2164 4145 natu-

614 4222 771 4273 ram
835 4204 1102 4269 contra
1168 4191 1641 4263 intellectum
1696 4197 1769 4262 et
1817 4212 2076 4284 agens*
2120 4214 2166 4263 a

611 4313 1006 4415 proposito
1081 4338 1098 4402 3
1207 4331 1358 4381 non
1470 4305 1702 4401 igitur
1808 4305 2164 4402 intelligit

609 4431 812 4531 quod
877 4428 1311 4501 intellectus
1371 4422 1468 4496 sit
1525 4445 1759 4495 causa
1798 4445 1936 4518 per
1997 4446 2163 4496 mo-

609 4551 789 4622 dum
848 4553 1174 4619 naturae.
1998 4554 2006 4560 ¹

703 4665 920 4755 Dico,
966 4658 1171 4757 quod
1226 4656 1661 4730 intellectus
1729 4663 1973 4751 potest
2027 4678 2159 4728 ac-

608 4781 755 4881 cipi
827 4775 1252 4854 secundum
1326 4771 1527 4870 quod
1599 4780 1713 4844 est
1798 4770 2155 4868 quaedam

607 4894 951 4996 potentia
1034 4887 1453 4986 operativa,
1535 4887 1655 4958 vel
1725 4885 2153 4958 secundum

607 5011 812 5113 quod
881 5006 1314 5081 intellectus
1395 5012 1470 5076 et
1544 5002 1902 5074 voluntas
1974 5013 2157 5076 sunt

602 5126 1067 5229 principium
1168 5119 1706 5195 concurrentia
1802 5128 2152 5215 respectu

603 5240 1267 5347 practicabilium,
1388 5260 1562 5334 quae
1678 5235 2157 5310 extrinsecus

601 5365 1137 5466 producuntur
1186 5379 1320 5455 per
1373 5354 1845 5428 intellectum
1898 5362 1971 5427 et
2018 5377 2144 5427 vo-

608 5485 1006 5558 luntatem.
1079 5475 1335 5547 Primo
1413 5471 1638 5545 modo
1702 5493 1969 5567 parum
2039 5474 2155 5545 lo-

601 5600 867 5697 quitur
962 5590 1483 5687 Philosophus
1559 5587 1652 5661 de
1727 5587 2144 5675 intellecm,

2049 391 2288 458 LIBRI
2341 391 2426 460 Π.

2304 565 2433 638 sed
2490 564 2829 640 secundo
2877 565 3098 639 modo
3130 567 3455 639 multum
3499 565 3847 662 frequen-

2297 691 2410 755 ter
2467 684 2616 757 fere
2673 706 2821 779 Per
2877 689 3111 756 tolum
3175 681 3456 756 librum
3522 683 3845 757 Ethico-

2295 821 2492 877 rum..
2561 806 2634 872 et
2701 800 2771 871 9.
2857 799 3366 898 Metaplzysz'c.
3457 806 3529 873 et
3600 799 3668 871 3.
3752 800 3846 873 de

2295 914 2613 1007 Anima,
2678 922 2749 989 et
2813 915 2881 986 2.
2966 915 3270 1013 Pleysic.
3340 915 3433 989 de
3497 915 3847 1011 potentia

2297 1032 2660 1105 rationali
2683 1060 2709 1114 ,·
2737 1042 2808 1105 et
2841 1031 2984 1104 isto
3031 1032 3253 1104 modo
3294 1054 3533 1125 agens
3572 1053 3708 1129 per
3741 1031 3846 1103 in-

2297 1149 2680 1222 tellectum
2735 1146 3234 1243 distinguitur
3283 1157 3548 1221 contra
3606 1171 3843 1243 agens

2296 1286 2433 1360 per
2473 1274 2852 1339 naturam.
2903 1264 3192 1337 Praeter
3233 1265 3403 1356 hoc,
3460 1263 3625 1338 sine
3667 1288 3843 1337 con-

2296 1381 2744 1456 tradictione
2792 1390 3047 1479 posset
3088 1404 3254 1456 esse
3306 1382 3689 1479 appetitus
3735 1383 3842 1454 iu-

2295 1498 2723 1572 tellectivus
2792 1523 2945 1573 non
3007 1506 3280 1595 potens
3339 1521 3420 1573 se
3475 1498 3840 1572 determi-

2292 1640 2505 1710 nare,
2596 1617 2728 1692 sed
2834 1627 3204 1714 appetens
3294 1641 3431 1714 per
3525 1618 3835 1691 modum

2291 1746 2617 1828 naturae,
2698 1734 2895 1809 sicut
2971 1733 3193 1831 fingit
3269 1736 3682 1810 Anselmus
3748 1736 3840 1809 de

2290 1877 2468 1928 casu
2513 1852 2854 1938 Diaboli,
2896 1877 3060 1950 cap.
3139 1852 3252 1924 12.
3318 1854 3521 1950 quod
3592 1854 3837 1951 primo

2290 1977 2491 2043 esset
2536 1992 2736 2043 unus
2776 1970 3142 2065 AngeluS,
3189 1969 3319 2066 qui
3366 1970 3680 2043 haberet
3733 1970 3842 2043 in-

2291 2087 2674 2161 tellectum
2728 2088 2849 2161 vel
2892 2086 3309 2184 appetitum
3357 2096 3681 2180 tantum,
3736 2088 3841 2162 ita

2290 2203 2493 2303 quod
2610 2214 2868 2302 posset
2981 2203 3262 2278 habere
3357 2202 3835 2278 affectionem

2288 2320 2697 2413 commodi,
2761 2330 2835 2394 et
2882 2343 3036 2393 non
3081 2320 3391 2393 daretur
3436 2318 3578 2393 sibi
3622 2320 3838 2395 affec-

2286 2436 2388 2509 tio
2420 2435 2636 2533 justi.
2684 2437 2832 2511 lste
2872 2438 3213 2531 Angelus
3254 2459 3425 2511 cum
3472 2461 3624 2512 non
3671 2462 3838 2537 pos-

2285 2553 2381 2628 sit
2436 2562 2792 2652 appetere
2845 2552 2991 2627 nisi
3036 2562 3327 2627 tantum
3386 2554 3833 2650 intelligibi-

2288 2673 2412 2761 lia,
2494 2683 2568 2748 et
2654 2673 2796 2746 hoc
2891 2695 3027 2769 per
3101 2673 3409 2746 modum
3502 2683 3828 2768 naturae,

2284 2788 2483 2863 sicut
2539 2812 2745 2863 nunc
2800 2788 3183 2886 appetitus
3236 2789 3653 2865 sensitivus
3711 2814 3836 2888 ap-

2285 2904 2468 3003 petit
2508 2928 2645 3003 per
2682 2905 2994 2978 modum
3039 2915 3335 2979 natura}
3376 2906 3835 2981 convenien-

2289 3021 2387 3094 tia
2418 3021 2844 3096 secundum
2878 3044 3221 3115 sensum,
3260 3045 3400 3096 nec
3440 3032 3833 3120 appeteret

2286 3138 2411 3213 ille
2491 3136 3034 3216 convenientia
3111 3138 3535 3212 secundum
3608 3138 3834 3215 intel-

2288 3256 2593 3327 lectum.
2684 3252 2889 3326 Nihil
2971 3253 3205 3350 igitur
3288 3265 3403 3329 est
3487 3266 3827 3330 creatum

2281 3379 2561 3467 praeter
2620 3370 3123 3463 voluntatem,
3186 3391 3362 3465 quae
3424 3381 3672 3468 potest
3747 3395 3827 3446 se

2282 3485 2793 3560 determinare
2853 3508 2945 3559 ex
3011 3508 3121 3578 se,
3192 3495 3266 3559 et
3343 3510 3477 3583 per
3552 3512 3829 3563 conse-

2281 3626 2528 3701 quens
2579 3602 2769 3675 nihil
2821 3601 3029 3676 aliud
3081 3612 3421 3678 creatum
3481 3627 3526 3679 a
3570 3628 3650 3679 se
3703 3631 3827 3704 po-

2285 3730 2423 3795 test
2463 3744 2630 3795 esse
2682 3743 2914 3795 causa
2966 3720 3219 3794 totalis
3276 3722 3693 3798 volitionis.

2374 3838 2484 3910 Ad
2517 3837 2849 3936 primum
2893 3837 3342 3934 principale,
3374 3839 3822 3914 sustinendo
3968 3859 4076 3924 21,

2275 3955 2478 4050 quod
2540 3953 2922 4049 objectum
2987 3963 3239 4029 movet
3290 3954 3633 4031 effective
3683 3983 3823 4032 vo·
3851 3972 4174 4047 Νυμφ-

2274 4069 2673 4159 luntatem,
2727 4089 2877 4139 non
2935 4075 3187 4140 tamen
3245 4077 3358 4141 est
3415 4092 3648 4143 causa
3702 4081 3819 4145 to-
3854 4039 4176 4162 ¹‘0¹i¹}>a¹ii¹⁰'

2272 4183 2467 4272 talis,
2516 4192 2697 4256 tunc
2748 4182 3160 4257 auctoritas
3217 4184 3643 4261 Aristotelis
3705 4198 3819 4262 est
3916 4168 4105 4225 ‘'⁰⁸⁸⁸“

2270 4323 2406 4396 pro
2465 4323 2610 4373 me.
2674 4298 2813 4374 Vel
2884 4299 3334 4374 sustinendo
3394 4303 3599 4398 quod
3658 4313 3818 4378 tan-

2266 4427 2430 4492 tum
2482 4416 2893 4515 appetibile
2952 4427 3205 4491 movet
3267 4420 3810 4516 metaphoiice,

2267 4543 2450 4608 tunc
2554 4534 2720 4607 vult
2828 4533 3272 4608 Aristoteles
3386 4535 3813 4633 intelligere

2268 4649 2472 4747 quod
2541 4650 2738 4724 sicut
2801 4649 3210 4747 appetibile
3273 4662 3527 4727 movet
3593 4677 3815 4753 appe·

2269 4767 2489 4840 titum
2588 4765 3137 4863 metaphorice,
3234 4765 3340 4839 ita
3431 4771 3815 4867 appetitus

2269 4893 2521 4957 motus
2591 4892 2844 4959 movet
2912 4881 3252 4957 effective
3347 4885 3630 4960 animal
3719 4888 3812 4962 ad

2265 4999 2830 5096 exequendum,
2925 5007 3003 5073 ut
3096 4999 3540 5095 acquiratur
3624 5003 3813 5078 illud

2264 5116 2702 5214 appetibile.

2361 5236 2451 5307 Et
2504 5258 2678 5307 curn
2758 5232 3062 5318 dicitur,
3126 5242 3313 5309 tunc
3368 5236 3813 5333 aequivoca·
3838 5238 3957 5289 N⁰¹¹
3996 5240 4164 5290 ΜΟΙ-

3837 5303 3914 5353 vit
3942 5316 4010 5351 an
4048 5304 4141 5352 ob·

2265 5362 2400 5445 ret,
2438 5351 2626 5426 illud
2670 5350 2862 5425 nihil
2905 5352 3134 5444 valet,
3172 5352 3354 5448 quia
3394 5354 3646 5429 adhuc
3690 5356 3811 5429 in-
3836 5365 4135 5477 cogeggssffit

2265 5479 2376 5544 ter
2444 5468 2587 5543 ista
2644 5480 2758 5545 est
2806 5468 2992 5541 ordo
3053 5470 3480 5542 secundum
3561 5495 3809 5566 genus
3837 5493 3902 5540 aa
3944 5489 4157 5540 volitio-

2265 5610 2520 5662 causae
2598 5586 3043 5684 posterioris
3107 5588 3199 5661 ad
3281 5589 3494 5686 prius
3560 5616 3809 5686 genus
3932 5566 4076 5602 ''eu''
