4295 6326
1502 444 1731 513 DIST.
1783 444 1836 544 lf.
1889 443 2307 523 QUAESTlo
2358 441 2446 512 V.

407 624 616 699 Deus
650 630 897 721 potest
928 620 1174 695 facere
1216 620 1308 692 de
1360 641 1513 691 non
1552 615 1849 711 virgine
1883 624 1957 687 et

411 741 502 813 de
538 762 690 812 non
723 735 1158 833 integritate
1193 734 1449 809 carnis
1481 734 1600 807 vel
1643 729 1950 817 animae,

411 860 788 953 integram
877 854 1389 951 integritatem
1468 848 1750 926 animae
1834 847 1955 920 vel

414 973 788 1072 corporis.

514 1089 651 1164 Vel
695 1098 942 1187 potest
994 1086 1317 1181 intelligi
1363 1107 1498 1182 per
1558 1079 1956 1178 virqim'ta-

416 1213 565 1280 tem
642 1205 948 1302 negatio
1000 1202 1335 1302 positivi,
1399 1210 1472 1276 et
1569 1195 1956 1274 revocatio

421 1322 735 1398 rationis
781 1322 1160 1397 transiens
1200 1320 1276 1392 in
1326 1316 1831 1415 praeteritum,
1882 1321 1963 1385 ut

416 1462 816 1536 nunquam
851 1439 1048 1512 velle
1109 1436 1218 1511 sic
1278 1456 1665 1533 peccasse,
1738 1440 1812 1504 et
1852 1429 1961 1504 sic

416 1578 570 1652 non
605 1563 854 1652 potest
891 1552 1100 1625 Deus
1143 1552 1388 1624 facere
1430 1547 1809 1644 virginem
1867 1544 1960 1617 de

419 1693 571 1742 non
612 1668 944 1765 virgine,
990 1665 1174 1764 quia
1217 1688 1372 1739 non
1427 1671 1671 1761 potest
1715 1663 1958 1734 facere

419 1786 605 1884 quin
634 1796 851 1860 actus
883 1808 1037 1882 quo
1090 1781 1585 1856 amittebatur
1652 1775 1962 1873 virgini-

424 1914 562 1996 tas,
617 1899 1007 1976 transierit
1044 1898 1119 1971 in
1184 1896 1685 1996 praeteritum,
1748 1893 1957 1991 quia,

420 2030 504 2094 ut
555 2018 842 2093 dictum
922 2026 1061 2109 est,
1161 2014 1300 2088 hoc
1365 2010 1525 2086 solo
1605 2010 1966 2109 privatur

425 2136 633 2211 Deus
684 2133 1026 2232 inqenila
1045 2131 1304 2229 facere
1327 2153 1497 2227 quae
1519 2126 1728 2226 facta
1755 2130 1958 2215 sunt,

424 2253 620 2328 sicut
659 2276 802 2327 nec
834 2259 1083 2349 potest
1123 2249 1370 2323 facere
1434 2246 1525 2320 de
1571 2247 1766 2318 furto
1810 2266 1961 2315 non

425 2372 496 2444 fu
514 2379 738 2455 rtum,
775 2366 957 2464 quia
997 2389 1149 2439 non
1204 2371 1453 2462 potest
1493 2362 1741 2436 facere
1777 2357 1962 2457 quin

432 2488 589 2581 ille,
635 2485 767 2585 qui
816 2486 1112 2559 furatus
1152 2491 1292 2574 est,
1328 2480 1426 2555 sit
1466 2481 1786 2564 furatuS,
1825 2500 1967 2551 nec

430 2603 520 2677 de
562 2601 949 2699 praeterito
983 2622 1139 2674 non
1189 2595 1691 2697 praeteritum.

528 2726 618 2797 Et
650 2720 883 2815 hujus
936 2717 1125 2792 ratio
1194 2723 1335 2807 est,
1374 2712 1558 2810 quia
1622 2711 1973 2809 impossi-

432 2840 581 2916 bile
615 2845 729 2912 est
769 2833 1246 2932 simpliciter,
1280 2840 1358 2904 ut
1388 2828 1701 2925 aliquod
1733 2850 1972 2923 agens

435 2957 656 3031 faciat
685 2955 777 3028 de
821 2975 975 3025 non
1024 2959 1197 3025 ente
1230 2972 1384 3022 non
1455 2970 1619 3021 ens.
1657 2944 1975 3019 Contin-

70 1113 368 1177 Virginitas

112 1177 323 1240 duplex.

433 3073 542 3170 git
573 3070 781 3146 enim
825 3066 1148 3167 positive
1196 3067 1439 3139 facere
1482 3064 1575 3138 de
1610 3086 1764 3135 non
1799 3070 1972 3136 ente
2025 3081 2032 3087 ·

436 3215 600 3278 ens,
646 3199 730 3262 ut
762 3195 967 3285 patet
997 3185 1071 3257 in
1137 3182 1548 3269 creatione,
1595 3189 1668 3254 et
1717 3179 1977 3277 priva-

441 3309 588 3383 tive
630 3306 722 3381 de
763 3313 936 3379 ente
974 3324 1126 3376 non
1162 3323 1326 3390 enS,
1368 3307 1448 3373 ut
1479 3305 1685 3395 patet
1723 3296 1797 3369 in
1836 3319 1979 3369 an-

441 3422 890 3499 nihilatione
947 3428 1022 3494 et
1074 3416 1591 3514 corruptione,
1628 3413 1981 3487 similiter

440 3544 531 3617 de
593 3550 768 3617 ente
854 3538 929 3609 in
1001 3533 1343 3633 potentia
1417 3556 1556 3607 ens
1621 3531 1697 3604 in
1759 3540 1975 3624 actu3

441 3658 576 3734 sed
642 3651 1120 3753 impossibile
1171 3658 1286 3725 est
1351 3649 1512 3723 sive
1572 3648 1976 3745 privative,

442 3777 602 3851 sive
635 3771 960 3872 positive
1021 3770 1266 3845 facere
1296 3767 1388 3841 de
1426 3789 1582 3840 non
1617 3775 1790 3840 ente
1826 3788 1979 3838 non

445 3918 609 3987 enS,
647 3891 829 3989 quia
859 3887 1168 3963 termini
1210 3884 1797 3967 factionissunt
1837 3883 1985 3956 im-

443 4008 852 4109 possibiles
884 4015 958 4079 et
987 4001 1376 4078 contrarii.

542 4125 820 4198 Facere
915 4128 1170 4193 autem
1276 4114 1749 4214 praeteritum
1830 4137 1983 4187 non

445 4265 613 4318 esse
682 4235 1185 4337 praeteritum,
1248 4242 1362 4308 est
1465 4233 1710 4306 facere
1780 4230 1985 4327 quod

448 4356 919 4458 praeteritum
955 4377 1109 4427 non
1170 4349 1563 4448 praeteriit,
1609 4337 1814 4446 q'uod
1874 4356 1987 4423 est

450 4502 604 4552 non
630 4500 769 4551 ens
804 4496 952 4547 non
991 4493 1158 4545 esse
1192 4493 1349 4542 non
1394 4491 1559 4559 enS,
1592 4478 1663 4542 et
1699 4469 1841 4541 hoc
1875 4477 1988 4558 est

451 4591 952 4693 impossibile,
991 4597 1065 4662 et
1120 4588 1265 4660 hoc
1321 4594 1435 4660 est
1492 4585 1736 4659 facere
1794 4584 1985 4657 nihil

451 4738 605 4788 non
641 4732 807 4786 esse
842 4706 1062 4799 nihil,
1100 4704 1305 4802 quod
1335 4710 1450 4776 est
1481 4701 1981 4800 impossibile.

549 4829 798 4913 DiceS,
826 4824 890 4899 si
921 4821 1320 4918 virginitas
1353 4828 1600 4917 potest
1650 4818 1989 4916 reparari

455 4954 831 5045 quantum
872 4940 966 5014 ad
1036 4946 1269 5011 totam
1339 4936 1768 5010 absolutam
1815 4959 1992 5033 per-

455 5060 859 5136 fectionem
916 5078 1144 5153 quam
1209 5053 1594 5149 importat,
1650 5075 1824 5148 quae
1878 5059 1993 5125 est

459 5173 969 5275 praerogativa
999 5170 1384 5260 Aureolae,
1424 5192 1600 5265 quae
1633 5168 1995 5242 concedi-

458 5307 578 5370 tur
610 5287 1394 5388 virginibus,videtur
1417 5286 1622 5383 quod
1649 5285 1841 5358 nihil
1867 5285 1988 5358 sit.

97 5442 386 5516 solyitup.
552 5407 1040 5507 RespondeO,
1108 5402 1313 5500 quod
1384 5403 1717 5476 Aureola
1756 5402 1997 5497 virgi-

102 5504 382 5619 ,(33ξέ0ῗὲ
455 5551 641 5602 num
673 5534 786 5600 est
808 5522 1138 5621 speciale
1207 5518 1599 5614 gaudium,
1642 5528 1716 5593 et
1755 5529 1867 5594 est
1903 5519 1995 5593 de

58 5631 416 5695 Virginum.
458 5665 857 5741 nunquam
914 5659 1269 5736 peccasse
1343 5635 1416 5706 in
1493 5635 1617 5708 tali
1714 5659 1995 5732 genere

737 5783 878 5838 Tou.
921 5780 1116 5835 xxm.

58 4824 133 4871 lu
151 4816 385 4867 stantia.

3481 452 3607 520 561

2063 613 2385 710 peccati,
2458 627 2533 690 et
2589 636 2893 715 semper
2943 619 3466 695 innocentiam
3535 632 3613 697 et

2063 732 2476 827 puritatem
2510 733 2765 808 carnis
2788 759 3137 812 servasse
3183 765 3201 830 ;
3240 739 3613 813 sednobi-

2067 847 2217 922 lius
2258 859 2372 922 est
2447 874 2847 948 nunquam
2907 877 3295 949 peccasse,
3341 865 3415 930 et
3481 881 3609 931 ne-

2065 968 2270 1062 gatio
2312 966 2627 1042 offensae
2677 969 2752 1041 in
2790 972 3292 1067 praeteritum,
3373 996 3606 1070 quam

2067 1082 2482 1179 aliquando
2539 1108 2896 1181 peccasse
2930 1098 3002 1160 et
3035 1087 3473 1183 offendisse,
3536 1101 3611 1166 et

2068 1199 2646 1273 reconciliatum
2707 1225 2900 1278 esse.
2967 1205 3321 1280 Gaudent
3378 1207 3606 1281 etiam

2065 1314 2410 1409 virgines
2441 1315 2900 1413 specialiter,
2952 1321 3159 1416 quod
3206 1345 3608 1421 nunquam

2067 1441 2583 1528 peccaverunt
2628 1433 2760 1508 illo
2811 1458 3098 1530 genere
3163 1439 3481 1535 peccati,
3514 1440 3610 1515 ad

2069 1548 2276 1644 quod
2317 1548 2672 1623 homines
2699 1572 2792 1624 ex
2832 1553 3324 1650 corruptione
3357 1557 3613 1631 carnis

2073 1663 2398 1738 maxime
2467 1665 2692 1762 proni
2748 1676 2953 1741 sunt.
3002 1668 3222 1744 Unde
3279 1672 3614 1747 Aureola

2069 1804 2337 1854 eorum
2435 1790 2550 1855 est
2643 1782 2734 1856 de
2822 1786 3229 1881 negatione
3298 1786 3613 1864 offensae

2069 1898 2504 1994 praeteritae,
2578 1910 2951 1997 quantum
3011 1902 3103 1977 ad
3181 1906 3615 2003 corruptio-

2075 2037 2250 2087 nem
2283 2037 2563 2088 carnis.

2169 2134 2356 2208 Dico
2390 2159 2572 2231 ergo
2616 2147 2992 2231 quantum
3026 2140 3116 2213 ad
3152 2139 3383 2215 istum
3426 2142 3613 2216 arti·
3642 2172 3917 2221 peceatum

2074 2252 2362 2341 culum,
2410 2252 2615 2349 quod
2667 2253 2875 2327 Deus
2909 2254 2999 2329 de
3077 2259 3418 2353 potentia
3473 2260 3613 2333 ab-
3640 2232 3958 2355 ,ἓὲξὶἱῗᾞί

2073 2369 2327 2442 soluta
2411 2377 2660 2466 potest
2747 2370 3129 2446 remittere
3213 2385 3610 2471 peccatum
3662 2358 3929 2487 ἆξῗῑξῗζῖ

2074 2483 2449 2579 originale
2528 2507 2680 2557 non
2754 2484 3228 2561 infundendo
3288 2491 3615 2586 gratiam
3647 2488 3960 2597 ⁸¹⁰⁰,ffoessm‘

2075 2607 2377 2693 gratum
2442 2599 2870 2690 facientem,
2917 2602 3126 2699 quia,
3174 2613 3255 2677 ut
3329 2605 3616 2680 dictum
3849 2582 3862 2595 ’

2079 2726 2221 2808 est,
2304 2739 2458 2788 non
2520 2717 2768 2790 solum
2840 2730 3221 2815 repugnat
3305 2733 3617 2820 peccato

2080 2831 2435 2928 originali
2469 2833 2743 2929 gratia,
2788 2834 2920 2909 sed
2956 2826 3183 2911 etiam
3248 2839 3624 2916 rectitudo

2082 2958 2156 3021 et
2191 2949 2490 3045 justitia
2534 2951 2948 3038 naturalis;
3014 2962 3088 3026 et
3144 2953 3316 3029 ideo
3376 2968 3629 3053 potest

2083 3065 2293 3139 Deus
2325 3065 2416 3139 de
2451 3066 2796 3162 potentia
2833 3068 3187 3145 absoluta
3214 3072 3628 3169 'peccatum

2085 3183 2460 3278 originale
2512 3206 2648 3280 per
2718 3193 3132 3284 utrumque
3211 3192 3623 3288 expellere,

2087 3309 2240 3373 tam
2299 3298 2589 3374 scilicet
2629 3324 2764 3399 per
2816 3301 3142 3398 gratiam
3194 3327 3425 3402 quam
3494 3333 3633 3406 per

2078 3416 2456 3515 justitiam
2501 3420 2963 3513 naturalem,
3001 3420 3162 3496 sive
3206 3421 3304 3496 sit
3332 3426 3635 3501 rectitu-

2088 3534 2184 3607 do
2217 3542 2544 3628 tantum,
2581 3535 2742 3610 sive
2786 3536 3047 3634 aliqua
3088 3539 3335 3634 gratia
3374 3566 3636 3641 super-

2090 3651 2372 3726 addita.

2157 3765 2407 3860 'Patet
2458 3791 2595 3864 per
2660 3770 2806 3843 hoc
2874 3770 2967 3843 ad
3047 3786 3504 3869 argumenta
3541 3778 3635 3855 de

2090 3882 2244 3957 alia
2271 3882 2665 3979 opinione.

2188 3997 2299 4071 Ad
2342 3997 2703 4094 primum,
2751 4000 2920 4077 dico
2981 4005 3186 4101 quod
3235 4018 3635 4104 peccatum
3799 4036 3862 4102 6,

2092 4117 2466 4215 originale
2509 4142 2661 4191 non
2700 4121 3133 4209 remittitur,
3177 4126 3324 4200 nisi
3377 4128 3638 4204 anima
3668 4152 3752 4203 Aa
3794 4151 3957 4202 ratio·

2093 4233 2226 4308 fiat
2281 4234 2373 4307 de
2441 4234 2844 4311 immunda
2923 4241 3236 4336 munda,
3281 4253 3356 4318 et
3430 4247 3638 4343 quod
3667 4215 3989 4328 οιιῖῗὲῑῃζᾉ.

2096 4350 2413 4426 mutatio
2489 4349 2621 4425 fiat
2687 4352 2763 4425 in
2816 4355 3099 4450 anima,
3136 4360 3268 4433 sed
3317 4385 3468 4436 non
3504 4387 3642 4439 ne·
3713 4341 3926 4453 fissffiufi

2095 4467 2427 4543 cessario
2469 4468 2564 4542 ad
2622 4471 2946 4564 gratiam
3011 4485 3315 4569 gratum
3360 4481 3639 4557 facien·
3712 4439 3946 4580 Agffii'·

2094 4594 2278 4678 tem,
2316 4585 2446 4658 sed
2474 4586 2677 4681 quod
2726 4597 3062 4662 mutetur
3092 4594 3185 4666 ad
3238 4596 3637 4672 rectitudi-
3899 4566 3911 4578 ⁶

2097 4726 2271 4776 nem
2308 4705 2768 4797 naturalem,
2808 4706 2983 4781 licet
3039 4722 3296 4805 posset
3358 4717 3638 4791 mutari

2096 4822 2191 4895 ad
2234 4844 2428 4895 eam.
2469 4821 2619 4895 Sed
2664 4824 2890 4899 modo
2936 4829 3246 4923 quando
3296 4832 3642 4909 infundi-

2095 4948 2222 5012 tur
2251 4939 2495 5034 gratia
2526 4937 2672 5036 ipsi
2704 4940 3010 5032 animae,
3058 4933 3210 5019 non
3262 4947 3346 5022 fit
3403 4962 3644 5027 muta-

2097 5053 2203 5126 tio
2224 5054 2316 5127 ad
2336 5051 2872 5129 rectitudinem
2906 5062 3333 5136 naturalem
3366 5074 3439 5138 et
3467 5066 3643 5162 jus-

2100 5169 2344 5244 titiam
2424 5169 2906 5266 originalem,
2980 5175 3130 5250 nisi
3219 5179 3645 5258 virtualiter

2102 5285 2563 5383 inquantum
2601 5288 2846 5382 gratia
2902 5290 3332 5369 virtualiter
3390 5296 3644 5372 inclu-

2103 5402 2211 5476 dit
2260 5402 2470 5476 illam
2530 5404 3100 5502 rectitudinem,
3138 5421 3522 5507 quatenus
3564 5416 3641 5489 in

2104 5519 2626 5616 acceptatione
2683 5521 2945 5598 divina
3011 5530 3318 5624 supplet
3383 5530 3633 5606 vicem

2105 5635 2299 5731 ejus,
2348 5644 2490 5708 eto.

3262 5791 3390 5844 ’36
