4295 6326
359 1498 427 1567 9.

234 1612 317 1661 Ad
340 1626 554 1687 ‘al-gum.

273 1690 503 1738 primum

291 1737 522 1790 Hem-ici.

577 392 702 460 150

576 561 941 639 minibuS.
998 565 1150 641 Sed
1201 567 1449 664 gratia
1534 568 1831 643 excedit
1896 567 2123 642 istam

564 680 973 778 justitiam,
1091 686 1633 783 conjungendo
1728 686 2121 761 hominem

574 796 736 872 Deo
816 797 890 870 in
955 799 1250 876 ratione
1321 801 1498 876 sinis
1572 801 1867 895 ultimi3
1953 801 2125 875 ideo

575 914 741 990 sine
799 918 1047 1013 gratia
1107 918 1487 995 maximus
1570 930 1894 995 conatus
1947 942 2124 994 cum

575 1033 720 1106 isto
785 1034 1052 1110 habitu
1130 1061 1285 1112 non
1363 1037 1645 1113 sufficit
1706 1038 1799 1113 ad
1869 1046 2122 1112 actum

579 1147 1089 1246 meritorium,
1144 1152 1341 1228 sicut
1408 1152 1584 1227 facit
1650 1153 1896 1249 gratia
1958 1153 2124 1227 sine

581 1262 742 1358 illo,
794 1264 961 1341 ideo
1003 1268 1250 1365 gratia
1299 1279 1416 1344 est
1482 1269 1931 1369 simpliciter
1964 1293 2128 1344 me-

582 1379 754 1455 lior.

682 1498 793 1572 Ad
822 1500 1162 1598 primum
1228 1527 1365 1602 pro
1416 1503 1782 1602 opinione
1841 1506 2121 1603 priore,

586 1613 998 1714 dicoquod
1053 1643 1208 1693 non
1264 1620 1613 1718 sequitur
1671 1621 1874 1719 quod
1935 1624 2127 1697 tales

585 1743 844 1807 essent
883 1737 1247 1832 aequaleS,
1282 1737 1465 1834 quia
1500 1737 1722 1812 modo
1750 1737 1814 1812 si
1846 1737 2127 1835 aliquis

584 1858 786 1923 esset
825 1850 902 1923 in
948 1851 1161 1948 puris
1193 1853 1702 1948 naturalibuS,
1738 1878 1894 1928 non
1929 1867 2129 1931 esset

584 1966 909 2061 debitor,
947 1969 1079 2045 sed
1132 1970 1330 2045 alius
1362 1971 1494 2067 qui
1544 1970 1866 2069 gratiam
1910 1995 2129 2047 acce-

582 2083 847 2181 pisset,
893 2107 1364 2183 quamquam
1407 2088 1890 2184 perdidisset,
1927 2099 2129 2163 esset

584 2199 910 2294 debitor,
966 2211 1041 2277 et
1085 2202 1256 2278 ideo
1287 2204 1463 2301 plus
1520 2205 1928 2301 puniretur
1965 2205 2121 2299 ille,

583 2316 716 2414 qui
757 2318 1056 2415 aceepit
1094 2321 1443 2412 gratiam,
1490 2342 1722 2416 quam
1794 2320 1947 2414 ille,
1995 2323 2123 2419 qui

582 2455 890 2531 sempor
928 2444 1163 2510 staret
1225 2435 1302 2508 in
1363 2436 1579 2533 puris
1620 2437 2125 2526 naturalibuS,

589 2549 720 2648 qui
765 2574 1165 2649 nunquam
1207 2561 1571 2649 operatur
1613 2553 2024 2630 meritorie.

678 2667 934 2762 DiceS,
982 2677 1304 2766 uterque
1375 2670 1566 2744 foret
1642 2693 1798 2744 non
1858 2670 2129 2746 videns

580 2784 859 2878 Deum,
940 2793 1014 2860 et
1079 2784 1212 2859 illa
1299 2794 1414 2859 est
1480 2808 1710 2883 poena
1800 2786 2132 2862 maxima

582 2900 1123 2976 damnatorum
1175 2901 1305 2995 3in
1362 2903 1510 2977 hoe
1585 2901 1821 2998 igitur
1876 2914 2133 2980 essent

593 3019 960 3115 aequaleS.

1936 393 2179 463 LIBRI
2227 394 2314 466 11.

2333 567 2521 644 Dico
2600 569 2806 669 quod
2881 593 3036 642 non
3103 568 3437 643 videndo
3521 575 3783 643 essent

2235 687 2602 782 aequaleS‚
2674 685 2808 759 sed
2893 709 3047 759 non
3110 685 3371 760 videre
3429 684 3780 759 absolute

2235 826 2389 877 non
2435 813 2635 877 esset
2672 827 2929 901 poena,
2981 802 3165 901 quia
3205 826 3355 876 non
3395 811 3510 878 est
3550 825 3781 901 poena

2236 944 2387 994 non
2466 931 2670 1018 apto.
2760 922 2919 995 Nec
2982 922 3212 995 etiam
3300 930 3416 995 est
3483 917 3782 993 inflicta

2236 1047 2548 1136 propter
2579 1039 2876 1137 eulpam
2921 1039 3132 1131 huie,
3178 1038 3312 1136 qui
3372 1060 3776 1134 nunquam

2239 1155 2508 1231 habuit
2538 1157 2891 1254 gratiam,
2964 1156 3147 1255 quia
3187 1157 3315 1230 ille
3376 1178 3776 1253 nunquam

2240 1273 2376 1349 suit
2408 1273 2855 1372 disposituS,
2891 1275 2985 1349 ad
3025 1274 3444 1349 videndum
3476 1272 3725 1347 Deum
3753 1299 3772 1365 3

2237 1391 2410 1466 ideo
2444 1415 2593 1465 non
2654 1393 2911 1468 videre
2967 1392 3101 1466 uni
3144 1415 3300 1467 non
3368 1401 3484 1466 est
3516 1412 3773 1489 poena,

2239 1509 2456 1584 elteri
2499 1509 2633 1583 sie.

2337 1627 2631 1700 Etcum
2674 1625 2951 1700 dicitur
2977 1636 3238 1724 postea
3280 1624 3485 1723 quod
3525 1623 3602 1696 in
3639 1645 3781 1697 na-

2238 1978 2489 2052 dendo
2524 1977 3005 2051 continuum.
3044 1977 3169 2052 Sic
3214 1977 3495 2051 dicitur
3560 1975 3780 2074 spiri-

2240 2093 2443 2166 tuale
2470 2078 2891 2184 rumerari,
2928 2116 3104 2167 cum
3150 2092 3382 2166 habet
3420 2092 3779 2166 virtutem

2238 2209 2690 2306 dispersam,
2736 2208 2918 2305 quia
2966 2218 3147 2283 tune
3209 2208 3464 2283 minus
3539 2216 3789 2307 potest

2240 2348 2499 2421 agere,
2545 2335 2618 2399 et
2659 2323 3075 2418 difficilius,
3110 2326 3294 2422 quia
3325 2348 3474 2399 non
3514 2334 3628 2399 est
3659 2349 3789 2422 po-

2238 2440 2480 2515 tentie
2537 2439 2975 2539 propinqua
3019 2441 3349 2516 exeundi
3390 2440 3465 2514 in
3532 2448 3785 2515 aetum

2244 2557 2747 2646 meritorium,
2795 2569 2868 2632 et
2945 2567 3233 2656 quanto
3283 2558 3528 2656 magis
3604 2582 3786 2656 pec-

2241 2686 2384 2765 cat,
2431 2675 2656 2751 estin
2713 2676 3056 2774 potentia
3121 2676 3540 2770 remotiori,
3612 2677 3783 2752 ideo

2240 2792 2520 2866 dicitur
2622 2794 2981 2867 voluntas
3078 2792 3326 2868 divisa
3423 2792 3503 2866 in
3605 2816 3785 2892 pec-

2243 2909 2515 2983 cando.

3812 1627 3895 1677 Ad
3924 1638 4123 1676 secun-

3904 1690 4052 1739 dum.

2239 1744 2617 1818 turalihus
2651 1745 3127 1837 vulneretur,
3183 1744 3325 1818 ista
3400 1751 3515 1818 est
3568 1764 3780 1840 para·
3828 1752 4117 1881 3233&

2243 1861 2446 1949 bola,
2480 1861 2686 1936 unde
2729 1862 3014 1934 vulnus
3076 1860 3383 1958 proprie
3438 1868 3553 1934 est
3583 1859 3780 1933 divi·
3830 1879 4104 1929 vulnerat.
