4295 6326
159 666 355 718 Secun-

187 731 336 781 dum.

149 1566 372 1627 August.

135 1630 387 1681 Tertium.

94 2645 230 2713 Arg..
253 2654 416 2705 nega-

192 2709 318 2752 tiva.

125 2766 382 2818 Bel-nard.

138 4874 365 4945 August.

1556 466 1782 534 DIST.
1835 466 1888 531 Ι.
1943 462 2360 543 QUAESTIO
2409 461 2526 529 lv.
2615 494 2620 498 ·

547 642 760 730 Item,
825 640 887 716 si
966 643 1464 719 Sacramenta
1523 666 1748 717 novae
1799 639 1993 737 legis

449 782 606 831 non
640 759 820 833 dent
850 761 1201 855 gratiam,
1239 760 1388 834 nisi
1416 760 1597 859 quia
1638 784 1727 835 ea
1764 759 1999 833 susci-

449 875 837 972 pientibus
878 877 1087 951 Deus
1129 878 1255 951 dat
1281 878 1636 973 gratiam,
1686 885 1864 951 tunc
1905 899 1997 950 ex

446 991 523 1064 vi
593 991 1068 1067 Sacramenti
1127 1019 1278 1066 non
1330 994 1817 1090 justificaret,
1862 994 1995 1067 sed

446 1119 742 1182 tantum
807 1134 944 1208 per
977 1112 1284 1185 modum
1357 1111 1635 1197 meriti,
1673 1121 1748 1185 et
1811 1121 1997 1184 tunc

457 1250 609 1297 non
656 1226 1117 1302 differrenta
1157 1228 1674 1302 Sacramentis
1715 1228 1996 1302 veteris

456 1342 703 1435 legis:
759 1364 941 1438 ergo
1008 1343 1315 1419 videtur
1389 1346 1594 1441 quod
1672 1344 1993 1441 gratiam

454 1456 662 1531 illam
700 1481 929 1555 quarn
976 1462 1410 1553 conferunt,
1448 1459 1807 1535 efficiant.

550 1574 766 1667 Item,
864 1575 1342 1670 Augustinus
1438 1599 1671 1673 super
1759 1577 1989 1650 Joan.

450 1689 743 1763 Hamil.
806 1691 875 1763 8.
924 1701 997 1765 et
1066 1691 1391 1766 habetur
1432 1692 1497 1764 1.
1580 1701 1854 1788 quaest.
1922 1692 1988 1764 1.

450 1830 616 1904 cap.
713 1806 1049 1881 Detrahe
1123 1831 1138 1881 ε
1204 1808 1449 1882 Tanta
1541 1814 1652 1883 est
1747 1808 1995 1882 virtus

449 1946 695 2020 aqu-ze,
787 1931 872 1996 ut
961 1946 1235 2022 corpus
1309 1930 1595 2021 tanqac,
1694 1931 1766 1999 et
1866 1947 1997 1998 cor

447 2038 770 2122 abluat:
845 2062 1027 2135 ergo
1124 2039 1622 2115 Sacramenta
1710 2041 1994 2115 habent

446 2155 806 2229 virtutem
850 2155 1217 2230 abluendi
1274 2180 1609 2254 corpus;
1657 2157 1788 2230 sed
1848 2159 1991 2231 hoc

448 2296 600 2346 non
683 2282 795 2346 est
855 2272 1004 2346 nisi
1071 2274 1536 2347 conferendo
1596 2274 1984 2369 gratiam3

449 2413 661 2483 erg0,
699 2399 842 2463 etc.

547 2506 829 2579 Contra
882 2504 1325 2580 Bernardus
1366 2506 1442 2579 in
1488 2529 1842 2580 sermone
1897 2507 1990 2580 de

449 2626 684 2697 Coena
724 2624 1033 2697 Domini
1087 2647 1101 2697 :
1154 2623 1379 2698 Sicut
1405 2625 1810 2699 investitur
1845 2625 1993 2698 Ca-

446 2741 768 2813 nonieus
799 2764 945 2837 per
1004 2739 1312 2833 librum,
1376 2739 1636 2814 Abba-s*
1674 2763 1817 2838 per
1855 2740 1991 2815 ba-

448 2856 731 2944 culum,
769 2856 1201 2953 Episcopus
1242 2880 1387 2952 per
1424 2856 1827 2949 annulum,
1879 2857 1989 2930 sic

448 2973 866 3046 divisiones
924 2972 1351 3069 qratiarum
1422 2971 1742 3047 diversis
1813 2980 1995 3048 sunt

445 3070 749 3165 tffiditae
785 3088 1311 3165 Sacramentis
1349 3113 1363 3175 ;
1401 3090 1533 3165 sed
1582 3089 1774 3165 liber
1832 3115 1985 3166 non

444 3217 556 3280 est
600 3230 834 3281 causa
893 3205 1237 3281 efficiens
1296 3207 1772 3298 Praebendae,
1848 3231 1987 3283 nec

445 3323 783 3397 annulus
817 3321 1322 3420 Episcopatus
1366 3351 1385 3416 ;
1432 3346 1641 3420 ergo,
1681 3347 1821 3397 nec
1856 3323 1990 3397 Sa-

443 3447 919 3513 cramentum
961 3446 1076 3513 est
1151 3462 1385 3513 causa
1418 3438 1762 3514 efficiens
1810 3463 1991 3535 gra-

447 3556 597 3630 tiae.

539 3673 757 3764 Item,
841 3672 903 3746 si
1009 3671 1509 3746 Sacramenta
1595 3674 1987 3748 efficerent

441 3790 792 3886 gratiam,
865 3798 999 3864 aut
1052 3812 1239 3884 ergo
1318 3797 1402 3863 ut
1475 3812 1730 3863 causae
1810 3790 1987 3863 nni-

437 3931 678 3998 vocae,
730 3917 862 3981 aut
937 3907 1359 4003 aequivocae
1397 3905 1437 3978 ‘2
1501 3908 1670 3980 Non
1741 3909 1987 4005 aequi-

439 4049 683 4117 vocae,
746 4025 931 4122 quia
972 4023 1288 4098 effectus
1342 4024 1795 4121 aequivocus
1871 4037 1985 4101 est

438 4142 798 4215 nobiliori
846 4141 1069 4215 modo
1126 4141 1201 4212 in
1248 4164 1389 4215 sua
1456 4163 1688 4215 causa
1747 4142 1986 4240 aequi-

439 4282 627 4332 voca
663 4282 889 4356 quam
928 4259 1002 4331 in
1039 4282 1120 4334 se
1168 4287 1185 4352 3
1244 4282 1396 4334 non
1469 4258 1578 4331 sic
1628 4259 1873 4355 gratia
1904 4260 1981 4333 in

440 4376 996 4452 Sacramentis.
1090 4377 1247 4451 Nec
1323 4376 1704 4463 univocae,
1800 4376 1983 4473 quia

441 4517 695 4569 causae
729 4494 1083 4569 univocae
1139 4518 1310 4567 cum
1366 4492 1527 4567 suis
1585 4492 1982 4569 effectibus

440 4620 621 4686 sunt
659 4610 1004 4706 ejusdem
1049 4610 1362 4708 speciei,
1391 4633 1543 4684 non
1584 4610 1693 4684 sic
1722 4610 1983 4685 Sacra·

439 4738 699 4801 menta
741 4737 815 4802 et
854 4728 1121 4824 gratia.

538 4846 751 4931 Item,
842 4843 1322 4940 Augustinus
1400 4844 1518 4916 83.
1612 4844 1981 4942 quaestio-

441 4985 657 5053 num,
704 4970 977 5056 quaest.
1016 4958 1135 5033 53.
1197 4959 1374 5033 Soli
1408 4960 1575 5034 Deo
1628 4962 1983 5033 convenit

438 5078 885 5152 illuminare
951 5079 1307 5152 animas:
1355 5077 1485 5151 sed
1548 5078 1829 5152 animae
1897 5078 1977 5150 il-

442 5197 917 5269 luminantur
976 5218 1110 5291 per
1163 5195 1531 5290 gratiam3
1571 5218 1752 5291 ergo
1813 5195 1975 5291 ipse

435 5314 647 5386 solus
677 5335 841 5385 earn
889 5321 1153 5387 causat
1182 5311 1255 5384 in
1294 5311 1577 5385 anima.

3517 459 3638 530 551

2584 857 2990 936 QUAESTIO
3042 858 3156 924 IV.

2108 1031 2347 1095 Utrum
2378 1025 2849 1095 Sacramentis
2881 1043 3071 1091 nova>
3099 1024 3267 1111 leqz‘s
3301 1023 3470 1088 insit
3501 1023 3640 1089 ali-

2191 1152 2328 1221 qua
2353 1136 2573 1199 virtus
2596 1133 3187 1219 supernaturali&
3215 1149 3366 1218 qua?
3392 1130 3482 1195 sit
3510 1131 3637 1195 ali-

2191 1262 2326 1331 quo
2365 1243 2565 1309 modo
2623 1262 2831 1309 causa
2872 1239 3234 1309 creationis
3293 1236 3532 1328 qratioe
3563 1239 3638 1305 in

2191 1349 2429 1416 anima
2452 1351 2482 1413 ’.Ρ

2099 1541 2298 1598 Alens.
2332 1542 2382 1596 4.
2414 1546 2559 1611 part.
2588 1551 2776 1612 quast.
2826 1542 2882 1596 5.
2932 1541 3178 1595 membro
3225 1541 3279 1595 3.
3328 1545 3438 1594 art.
3490 1542 3541 1594 5.
3579 1546 3639 1593 ι).

2169 1612 2421 1667 Thomas
2451 1613 2540 1667 hic
2570 1617 2761 1682 quaesl.
2796 1628 2834 1666 1.
2870 1615 2976 1666 art.
3011 1614 3062 1665 4.
3096 1620 3145 1665 et
3173 1611 3225 1666 3.
3249 1615 3403 1681 part.
3445 1617 3641 1682 quaest.

2169 1685 2260 1739 62.
2292 1693 2401 1739 art.
2425 1686 2479 1738 4.
2522 1693 2572 1738 et
2598 1689 2794 1754 quaest.
2817 1685 2871 1738 6.
2904 1682 2968 1737 de
2996 1684 3246 1751 potentia
3275 1689 3383 1737 art.
3436 1683 3487 1735 4.
3534 1686 3642 1736 Pa·

2171 1754 2294 1811 lud.
2328 1757 2417 1810 hic
2445 1759 2633 1827 quaest.
2667 1772 2706 1809 1.
2741 1754 3011 1809 Hervaeus
3040 1762 3225 1824 quaest.
3251 1770 3291 1808 1.
3346 1753 3557 1809 Suarez
3588 1756 3640 1808 3.

2165 1832 2314 1898 part.
2341 1830 2469 1881 tom.
2504 1830 2556 1880 3.
2590 1832 2699 1882 art.
2725 1827 2776 1880 4.
2809 1834 3005 1897 quaest.
3035 1827 3126 1881 62.
3174 1825 3392 1880 Ferrar.
3423 1825 3477 1879 3.
3511 1841 3641 1881 con·

2167 1903 2255 2025 t5ra
2288 1898 2440 1954 Geni.
2473 1915 2593 1969 cap.
2631 1899 2721 1955 56.
2769 1899 2971 1953 Scotus
3002 1898 3061 1953 in
3092 1896 3267 1952 Oxou.
3317 1896 3407 1953 hic
3451 1903 3640 1968 quaest.

2193 2147 2794 2245 Arguiturquod
2825 2170 3008 2238 non,
3055 2146 3263 2242 quia,
3303 2156 3384 2220 ut
3432 2155 3638 2243 patet
3796 2162 3858 2228 3,

2094 2263 2598 2338 discurrendo
2631 2285 2766 2360 per
2789 2263 3050 2337 omnia
3081 2263 3638 2338 Praedicamen-
3666 2277 3964 2351 Argumep-

2093 2391 2197 2475 ta,
2254 2405 2407 2453 non
2442 2389 2689 2478 potest
2722 2381 2903 2476 poni
2929 2402 3047 2454 res
3079 2380 3407 2476 alicujus
3436 2381 3637 2455 Prae-
3696 2346 3952 2453 mguffif'

2096 2496 2537 2589 dicamenti,
2583 2495 2729 2569 nisi
2773 2496 2960 2571 forte
3009 2495 3437 2582 Qualitatis.
3485 2496 3632 2571 Sed

2097 2610 2175 2683 in
2209 2634 2490 2706 genere
2525 2610 2929 2697 Qualitatis
2962 2635 3115 2684 non
3151 2621 3402 2708 potest
3431 2634 3628 2704 esse,

2095 2728 2280 2823 quia
2312 2727 2382 2799 in
2423 2728 2634 2800 nulla
2663 2727 3090 2823 specierum
3127 2727 3333 2821 ejus;
3370 2728 3633 2801 nonin

2095 2844 2370 2943 prima,
2425 2843 2606 2941 quia
2675 2867 2828 2917 non
2900 2854 3013 2917 est
3090 2843 3425 2937 habitus,
3494 2868 3635 2919 nec

2095 2961 2494 3058 dispositio
2525 2990 2541 3054 3
2575 2985 2716 3036 nec
2749 2961 2821 3033 in
2859 2962 3226 3053 secunda,
3263 2962 3444 3058 quia
3478 2986 3632 3036 non

2094 3086 2210 3152 est
2248 3077 2622 3157 naturalis
2664 3078 3030 3175 potentia,
3077 3099 3219 3151 nec
3252 3077 3638 3176 impoten-

2093 3193 2237 3282 tia3
2285 3218 2426 3270 nec
2468 3195 2544 3267 in
2586 3194 2837 3286 tertia,
2882 3194 3065 3291 quia
3099 3218 3250 3268 non
3295 3204 3407 3269 est
3458 3219 3635 3293 pas-

2092 3312 2233 3401 sio,
2280 3335 2423 3387 nec
2486 3310 2876 3410 possibilis
2941 3312 3324 3409 qualitas3
3371 3334 3513 3386 nec
3552 3312 3631 3385 in

2092 3438 2393 3527 quarta,
2426 3429 2610 3527 quia
2641 3452 2796 3502 non
2838 3436 2954 3502 est
2984 3427 3227 3502 forma
3268 3449 3637 3525 corpora-

2093 3547 2217 3640 lis,
2253 3570 2395 3621 nec
2437 3544 2688 3640 figura
2736 3555 3124 3637 constans,
3164 3547 3288 3619 vel
3335 3545 3637 3619 consis-

2092 3672 2262 3737 tens
2306 3662 2379 3734 in
2422 3684 2781 3759 corpore3
2827 3685 3039 3757 erge,
3099 3670 3239 3735 etc.
3290 3661 3635 3758 Singulae

2092 3792 2347 3856 autem
2382 3790 2635 3878 partes
2673 3780 3178 3854 terminorum
3219 3779 3435 3855 facile
3468 3804 3635 3876 pro-

2091 3897 2258 3971 bari
2293 3906 2640 3993 possunt.

2190 4015 2406 4103 Item,
2492 4036 2728 4085 unum
2801 4011 3382 4085 Sacramentum
3479 4037 3630 4086 non

2094 4131 2322 4205 hahet
2356 4130 2501 4203 nisi
2535 4153 2766 4203 unarn
2809 4129 3169 4202 virtutem
3206 4159 3222 4214 ς
3270 4131 3627 4226 quaedam

2089 4256 2344 4321 autem
2414 4247 2910 4320 Sacramenta
2952 4246 3357 4321 includunt
3409 4248 3632 4345 plura

2089 4366 2512 4457 sensibilia,
2559 4373 2643 4438 ut
2709 4365 3208 4438 fundamenta
3276 4365 3630 4441 distincta

2089 4482 2461 4579 subjectO,
2504 4491 2583 4554 ut
2613 4481 3194 4555 Sacramentum
3228 4483 3627 4579 Baptismi,

2086 4600 2410 4674 verbum
2456 4608 2528 4673 et
2559 4585 3072 4690 eleme‘ntu1n3
3111 4597 3171 4671 si
3215 4620 3397 4694 ergo
3431 4599 3631 4672 ultra

2086 4717 2448 4790 virtutem
2554 4714 3028 4788 Sacramenti
3142 4714 3624 4789 essentialem

2087 4841 2289 4907 esset
2354 4832 2614 4929 aliqua
2676 4831 2822 4904 alia
2866 4830 3109 4904 virtus
3172 4830 3316 4904 sibi
3375 4831 3628 4907 inhae-

2085 4973 2288 5034 rens.
2325 4973 2565 5023 unum
2611 4947 2967 5022 accidens
3008 4958 3208 5022 esset
3248 4947 3326 5022 in
3379 4950 3626 5046 pluri-

2083 5067 2229 5140 bus
2260 5066 2648 5163 subjectis.

2182 5183 2487 5266 Contra,
2553 5182 3033 5277 Augustinus
3095 5204 3328 5278 super
3381 5183 3623 5256 Joan-
3683 5185 3935 5298 1123?ssss

2081 5325 2256 5376 nem
2333 5300 2458 5375 ubi
2550 5323 2834 5398 supra:
2901 5301 3145 5375 Tanta
3220 5306 3329 5374 est
3379 5302 3620 5374 virtus
3710 5313 3925 5424 opposi-

2079 5443 2326 5517 aquae,
2418 5425 2506 5492 ut
2572 5441 2845 5514 corpus
2923 5423 3211 5515 tanqat,
3306 5422 3393 5490 ut
3489 5441 3621 5491 cor
3781 5387 3887 5424 um.

2076 5534 2377 5618 abluat:
2404 5559 2587 5630 ergo
2610 5557 2831 5631 aquae
2859 5533 3228 5632 Baptismi
3259 5542 3458 5606 mest
3488 5533 3619 5607 ali-

2077 5674 2233 5749 qua
2288 5652 2533 5726 virtus
2609 5661 2958 5748 respectu
3027 5650 3437 5725 infusionis
3492 5652 3614 5725 vel

3725 4015 3922 4065 Secun-

3755 4080 3900 4128 dum.
