4295 6326
152 2411 215 2477 1.

1498 457 1722 527 DIST.
1775 457 1927 524 Vll.
1983 456 2401 537 QUAESTIO
2450 459 2504 526 1.
2576 544 2579 545 7
3489 450 3617 518 293

1200 976 2339 1151 DISTINCTIO
2472 975 2810 1141 VII.

924 1622 1324 1702 QUAESTIO
1377 1627 1428 1691 I.

407 1787 652 1855 Utrum
694 1784 834 1854 hoec
887 1784 977 1851 sit
1029 1805 1189 1853 vera
1223 1808 1235 1850 :
1274 1788 1461 1853 Deus
1526 1788 1635 1853 est
1667 1784 1940 1855 homo?

398 1984 464 2038 D.
494 1982 702 2037 Thom.
735 1981 787 2036 3.
816 1998 870 2050 p.
905 1998 956 2051 q.
992 1980 1078 2035 16.
1111 1988 1224 2037 art.
1276 1997 1317 2034 1.
1365 1988 1416 2035 et
1468 1980 1557 2034 Mc
1603 1997 1657 2052 q.
1689 1996 1728 2038 ι.
1754 1990 1859 2038 art.
1896 2000 1936 2038 1.

468 2054 535 2110 D.
564 2055 872 2109 Bonavent.
905 2059 1018 2108 art.
1045 2069 1081 2106 1.
1116 2069 1169 2123 q.
1199 2054 1253 2108 2.
1277 2052 1546 2107 Richard.
1628 2093 1640 2106 .
1672 2054 1726 2108 2.
1761 2054 1936 2109 Gabr.

467 2142 518 2196 q.
552 2143 589 2181 1.
623 2129 730 2179 art.
765 2125 816 2179 3.
853 2124 1018 2180 Suar.
1051 2124 1104 2179 3.
1134 2141 1189 2196 p.
1226 2132 1354 2179 tom.
1388 2140 1426 2177 1.
1478 2124 1532 2178 d.
1616 2126 1670 2179 5.
1715 2129 1840 2182 sect.
1893 2143 1932 2180 1.

469 2201 645 2268 Vasq.
680 2197 730 2251 3.
764 2213 815 2268 p.
852 2196 904 2251 d.
937 2196 1025 2253 65.

476 2370 694 2444 Circa
716 2369 1115 2468 septimam
1144 2367 1710 2445 distinctionem
1731 2392 1935 2467 qua}-

37 2530 258 2589 Argum.
310 2536 354 2582 ‚⁸
395 2486 589 2561 ritur
655 2486 902 2584 primo
964 2492 1223 2560 utrum
1283 2485 1447 2560 haec
1520 2487 1624 2560 sit
1684 2510 1923 2561 vera:

80 3327 280 3376 Secun-

109 3391 265 3437 dum.

41 4305 302 4360 Tertium.

42 5226 259 5282 Contra.

393 2604 601 2678 Deus
642 2611 755 2677 est
784 2601 1074 2675 homo?
1114 2601 1332 2688 Quod
1365 2625 1548 2676 non.
1614 2603 1697 2675 In
1746 2602 1932 2675 divi-

390 2718 749 2793 dentibus
782 2717 1151 2792 ordinatis
1204 2717 1452 2815 prima
1508 2717 1928 2793 dividentia

385 2836 715 2912 maxime
777 2835 1105 2929 distant3
1152 2835 1283 2910 sed
1343 2834 1647 2909 finitum
1690 2845 1764 2910 et
1805 2836 1926 2910 in-

382 2954 680 3029 finitum
736 2962 913 3029 sunt
971 2953 1219 3051 prima
1284 2952 1701 3027 dividentia
1741 2977 1918 3050 ens3

379 3072 614 3168 igitur
663 3070 1103 3170 praedicatio
1168 3069 1396 3142 unius
1454 3069 1545 3143 de
1601 3070 1751 3144 alio
1809 3080 1924 3145 est

380 3187 922 3288 impossibilis;
963 3187 1193 3282 igitur
1225 3186 1563 3261 hominis
1595 3187 1687 3263 de
1727 3188 1913 3261 Dec.

478 3308 694 3400 Item,
728 3305 1060 3380 secundo
1101 3306 1360 3403 Τομέα.
1400 3330 1565 3403 cap.
1599 3305 1668 3377 3.
1716 3305 1913 3379 idem

377 3448 529 3500 non
576 3424 1039 3523 praedicatur
1104 3422 1672 3496 denominative
1725 3432 1798 3496 et
1837 3423 1912 3494 in

376 3541 567 3640 quid
600 3542 691 3616 de
735 3540 1047 3633 eodem3
1085 3538 1215 3612 sed
1270 3539 1498 3612 homo
1540 3538 1916 3636 praedica-

376 3667 500 3732 tur
540 3656 1107 3733 denominative
1148 3655 1239 3728 de
1273 3655 1433 3729 Deo
1487 3656 1912 3729 secundum

375 3774 938 3850 Damascenum
988 3796 1152 3869 cap.
1193 3772 1312 3843 42.
1352 3783 1424 3847 et
1487 3773 1912 3847 secundum

374 3891 912 3967 Cassiodorum
966 3912 1199 3988 super
1239 3888 1631 3983 Psalmos3
1681 3889 1914 3984 igitur

373 4008 598 4084 debet
655 4007 800 4081 dici
857 4006 1066 4081 Deus
1137 4007 1550 4094 humanus,
1625 4015 1698 4080 et
1755 4029 1909 4080 non

376 4126 627 4199 homo.

465 4241 680 4330 Item,
726 4239 789 4315 si
821 4241 1050 4314 homo
1086 4239 1549 4338 praedicatur
1581 4239 1672 4314 de
1713 4240 1904 4335 De0,

370 4368 502 4434 aut
532 4358 713 4433 dicit
752 4357 1045 4456 aliquid
1107 4358 1576 4452 absolutum,
1613 4368 1745 4432 aut
1788 4383 1909 4432 re-

362 4477 754 4552 lationem.
786 4476 955 4549 Non
986 4477 1464 4571 relationem,
1493 4478 1675 4574 quia
1702 4479 1906 4576 quod

363 4593 457 4667 ad
491 4617 570 4668 se
630 4593 934 4687 dicitur,
973 4603 1321 4692 respectu
1379 4594 1672 4668 nullius
1722 4595 1904 4670 dicit

360 4706 837 4782 relationem.
878 4706 959 4780 Si
988 4707 1455 4802 absolutum,
1515 4707 1747 4804 igitur
1788 4716 1901 4783 est

363 4844 774 4896 commune
843 4820 1130 4914 tribus3
1203 4821 1437 4917 igitur
1493 4821 1691 4896 sicut
1734 4824 1898 4897 haec

359 4946 474 5011 est
506 4937 1051 5012 concedenda:
1115 4937 1329 5011 Deus
1361 4945 1471 5013 est
1498 4938 1747 5027 leonw,
1794 4938 1899 5012 ita

358 5062 432 5129 et
472 5053 657 5128 ista:
704 5054 948 5128 Pater
976 5060 1087 5128 est
1111 5054 1363 5128 homo,

457 5171 939 5270 Oppositum,
982 5171 1306 5246 ,Ioannis
1356 5172 1647 5269 primo:
1711 5175 1894 5251 Ver-

359 5286 536 5363 bum
569 5311 744 5364 caro
774 5288 1069 5388 factum
1101 5295 1233 5363 est.

2602 1583 2961 1641 SCHOLIUM
3004 1586 3046 1639 I.

2125 1731 2388 1788 Declarat
2422 1730 2609 1803 primo
2654 1748 2889 1786 causam
2935 1728 3195 1786 veritatis
3238 1728 3417 1799 hujus
3467 1744 3597 1801 pro·

2053 1821 2407 1893 positionis:
2442 1822 2581 1876 Deus
2632 1825 2711 1876 est
2755 1821 2932 1889 home,
2981 1835 3110 1875 esse
3148 1818 3454 1873 mediatam
3500 1833 3602 1887 per

2052 1910 2246 1965 hanc:
2288 1911 2525 1966 Verbum
2573 1920 2651 1966 est
2703 1910 2884 1965 homo,
2939 1908 3210 1965 Secundo
3260 1908 3360 1976 ait,
3410 1923 3598 1979 neque

2049 2000 2202 2055 hanc
2250 2016 2378 2056 esse
2426 2000 2847 2065 immediatam,
2894 1998 2994 2054 sed
3047 2011 3376 2069 supponere
3425 1996 3594 2053 aliam

2048 2089 2482 2160 contingentem
2525 2088 2775 2160 lumincj
2795 2093 3015 2143 naturae
3066 2103 3178 2142 non
3231 2086 3593 2158 cognoscibi-

2046 2176 2187 2244 lem,
2222 2179 2361 2250 quin
2395 2178 2642 2235 alterum
2675 2183 2998 2233 extremum
3032 2192 3144 2231 non
3185 2180 3377 2247 potest
3424 2181 3593 2231 natu-

2046 2268 2239 2322 raliter
2259 2268 2528 2339 cognosci
2578 2268 2634 2322 in
2687 2284 2767 2323 se.
2820 2266 2927 2321 Illa
2977 2265 3208 2320 videtur
3247 2280 3374 2321 esse
3420 2264 3589 2323 haec:

2048 2357 2186 2412 Deus
2213 2356 2359 2424 vult,
2393 2374 2523 2430 quae
2561 2361 2650 2413 est
2697 2356 2885 2429 prima
2932 2354 3198 2410 omnium
3247 2354 3589 2425 contingen-

2041 2445 2213 2501 tium.
2245 2445 2462 2514 Tertio,
2491 2447 2749 2503 declarat
2781 2446 2932 2501 hanc
2962 2461 2974 2498 :
3021 2443 3257 2499 Verbum
3299 2448 3375 2499 est
3410 2445 3586 2509 home,

2041 2552 2171 2592 esse
2222 2536 2548 2603 formalem,
2602 2555 2713 2594 non
2767 2536 3105 2600 identicam,
3158 2532 3304 2590 alias
3356 2535 3590 2591 daretur

2043 2641 2371 2698 processus.

2134 2822 2245 2895 Ad
2299 2820 2804 2920 quaestionem
2870 2819 3039 2894 dico
3099 2818 3374 2916 primo,
3459 2820 3583 2894 de·
3745 2836 3810 2900 2,

2037 2938 2399 3012 clarando
2499 2961 2675 3035 quae
2763 2936 2861 3011 sit
2926 2959 3161 3009 causa
3237 2935 3577 3011 veritatis
3641 2946 3781 2997 Deus
3816 2954 3898 2999 est

2152 3055 2164 3068 ,
3606 3007 3767 3059 homo
3817 3026 3926 3063 non

2034 3056 2321 3150 hujus:
2397 3055 2607 3129 Dens
2676 3059 2785 3128 est
2848 3053 3098 3126 homo.
3184 3052 3569 3150 Secundo,
3629 3072 3899 3136 perideu-

2034 3173 2419 3270 quomodo
2444 3173 2783 3246 Verbum
2815 3181 2928 3245 est
2952 3172 3180 3244 homo
3207 3170 3247 3241 ‘2
3278 3171 3387 3244 De
3431 3172 3575 3269 pri·
3604 3139 3926 3253 ἷῖἑῗιιιῖῗυὲ.

2035 3314 2185 3384 m0,
2251 3291 2630 3366 terminus
2684 3313 2988 3387 semper
3054 3289 3269 3387 ponit
3309 3290 3573 3384 signa.-

2031 3420 2193 3482 tum
2227 3433 2453 3483 suum
2498 3409 2573 3481 in
2628 3409 3002 3499 oratione,
3064 3416 3137 3480 et
3175 3407 3285 3481 sic
3343 3407 3573 3483 intel-

2029 3525 2273 3599 lectus
2340 3547 2841 3620 componens,
2897 3523 3146 3620 ipsum
3183 3524 3573 3622 componit

2030 3663 2200 3714 cum
2239 3641 2389 3716 alio
2425 3665 2563 3739 pro
2596 3639 3074 3737 significat03
3113 3664 3268 3714 non
3312 3650 3568 3716 tamen

2027 3781 2333 3856 semper
2372 3766 2486 3832 est
2513 3758 2870 3832 identitas
2899 3756 3143 3855 primo
3187 3757 3280 3830 ad
3322 3757 3573 3853 signa-

2026 3886 2217 3971 tum,
2263 3900 2438 3950 cum
2479 3875 2900 3975 propositio
2934 3873 3389 3948 affirmativa
3457 3885 3572 3950 est

2024 4018 2235 4087 vera,
2282 3993 2465 4092 quia
2505 3992 2737 4082 sisic,
2801 4001 2982 4066 tunc
3058 3991 3443 4066 diceretur
3474 3992 3567 4067 de

2025 4109 2390 4209 quolibet,
2439 4110 2511 4182 in
2574 4134 2724 4207 quo
2794 4110 3135 4184 salvatur
3188 4107 3572 4205 significa-

2025 4236 2186 4300 tum
2254 4225 2490 4320 itlius,
2549 4225 2640 4300 de
2702 4249 2854 4324 quo
2924 4225 3250 4317 dicitur3
3332 4225 3569 4321 igitur

2021 4352 2271 4441 potest
2310 4366 2478 4418 esse
2508 4343 2692 4418 unio
2736 4341 2842 4416 rei
2888 4341 3242 4437 aliquuS,
3297 4341 3375 4414 in
3411 4365 3564 4439 quo

2020 4465 2363 4537 salvatur
2395 4462 2941 4559 significatum,
2995 4460 3104 4536 sic
3138 4461 3358 4535 estin
3395 4486 3564 4559 pro-

2019 4582 2604 4680 posito;solum
2666 4581 2870 4656 enim
2933 4591 3046 4656 est
3084 4604 3295 4674 vera,
3351 4581 3557 4677 quod

2013 4698 2352 4774 Verbum
2395 4710 2512 4774 est
2552 4701 2810 4773 homo.

2109 4818 2306 4893 Illud
2390 4816 2889 4893 confirmatur
2992 4841 3130 4917 per
3209 4818 3556 4913 regulam

2011 4958 2499 5010 communem
2536 4938 3002 5032 generalem,
3043 4935 3350 5033 quando
3388 4960 3557 5033 pro·

2013 5053 2287 5151 positio
2328 5064 2441 5129 est
2482 5055 2729 5152 primo
2795 5079 2978 5130 vera
3024 5065 3336 5153 propter
3376 5057 3547 5146 hoo,

2009 5171 2216 5268 quod
2260 5181 2372 5247 est
2404 5171 2762 5246 identitas
2820 5172 3067 5269 primo
3110 5172 3203 5245 ad
3246 5171 3551 5268 signifi-

2006 5295 2262 5361 catum
2343 5288 2658 5362 extremi
2738 5288 2829 5362 de
2889 5297 3255 5381 extrem0,
3344 5312 3551 5362 nun-

2007 5427 2236 5501 quam
2272 5412 2385 5478 est
2409 5404 2540 5478 illa
2569 5428 2752 5479 vera
2783 5415 3093 5502 propter
3115 5405 3342 5479 aliam
3373 5429 3549 5481 cau-

2005 5542 2167 5593 sam
2211 5519 2597 5614 veritatis3
2635 5521 2945 5617 quando
2973 5544 3155 5595 vero
3187 5531 3300 5596 est
3333 5546 3541 5617 vera,

2003 5636 2187 5734 quia
2242 5644 2356 5711 est
2421 5636 2779 5713 identitas
2857 5636 3148 5712 ratione
3216 5638 3545 5736 alicujus
