4295 6326
108 2263 343 2338 Aliorum

116 2339 319 2390 opimo.

54 2956 353 3007 Retellitur.

161 5070 233 5136 7.

31 5158 354 5236 Tertiaopi-

144 5238 265 5275 mo.

1340 438 1569 508 DIST.
1621 436 1910 506 XXVII.
1961 434 2379 515 QUAESTIO
2430 433 2668 503 UNIC.
3445 432 3569 497 481

386 613 591 712 quod
625 611 846 709 quasi
880 612 973 686 ad
1015 613 1603 688 fundamentum
1648 635 1927 686 conse·
2038 590 2188 709 (jue
2242 611 2317 684 in
2388 635 2467 686 se
2537 621 2650 687 est
2709 610 2898 686 ratio
2949 608 3224 706 objecti
3275 630 3574 682 summe

387 730 675 829 quitur,
712 728 895 827 quia
945 729 1077 803 illa
1141 728 1672 827 aptitudinalis
1733 728 1924 802 ratio
2038 727 2434 825 diligibilis
2462 728 2688 802 alicui
2732 751 2867 825 per
2898 724 3373 801 charitatem.

384 870 538 920 non
601 855 849 943 potest
905 869 1072 920 esse
1127 844 1680 943 perfectissima
1733 843 1924 917 ratio

386 961 922 1058 diligibilitatis
955 961 1029 1034 in
1065 961 1253 1052 De0‚
1289 961 1423 1036 sed
1457 960 1657 1035 inest
1697 984 1930 1059 prop-

386 1091 500 1155 ter
531 1080 1142 1154 fundamentum.

486 1198 566 1271 Si
635 1208 890 1272 autem
962 1197 1060 1272 sit
1125 1220 1424 1271 summe
1503 1194 1926 1291 diligibilis,

388 1314 570 1412 quia
602 1313 1009 1388 actualiter
1057 1322 1173 1388 est
1217 1313 1504 1386 bonum
1549 1320 1929 1399 nostrum,

391 1440 618 1528 prout
648 1430 830 1504 dicit
861 1438 1290 1528 respectum
1329 1429 1737 1522 actualem,
1761 1450 1936 1501 cum

392 1546 535 1618 hoc
570 1568 726 1618 non
768 1553 1004 1642 ponat
1044 1544 1121 1616 in
1165 1566 1256 1618 eo
1299 1541 1450 1616 nisi
1500 1550 1936 1639 respectum

393 1661 715 1736 rationis
780 1661 871 1735 ad
935 1671 1396 1753 creaturam,
1452 1659 1650 1733 sicut
1705 1679 1936 1733 omne

393 1781 842 1877 temporale,
890 1779 1319 1854 secundum
1364 1779 1508 1850 hoc
1546 1784 1939 1873 respectus

399 1897 718 1972 rationis
758 1906 961 1972 esset
1001 1894 1341 1971 formalis
1373 1894 1565 1969 ratio
1598 1891 1941 1988 diligibi-

400 2016 660 2110 litatis,
698 2016 902 2113 quod
937 2015 1212 2090 falsum
1258 2023 1394 2088 est.

496 2132 736 2208 Aliter
837 2131 1142 2225 dicitur,
1237 2129 1442 2227 quod
1532 2130 1698 2203 haec
1789 2127 1941 2200 duo

403 2258 701 2348 oportet
723 2270 1182 2323 concurrere
1212 2246 1290 2319 in
1324 2245 1615 2320 ratione
1640 2265 1941 2319 summe

403 2365 826 2461 diligibilis,
862 2364 1153 2438 scilicet
1183 2362 1389 2458 quod
1422 2360 1518 2435 sit
1550 2383 1941 2435 summum

403 2483 478 2555 in
537 2506 646 2575 se,
710 2490 785 2556 et
859 2481 937 2553 in
1000 2477 1575 2576 comparatione
1632 2477 1728 2551 ad
1770 2500 1938 2569 ηοε,

404 2599 694 2673 scilicet
752 2620 1139 2671 summum
1207 2595 1498 2669 bonum
1560 2603 1937 2667 nostrum.

403 2717 746 2791 Primum
790 2739 945 2790 non
1001 2712 1284 2788 sufficit
1329 2724 1466 2810 per
1506 2734 1586 2787 se
1628 2710 1722 2785 ad
1767 2712 1939 2804 hoc,

404 2833 609 2932 quod
650 2832 746 2908 sit
778 2832 1159 2929 objectum
1196 2828 1616 2904 charitatis,

498 2951 806 3042 Contra,
870 2948 933 3021 si
988 2970 1126 3045 per
1164 2944 1641 3043 impossibile
1700 2966 1946 3041 pone-

401 3077 611 3144 retur
662 3067 861 3140 alius
926 3065 1158 3149 Deus,
1220 3063 1551 3161 quinon
1612 3068 1946 3135 creasset

399 3212 568 3282 nos,
606 3196 680 3263 et
710 3210 866 3261 non
901 3194 1104 3260 esset
1143 3182 1618 3281 glorificator
1654 3191 1941 3276 noster,

401 3306 653 3380 adhuc
685 3312 885 3379 esset
929 3324 1230 3376 summe
1272 3299 1669 3396 diligibilis
1723 3323 1769 3374 a
1808 3323 1948 3373 no-

401 3422 546 3516 his,
605 3420 789 3518 quia
857 3441 1250 3494 summum
1303 3416 1623 3505 bonum,
1670 3405 1764 3491 ex
1804 3417 1948 3490 hoc

404 3539 607 3637 quod
649 3559 1069 3624 summum,
1102 3534 1449 3609 absolute
1484 3543 1683 3608 esset
1711 3532 1949 3608 maxi-

405 3678 525 3729 me
607 3652 1113 3750 diligendum,
1201 3649 1404 3747 quod
1476 3674 1627 3723 non
1701 3657 1951 3747 potest

406 3770 730 3864 admitti,
776 3769 960 3867 quia
1003 3778 1183 3843 tunc
1226 3774 1482 3842 essent
1522 3767 1674 3840 duo
1707 3765 1951 3862 diligi-

404 3888 590 3963 bilia
629 3910 863 3985 super
893 3883 1179 3960 omnia.
1227 3882 1546 3968 Deinde,
1581 3906 1950 3980 sequere-

407 4016 532 4080 tur
595 4005 800 4103 quod
869 4002 1120 4100 majus
1178 4001 1470 4076 bonum
1532 4010 1705 4099 post
1758 3999 1949 4076 illud

405 4146 794 4199 summum
837 4122 1129 4195 bonum
1180 4118 1425 4215 magis
1466 4119 1947 4215 diligendum

403 4250 631 4336 esset,
683 4250 757 4315 et
804 4239 914 4313 sic
971 4262 1126 4311 non
1179 4245 1576 4311 teneretur
1624 4237 1953 4333 quilibet

401 4358 720 4455 diligere
766 4353 1096 4430 maxime
1149 4377 1233 4428 se
1284 4361 1456 4450 post
1495 4353 1774 4447 Deum,
1817 4355 1950 4429 sed

402 4475 609 4553 aliud
689 4471 940 4569 majus
993 4470 1316 4563 bonum,
1384 4493 1557 4543 cum
1628 4471 1953 4569 praecisa

402 4593 595 4669 ratio
646 4586 1182 4685 diligibilitatis
1229 4586 1327 4659 sit
1356 4587 1645 4661 bonum
1691 4587 1766 4659 in
1828 4588 1954 4661 ob-

395 4711 627 4808 jectO,
659 4715 734 4781 et
773 4703 881 4778 sic
915 4704 1194 4778 Petrus
1229 4711 1431 4777 esset
1491 4701 1735 4799 magis
1776 4702 1954 4775 dili-

407 4826 664 4926 gibilis
696 4848 740 4899 a
773 4845 891 4897 me
918 4844 1149 4920 quam
1192 4829 1514 4917 egomet,
1565 4821 1771 4919 quod
1814 4822 1948 4895 fal-

409 4970 579 5022 sum
614 4951 753 5019 est.

513 5065 723 5155 Item,
760 5060 1028 5134 dicunt
1067 5056 1272 5155 quod
1325 5055 1627 5129 bonitas
1701 5055 1777 5128 in
1822 5055 1952 5129 ali-

410 5207 562 5283 quo
604 5179 753 5255 alio
797 5174 1250 5275 participata
1280 5199 1326 5248 a
1355 5173 1546 5266 Deo,
1594 5173 1672 5246 in
1725 5197 1805 5248 se
1839 5182 1954 5247 est

406 5302 698 5377 bonum
775 5317 912 5394 per
977 5289 1418 5383 essentiam,
1473 5298 1547 5365 et
1610 5290 1702 5364 ad
1763 5289 1951 5364 illud

410 5414 727 5494 omnino
769 5409 1172 5485 ordinatur
1211 5415 1294 5481 ut
1343 5407 1437 5480 ad
1469 5405 1734 5500 finem,
1780 5405 1951 5482 ideo

406 5534 710 5613 bonitas
794 5552 933 5629 per
1017 5524 1432 5602 essentiam
1501 5524 1955 5623 participata

405 5650 850 5743 formaliter,
894 5653 969 5722 et
1018 5642 1129 5719 sic
1185 5640 1596 5717 includens
1650 5651 1955 5718 utrum-

624 5796 766 5851 Τοιι.
805 5786 1004 5848 xxm.

2137 846 2446 938 Contra,
2536 845 2922 941 obJectum
2982 841 3374 917 charitatis
3430 841 3567 915 Dei
3629 860 3925 915 Rerutatur.

2041 973 2113 1037 et
2151 987 2340 1038 meae
2375 972 2489 1037 est
2517 962 2749 1057 idem,
2777 961 2974 1036 sicut
2998 960 3384 1035 beatitudo
3411 983 3581 1034 mea

2044 1088 2117 1152 et
2158 1103 2297 1154 sua
2331 1078 2561 1153 habet
2592 1077 2792 1153 idem
2826 1076 3212 1173 objectum
3248 1084 3320 1151 et
3358 1076 3582 1170 visio,

2044 1195 2228 1290 quia
2265 1194 2607 1292 potentia
2664 1219 2816 1269 non
2865 1195 3277 1292 quietatur,
3315 1192 3463 1266 nisi
3507 1192 3585 1264 in

2045 1335 2349 1386 summo
2401 1321 2476 1386 et
2540 1311 3096 1410 perfectissimo
3181 1310 3324 1385 sub
3389 1333 3589 1384 com-

2049 1430 2264 1503 muni
2319 1429 2615 1526 objecto
2676 1430 3108 1526 adaequato,
3172 1437 3245 1502 et
3302 1427 3378 1500 id
3433 1437 3592 1501 tan-

2047 1557 2210 1621 tum
2251 1546 2544 1644 quietat
2610 1569 2881 1620 omnes
2942 1548 3130 1620 tales
3172 1544 3579 1643 potentias

2048 1664 2199 1738 Sed
2241 1664 2451 1738 Deus
2492 1687 2645 1737 non
2691 1673 2801 1737 est
2835 1662 3215 1760 objectum
3261 1662 3596 1736 charita-

2049 1780 2142 1854 tis
2185 1804 2377 1873 suae,
2414 1788 2492 1853 ut
2525 1779 3019 1872 includendo,
3067 1780 3270 1877 quod
3314 1788 3427 1853 est
3458 1781 3596 1854 bo-

2049 1921 2237 1971 num
2312 1896 2525 1989 mihi,
2586 1919 2728 1971 nec
2788 1895 3254 1970 includendo
3318 1906 3399 1971 ut
3456 1898 3600 1971 bo-

2049 2039 2234 2089 num
2265 2014 2457 2107 sibi3
2507 2014 2708 2088 unde
2741 2037 2999 2088 amare
3041 2038 3121 2088 se
3164 2038 3316 2087 non
3352 2025 3600 2089 retor-

2051 2132 2361 2229 quendo
2413 2131 2840 2207 secundum
2900 2130 3273 2205 rationem
3337 2132 3430 2204 ad
3481 2156 3592 2222 se,

2017 2257 2166 2323 ‘est
2243 2248 2538 2345 primus
2593 2256 2857 2339 actus3
2933 2247 3135 2321 unde
3196 2247 3465 2321 beatus
3524 2257 3598 2323 et

2051 2361 2473 2436 formaliter
2528 2359 2918 2456 diligendo
2989 2383 3070 2434 se
3124 2369 3435 2458 propter
3482 2384 3591 2454 se,

2053 2502 2204 2553 non
2244 2477 2865 2575 concupiscendo
2899 2477 3072 2551 sibi.

2151 2597 2369 2689 Item,
2397 2596 2601 2693 quod
2643 2596 2819 2669 duae
2853 2595 3190 2669 rationes
3236 2596 3593 2671 formales
3624 2616 3792 2666 Unius
3823 2629 3917 2678 per

2053 2723 2443 2811 ponantur
2560 2711 2788 2786 unius
2883 2711 3189 2808 objecti,
3288 2679 3940 2803 videturssitllssffssssss

2055 2830 2434 2924 mirabile,
2472 2853 2645 2903 nam
2691 2828 2926 2904 unius
2968 2829 3276 2904 habitus
3325 2853 3463 2928 per
3512 2854 3593 2905 se
3664 2805 3894 2930 ’ἒῂῖἓὲἷῗ

2054 2958 2171 3024 est
2220 2972 2374 3023 una
2422 2946 2764 3023 formalis
2803 2947 2996 3021 ratio
3043 2946 3423 3043 objectiva
3463 2971 3600 3046 per

2055 3091 2166 3162 se,
2267 3067 2441 3142 licet
2533 3065 2774 3139 multa
2868 3063 3397 3161 coexigantur,
3498 3064 3603 3139 ita

2057 3186 2262 3287 quod
2310 3184 2373 3259 si
2403 3207 2542 3284 per
2579 3181 3086 3282 impossibile,
3132 3182 3321 3257 illud
3358 3208 3600 3257 unum

2057 3306 2407 3397 formale,
2446 3302 2652 3401 quod
2694 3325 2849 3375 non
2916 3311 3031 3376 est
3071 3300 3601 3397 conjunctum,

2057 3430 2260 3498 esset
2317 3428 2808 3519 separatum3
2854 3417 3365 3493 nihilominus
3423 3427 3607 3493 tunc

2056 3548 2261 3616 esset
2306 3562 2442 3637 per
2499 3561 2580 3612 se
2622 3536 3035 3634 objectum,
3080 3537 3212 3611 sed
3273 3545 3387 3612 est
3424 3539 3609 3611 cha-

2057 3656 2243 3732 ritas
2275 3679 2411 3754 per
2441 3678 2522 3729 se
2571 3653 2878 3728 habitus
2919 3677 3120 3727 unus
3153 3681 3170 3747 ;
3208 3677 3420 3750 erg0,
3457 3664 3598 3729 etc.

2159 3776 2377 3867 Item,
2413 3772 2475 3847 si
2534 3771 2875 3846 formalis
2909 3771 3099 3845 ratio
3133 3771 3608 3868 diligibilita-

2062 3890 2157 3965 tis
2226 3913 2317 3964 ex
2379 3888 2748 3963 charitate
2809 3899 3007 3963 esset
3083 3888 3374 3962 bonum
3445 3889 3607 3988 dili-

2058 4004 2301 4101 genti,
2340 4012 2422 4078 ut
2455 4003 2746 4077 bonum
2780 4012 3160 4097 nostrum,
3220 4004 3608 4100 autigitur

2059 4130 2143 4195 ut
2220 4119 2564 4196 efficiens
2655 4119 2946 4194 bonum
3018 4128 3397 4215 nostrum,
3476 4132 3609 4196 aut

2061 4248 2144 4314 ut
2186 4239 2475 4313 bonum
2514 4237 2856 4311 habitum
2882 4239 2921 4309 ἱ)
2953 4238 3032 4312 Si
3074 4239 3415 4313 secundo
3447 4263 3610 4313 mo-

2062 4356 2184 4449 do,
2250 4364 2434 4429 tunc
2493 4353 2856 4428 coincidit
2909 4377 3083 4428 cum
3143 4354 3391 4452 prima
3439 4356 3611 4454 opi-

2060 4476 2322 4550 nione.
2372 4473 2591 4561 Quod
2634 4496 2775 4548 nec
2809 4473 3056 4571 primo
3099 4476 3352 4569 modo,
3399 4475 3610 4549 scili-

2060 4600 2182 4667 cet
2210 4591 2413 4688 quod
2452 4615 2601 4663 non
2643 4588 3118 4683 utel'ficiens,
3154 4613 3297 4665 nec
3318 4600 3399 4664 ut
3425 4591 3608 4666 bea-

2060 4706 2353 4781 tificum
2430 4707 2525 4781 sit
2628 4705 2820 4779 ratio
2888 4705 3194 4802 objecti,
3272 4707 3602 4794 videtur,

2063 4824 2247 4921 quia
2269 4832 2483 4897 actus
2503 4821 2898 4896 charitatis
2929 4821 3227 4920 primus
3258 4833 3370 4897 est
3392 4833 3607 4899 actus

2064 4940 2447 5027 amicitiae,
2501 4963 2676 5038 quae
2717 4947 2832 5014 est
2891 4949 3242 5037 respectu
3284 4941 3467 5015 boni
3525 4943 3602 5016 in

2061 5082 2170 5152 se,
2216 5081 2369 5131 non
2406 5065 2490 5131 ut
2528 5054 2931 5131 efficientis
2969 5057 3257 5132 bonum
3292 5058 3608 5156 diligen-

2059 5176 2143 5270 ti,
2180 5175 2302 5250 vel
2336 5174 2564 5249 aliam
2598 5173 3173 5273 perfectionem.

2597 5433 2956 5492 SCHOLIUM
2996 5435 3070 5492 11.

2135 5583 2306 5636 Docet
2353 5578 2542 5652 primo
2584 5580 2768 5639 Deum
2817 5598 2943 5640 esse
2988 5583 3279 5654 obiectum
3306 5582 3607 5646 charitatis

2060 5668 2121 5727 in
2157 5687 2241 5739 se,
2274 5675 2340 5728 ut
2372 5670 2719 5745 diligibilem
2750 5689 2944 5731 amore
2974 5674 3264 5744 amicitiae,
3313 5693 3414 5735 seu
3436 5677 3604 5738 affec·

3273 5794 3336 5848 31
