4295 6326
644 429 774 498 400

651 597 1036 690 teriorem,
1107 595 1269 670 sive
1337 589 1821 668 exteriorem.
1921 587 2184 675 Amor,

647 716 845 808 dico,
882 714 1263 812 perfectus
1290 732 1426 808 per
1455 705 1771 781 modum
1813 701 2019 793 finis,
2084 699 2194 773 sic

648 830 851 929 quod
895 828 1181 927 aliquid
1218 824 1423 900 aliud
1468 822 1565 895 sit
1628 819 1806 893 finis
1874 814 2187 907 amoris,

649 948 937 1023 scilicet
977 969 1113 1044 per
1142 943 1464 1016 modum·
1513 935 1914 1014 efficientis
1945 945 2019 1008 et
2061 933 2197 1005 im-

650 1064 1017 1164 perantiS,
1088 1072 1162 1137 et
1223 1061 1365 1133 hoc
1430 1065 1544 1132 est
1618 1050 2042 1128 nobilitatis
2112 1049 2191 1121 in

650 1203 937 1257 amore.
981 1181 1088 1253 Ex
1158 1201 1312 1275 quo
1378 1173 1605 1249 etiam
1706 1178 1911 1269 patet
1985 1167 2193 1264 quod

648 1297 970 1373 scientia
1011 1318 1164 1368 non
1200 1292 1481 1367 dicitur
1560 1288 1865 1389 proprie
1927 1284 2196 1384 practi-

647 1439 761 1501 ca,
800 1413 983 1512 quia
1023 1411 1219 1487 actio
1279 1409 1722 1482 intellectus
1762 1404 2188 1494 ordinatur,

647 1541 731 1606 ut
770 1532 860 1605 ad
931 1529 1163 1604 finem
1232 1527 1324 1601 ad
1388 1549 1584 1623 opus
1643 1521 2187 1608 extrinsecum,

647 1672 823 1723 cum
870 1647 1107 1720 multo
1169 1642 1501 1718 nobilior
1588 1641 1686 1714 sit
1743 1636 2190 1729 intellecti0‚

644 1768 767 1841 vel
829 1762 1253 1863 speculatio
1324 1784 1552 1859 quam
1646 1757 2193 1856 quodcumque

647 1909 842 1983 opus
873 1882 1448 1972 extrinsecum3
1494 1877 1626 1952 sed
1687 1873 1932 1970 magis
1998 1871 2194 1946 dici-

646 2011 771 2077 tur
801 1998 1122 2076 scientia
1159 1996 1519 2096 practica,
1565 1993 1748 2090 quia
1792 1990 2195 2065 ordinatur

647 2115 1070 2216 speculatio
1118 2115 1210 2189 ad
1293 2110 1801 2208 regulandum
1847 2108 2194 2180 volunta-

647 2246 829 2328 tem,
875 2243 958 2307 ut
992 2241 1191 2307 recte
1224 2229 1432 2305 velit.

412 2377 516 2444 15,
755 2351 859 2427 Ad
900 2348 1135 2436 aliud,
1181 2347 1386 2446 quod
1440 2368 1593 2418 non
1664 2343 1915 2417 omnis
1974 2349 2192 2416 actus

648 2466 1070 2544 voluntatis
1117 2476 1230 2539 est
1296 2463 1693 2554 electivuS,
1729 2460 1862 2535 sed
1938 2459 2188 2532 solum

650 2586 808 2679 ille,
856 2582 987 2683 qui
1022 2593 1138 2657 est
1168 2580 1368 2655 circa
1430 2603 1523 2655 ea
1596 2600 1772 2674 quae
1858 2584 2038 2649 sunt
2095 2573 2189 2649 ad

648 2699 911 2793 finem,
977 2696 1364 2795 loquendo
1443 2692 1748 2791 proprie
1825 2690 1917 2765 de
1987 2690 2193 2762 elec-

624 2806 903 2908 'tione3
949 2816 1079 2890 sed
1133 2811 1518 2911 loquendo
1573 2807 1857 2899 stricte,
1902 2797 2192 2879 sic'vo-

650 2937 906 3009 luntas
947 2932 1229 3007 dicitur
1268 2952 1436 3005 esse
1461 2927 1704 3025 ipsius
1735 2924 1936 3001 finis.
1976 2922 2191 2999 Sicut

648 3052 850 3127 enim
919 3057 1273 3147 respectu
1355 3042 1907 3143 principiorum
1980 3039 2191 3116 habi-

646 3178 770 3244 tus
810 3165 1089 3240 dicitur
1150 3163 1583 3239 intellectus
1651 3157 1975 3257 positive
2027 3166 2191 3231 ten-

647 3285 866 3376 dens,
945 3281 1054 3356 sic
1111 3288 1459 3378 respectu
1517 3276 1721 3369 finis,
1783 3283 1999 3350 actus
2065 3276 2186 3348 vel

647 3400 955 3475 habitus
989 3407 1234 3496 potest
1272 3395 1420 3468 dici
1460 3396 1846 3485 voluntas,
1884 3400 1957 3466 et
2024 3414 2191 3466 res-

648 3526 869 3616 pectu
922 3514 1099 3587 finis
1150 3513 1346 3586 bene
1388 3519 1501 3585 est
1559 3508 1894 3597 habituS,
1960 3517 2038 3581 ut
2092 3507 2190 3581 sit

649 3629 1080 3730 perfectior,
1126 3627 1323 3701 sicut
1384 3623 1934 3722 principiorum
1990 3622 2187 3696 bene

650 3757 764 3823 est
804 3745 1084 3844 aliquis
1143 3743 1478 3834 habitus,
1517 3740 1648 3839 qui
1714 3738 1992 3813 dicitur
2067 3738 2191 3810 in-

345 3877 574 3930 Rabitus
649 3865 1024 3938 tellectus.
1059 3861 1231 3935 Non
1265 3882 1446 3954 ergo
1498 3865 1610 3931 est
1672 3878 1936 3931 verum
1983 3853 2187 3951 quod

341 3945 597 4057 ῗιῗιῖιὲἶῖ
654 3981 905 4056 omnis
983 3990 1200 4054 actus
1257 3976 1558 4052 elicitus
1625 3997 1670 4049 a
1764 3974 2185 4059 voluntate,

342 4070 591 4182 rggpffiu
659 4097 1037 4174 mediante
1102 4093 1364 4168 habitu
1432 4091 1529 4166 sit
1585 4089 1889 4188 proprie
1943 4087 2194 4163 electi-

321 4195 617 4309 (ξῖωῆῖζὲξ,
654 4240 826 4311 vuS,
861 4213 1046 4312 quia
1111 4210 1363 4285 dicere
1433 4210 1577 4283 hoc
1640 4207 1842 4304 quod
1896 4215 2186 4280 tantum

651 4355 918 4408 eorum
963 4352 1137 4427 quae
1178 4334 1360 4401 sunt
1398 4326 1490 4399 ad
1532 4323 1795 4416 finem,
1832 4322 1925 4396 sit
1966 4322 2191 4396 habi-

646 4463 799 4544 tuS,
837 4459 911 4524 et
944 4472 1095 4522 non
1141 4453 1490 4542 respectu
1547 4442 1752 4534 finis,
1807 4451 1922 4517 est
1975 4448 2191 4538 pete-

649 4592 726 4642 re
774 4594 791 4660 3
831 4567 974 4638 hoc
1017 4563 1219 4638 enim
1266 4560 1543 4659 quaerit
1608 4558 1958 4658 quaestio.
2016 4556 2189 4630 Phi-

647 4683 1020 4779 losophus
1052 4690 1305 4754 tamen
1340 4701 1494 4751 non
1539 4675 1790 4775 posuit
1850 4675 1919 4747 in
1966 4697 2192 4771 appe-

643 4801 784 4874 titu
855 4797 1206 4872 habitum
1268 4793 1414 4868 nisi
1503 4792 1942 4884 electivum,
2006 4789 2191 4888 quia

647 4925 997 5015 respectu
1078 4912 1256 4987 finis
1360 4910 1634 5004 ultimi,
1695 4933 1845 4983 non
1933 4906 2190 5005 posuit

649 5032 1062 5110 amicitiam
1096 5031 1488 5122 virtutem,
1528 5038 1608 5102 ut
1638 5036 1844 5124 patet
1873 5026 1943 5098 8.
1975 5024 2190 5099 Eilei-

2064 409 2303 481 LIBRI
2352 408 2473 479 111.

2309 604 2600 674 corum,
2649 579 2781 656 sed
2852 578 3107 677 potius
3166 578 3578 677 quamdam
3640 562 3855 655 com-

2311 697 2818 796 placentiam3
2919 722 3060 772 nos
3144 707 3401 772 autem
3493 697 3854 796 ponimus

2308 815 2654 889 habitum
2721 814 3115 889 charitatis
3189 825 3263 890 et
3348 815 3708 891 amicitiae
3775 816 3850 891 in

2309 933 2694 1028 voluntate
2730 940 3077 1028 respectu
3115 931 3284 1025 Dei,
3345 941 3418 1008 et
3478 932 3855 1031 principa-

2306 1049 2456 1123 lius
2489 1071 2719 1147 quam
2750 1059 3100 1145 respectu
3138 1071 3406 1123 eorum
3463 1073 3639 1147 quae
3672 1061 3854 1126 sunt

2306 1166 2398 1242 ad
2442 1165 2705 1260 finem,
2746 1175 2826 1239 ut
2858 1167 3411 1264 proximorum.

2403 1282 2511 1355 Ad
2598 1281 3147 1378 Augustinum,
3212 1282 3381 1357 dico
3443 1285 3646 1381 quod
3710 1307 3848 1381 per

2305 1398 3023 1496 contemplationem
3055 1424 3208 1473 non
3277 1402 3527 1477 solum
3568 1401 3847 1495 intelli-

2304 1516 2414 1613 git
2452 1527 2705 1592 actum
2735 1517 3196 1613 intellectus,
3228 1520 3360 1593 sed
3395 1520 3839 1614 voluntatiS‚

2307 1644 2390 1708 ut
2448 1643 2652 1731 patet
2708 1634 2822 1707 13.
2906 1634 2998 1709 de
3062 1635 3336 1710 Trinit.
3427 1637 3557 1710 ubi
3629 1636 3847 1734 ponit

2306 1750 3027 1848 contemplationem
3065 1751 3138 1824 in
3203 1752 3582 1850 superiori
3629 1762 3842 1851 parte

2305 1866 2651 1961 rationis,
2689 1891 2864 1965 quae
2893 1871 3474 1967 comprehendit
3513 1870 3849 1946 intellec-

2302 1994 2461 2059 tum
2496 1995 2570 2060 et
2610 1987 3113 2081 voluntatem,
3177 1997 3259 2061 ut
3324 1996 3528 2084 patet
3596 1988 3726 2076 ibi,
3773 1998 3849 2063 et

2301 2125 2572 2198 parum
2636 2104 2925 2178 valeret
2989 2105 3492 2203 contemplari
3563 2105 3839 2199 Deum,

2302 2218 2448 2293 nisi
2484 2220 3073 2318 contemplando
3129 2221 3602 2318 diligeretur.

2399 2334 2509 2413 Ad
2552 2344 2909 2441 quartum
2992 2336 3399 2413 dicendum
3464 2341 3670 2437 quod
3747 2365 3838 2417 ex

2302 2454 2429 2527 illa
2479 2453 2764 2530 unione
2816 2478 2965 2528 non
3020 2457 3391 2552 elevatur,
3450 2481 3603 2531 non
3657 2460 3842 2558 quia
3901 2450 3943 2502 Α

2301 2572 2518 2647 decet
2578 2572 2782 2670 quod
2884 2572 3055 2647 talis
3136 2574 3233 2648 sit
3331 2576 3628 2663 beatuS‚
3702 2580 3835 2655 sed

2301 2712 2454 2761 non
2508 2712 2598 2767 ex
2652 2690 3102 2765 necessitate
3184 2691 3563 2769 absoluta.
3622 2695 3840 2772 Unde

2301 2806 2638 2880 concedo
2673 2808 2875 2904 quod
2915 2807 3120 2884 Deus
3148 2809 3240 2882 de
3308 2812 3654 2908 potentia
3707 2813 3842 2888 ab·

2301 2922 2549 2996 soluta
2591 2933 2848 3019 posset
2886 2947 3280 3000 assumere
3324 2937 3680 3003 naturam
3750 2930 3845 3004 ir-

2300 3039 2779 3132 rationalem,
2826 3050 2899 3115 et
2930 3041 3155 3114 etiam
3201 3053 3554 3121 naturam
3623 3046 3843 3121 ratio-

2300 3157 2550 3234 nalem
2599 3157 3096 3254 peccabilem,
3144 3184 3296 3234 non
3333 3170 3587 3239 tamen
3621 3189 3845 3263 opor-

2299 3283 2402 3349 tet
2433 3274 2637 3371 quod
2698 3287 3074 3373 peccaret,
3139 3279 3322 3375 quia
3390 3281 3842 3358 confirmata

2300 3399 2500 3465 esset
2530 3414 2665 3488 per
2723 3393 3043 3488 gratiam
3098 3403 3171 3469 et
3236 3397 3589 3492 gloriam,
3643 3398 3841 3473 sicut

2296 3508 2639 3602 Angelus
2686 3508 2956 3584 beatus
3048 3535 3202 3585 non
3294 3522 3544 3610 potest
3610 3515 3840 3591 modo

2298 3647 2642 3722 peccare,
2689 3626 2820 3701 sed
2854 3637 3109 3703 amota
3159 3631 3404 3726 gratia
3427 3641 3501 3707 et
3565 3633 3838 3728 gloria,

2299 3750 2373 3820 et
2415 3752 2859 3818 remanente
2901 3755 3201 3820 natura.
3249 3748 3490 3844 Igitur
3529 3750 3728 3824 sicut
3767 3761 3842 3826 et

2297 3858 2668 3952 Angelus,
2749 3857 2855 3933 ita
2929 3871 3003 3934 et
3105 3871 3380 3937 natura
3500 3867 3842 3944 humana

2297 3975 2578 4049 Christi
2634 3987 2892 4074 posset
2953 4001 3267 4075 peccare
3337 3982 3428 4056 de
3498 3983 3841 4081 potentia

2299 4091 2676 4185 absoluta,
2713 4092 2774 4165 si
2841 4092 2986 4167 sibi
3050 4095 3638 4196 derelinquitur,
3701 4126 3842 4179 nec

2299 4208 2649 4307 sequitur
2677 4211 3173 4308 conveniens,
3226 4215 3407 4312 quia
3450 4217 3559 4291 illi
3599 4220 3841 4297 defec-

2300 4338 2422 4402 tus
2511 4352 2665 4402 non
2771 4330 3278 4406 convenirent
3368 4333 3558 4429 Dec,
3654 4348 3840 4436 puta

2300 4469 2645 4546 peccare,
2725 4448 3104 4542 damnari,
3191 4459 3265 4527 et
3358 4453 3833 4551 hujusmodi,

2298 4561 2448 4636 nisi
2490 4562 2783 4638 ratione
2822 4573 3120 4641 naturae
3161 4579 3605 4665 assumptae,
3643 4570 3840 4647 sicut

2298 4678 2482 4776 pati,
2520 4679 2742 4772 mori,
2779 4702 2954 4777 quae
3024 4705 3232 4758 nunc
3308 4683 3671 4761 dicuntur
3747 4690 3839 4766 de

2299 4796 2458 4871 Deo
2492 4805 2784 4871 tantum
2832 4797 3127 4873 ratione
3191 4809 3492 4878 naturae
3560 4806 3842 4882 huma-

2298 4934 2449 5005 nae,
2483 4920 2556 4985 et
2595 4911 2703 4986 sic
2744 4913 2835 4987 de
2868 4913 3064 4989 aliis.

2394 5028 2499 5102 Et
2532 5029 2642 5103 sic
2672 5028 2857 5126 finis
2895 5030 3438 5130 disputationis
3496 5037 3578 5111 in
3629 5038 3833 5114 aula.

3909 1272 4166 1322 Contem-

3954 1335 4118 1398 plutio

3892 1399 4066 1511 ¹3:¹53
4076 1403 4173 1512 23³3}

3968 1527 4100 1574 tate.

3983 2336 4091 2403 16.

3948 2452 3977 2500 d
4010 2466 4176 2516 quar-

3968 2520 4100 2565 tum.
