4295 6326
1516 374 1739 442 nisi.
1795 346 1941 444 ivs
1968 371 2387 452 QUAESTIO
2435 373 2524 441 V.

3492 368 3619 435 607

99 584 356 634 mmm.
427 544 801 640 minister,
875 556 947 622 et
1013 546 1089 619 in
1171 548 1363 621 male
1459 544 1966 619 ministrando
2078 545 2349 619 tizatus
2416 555 2772 619 teneatur
2838 544 3164 618 interius
3233 542 3326 617 ad
3389 540 3617 615 fidem

98 647 269 698 tentio
300 645 353 694 in

64 710 394 772 suscipiente

68 777 278 837 quanta
305 773 361 821 iu

93 835 362 885 ministro.

76 2293 397 2343 Sacramen-

113 2363 223 2405 tum
247 2368 371 2402 coti·

144 2419 313 2467 fertur
343 2431 373 2465 a

146 2484 289 2530 bono
321 2485 372 2528 et

180 2546 340 2592 mato.

147 2767 227 2840 Ad
264 2772 361 2816 ter-

179 2837 329 2880 tium.

118 4759 195 4809 Ad
233 4774 387 4823 quar·

197 4830 325 4872 tum.

427 661 1041 756 Sacramentum,
1079 673 1341 737 utnon
1378 663 1571 737 hene
1615 661 1962 747 credens

426 782 545 853 vel
617 805 771 853 non
842 804 1015 853 cum
1097 779 1519 854 intentione
1578 807 1596 871 ;
1661 788 1736 852 et
1803 780 1968 851 haec

428 896 716 971 malitia
759 897 831 969 in
907 897 1257 969 ministro
1323 896 1639 993 impedit
1698 895 1970 969 Sacra·

431 1023 768 1086 mentum
852 1013 1179 1087 conferri
1260 1013 1354 1087 ab
1420 1036 1535 1099 e0‚
1611 1022 1683 1085 et
1723 1010 1968 1106 magis

426 1153 658 1225 quam
733 1130 1024 1204 malitia
1092 1130 1324 1203 moris
1381 1129 1455 1201 in
1500 1127 1967 1226 suscipiente

426 1247 1039 1338 Sacramentum,
1086 1246 1268 1342 quia
1319 1245 1393 1317 in
1455 1244 1620 1342 ipso
1690 1241 1970 1317 suflicit

427 1388 580 1437 non
625 1362 1061 1455 dissentire,
1119 1363 1232 1436 vel
1281 1386 1433 1435 non
1484 1361 1720 1434 invite
1773 1359 1971 1434 reci-

426 1501 604 1575 pere
650 1477 1097 1573 hujusmodi
1132 1479 1745 1552 Sacramentum.

521 1595 690 1668 Alia
760 1604 1231 1691 potestesse
1315 1594 1599 1668 malitia
1706 1592 1965 1677 moriS,

423 1713 606 1809 quia
647 1723 761 1786 est
812 1712 891 1784 in
953 1723 1264 1810 peccato
1316 1712 1642 1798 mortali,
1702 1720 1776 1785 et
1825 1711 1971 1782 hoc

427 1855 575 1903 non
614 1830 931 1927 impedit
974 1829 1301 1903 conferri
1354 1829 1965 1916 Sacramentum,

421 1946 605 2044 quia
679 1970 835 2021 non
898 1946 1227 2044 baptizat
1303 1945 1759 2043 inquantum
1833 1944 1972 2018 bo-

426 2088 573 2137 nus
651 2064 765 2137 vel
823 2066 1069 2138 malus
1132 2063 1477 2161 praecise,
1542 2062 1723 2160 quia
1765 2073 1971 2136 uter-

427 2201 577 2274 que
611 2179 823 2252 salva
856 2178 1280 2251 intentione
1323 2178 1686 2251 Ecclesiae
1729 2186 1971 2275 potest

432 2294 826 2392 baptizari.
871 2295 1088 2368 Patet
1143 2294 1234 2368 de
1287 2294 1678 2387 haeretico,
1744 2303 1813 2366 et
1874 2293 1977 2368 ita

435 2420 640 2507 patet
716 2410 850 2483 illa
920 2410 1168 2483 minor
1272 2410 1658 2507 quomodo
1757 2408 1980 2482 mali-

441 2527 541 2601 tia
635 2527 956 2601 ministri
1045 2528 1386 2624 impedit,
1460 2537 1533 2600 ct
1591 2526 1978 2623 quomodo

439 2669 620 2718 non.

534 2764 644 2837 Ad
693 2763 1026 2856 tertium,
1060 2763 1227 2836 dico
1262 2763 1467 2859 quod
1517 2784 1780 2835 verum
1837 2769 1976 2850 est,

439 2879 1078 2954 consuetudinem
1123 2879 1487 2952 Ecclesia)
1554 2901 1749 2964 esse,
1806 2878 1985 2951 nul-

443 2997 597 3070 lum
642 2996 985 3068 adultum
1035 2994 1447 3091 baptizare,
1499 2993 1640 3066 nisi
1679 3016 1988 3090 respon-

439 3114 612 3188 deat
648 3137 727 3187 se
799 3111 1232 3187 consentire
1304 3111 1411 3185 illi
1458 3110 1979 3198 Sacramento,

440 3231 501 3305 si
553 3240 806 3305 tamen
878 3231 1189 3317 fureret,
1262 3230 1383 3302 vel
1465 3228 1857 3320 dormiret,
1914 3235 1988 3301 et

442 3371 596 3420 non
657 3346 764 3420 sic
833 3345 1333 3443 responderet
1396 3369 1534 3442 pro
1609 3368 1718 3438 se,
1792 3343 1983 3417 nihil

443 3464 701 3538 minus
764 3464 1136 3561 reciperet
1222 3462 1838 3555 Sacramentum,
1921 3461 1984 3534 si

446 3580 658 3677 prius
692 3591 868 3654 ante
930 3603 1087 3652 non
1124 3578 1511 3671 dissensit,
1576 3602 1716 3651 nec
1785 3586 1981 3675 post,

445 3707 860 3793 antequam
931 3697 1408 3793 compleatur
1471 3694 1984 3768 ministerium

447 3814 814 3911 Baptismi
851 3814 1055 3888 circa
1111 3813 1395 3910 ipsum,
1461 3811 1843 3885 intercidit
1909 3811 1983 3883 in

446 3930 610 4031 ipso
664 3932 1061 4006 dissensus
1120 3940 1194 4004 et
1261 3938 1514 4003 motus
1582 3928 1987 4002 contrariae

443 4049 888 4124 voluntatis.

547 4165 764 4240 Unde
799 4164 938 4239 etsi
1001 4163 1340 4237 Ecclesia
1378 4186 1527 4235 non
1573 4162 1991 4259 baptizaret

447 4285 825 4370 adultum,
899 4281 1046 4355 nisi
1117 4278 1578 4378 respondeat
1662 4303 1796 4376 pro
1875 4303 1984 4373 se,

452 4414 703 4478 tamen
747 4401 811 4475 si
864 4402 1146 4474 faceret
1214 4398 1290 4471 in
1350 4398 1515 4471 istis
1574 4397 1877 4472 casibus
1918 4405 1992 4471 et

449 4516 1322 4609 consimilibUS,factun1
1382 4522 1607 4607 esset,
1671 4524 1741 4587 et
1801 4514 1993 4587 reci-

452 4648 663 4736 peret
703 4638 1311 4710 Sacramentum.

546 4756 656 4830 Ad
691 4754 927 4846 aliud,
965 4750 1374 4825 dicendum
1417 4750 1619 4845 quod
1664 4749 1726 4823 si
1783 4750 1992 4822 adul-

450 4885 572 4947 tus
602 4872 1026 4969 baptizatus
1058 4869 1149 4941 (le
1184 4868 1373 4941 facto
1402 4876 1678 4940 voveat
1711 4890 1993 4940 renun-

448 4992 636 5065 tiare
692 4987 1014 5063 Diabolo
1083 4995 1156 5060 et
1223 4984 1524 5082 pompis
1592 4984 1786 5079 ejuS,
1833 5008 1988 5057 non

449 5119 705 5182 tamen
740 5117 852 5180 est
912 5103 1099 5176 illud
1161 5109 1423 5173 votum
1477 5101 1569 5174 de
1624 5101 1985 5193 essentia,

447 5226 568 5299 vel
603 5221 1056 5298 necessitate
1089 5217 1589 5304 Sacramenti‚
1638 5217 1770 5291 sed
1816 5240 1991 5315 per-

446 5341 963 5415 tinettantum
1025 5334 1117 5408 ad
1180 5333 1345 5429 ejus
1393 5333 1983 5407 solemnitatem.

448 5459 708 5530 Potest
736 5454 942 5529 enim
973 5449 1412 5548 Baptismus
1453 5448 1619 5523 sine
1649 5449 1780 5521 tali
1813 5458 1988 5522 voto

447 5570 804 5648 exteriori
837 5564 1194 5659 conferri,
1231 5565 1407 5638 licet
1447 5565 1768 5661 quilibet
1800 5566 1990 5662 hap-

2076 663 2439 737 Ecclesiae
2473 662 2793 739 firmiter
2833 664 3432 738 observandam.

2583 1008 2981 1086 QUAES'PIO
3030 1011 3116 1078 V.

2082 1172 2327 1237 Utrum
2364 1172 2644 1242 adultus
2709 1177 2915 1263 fictus
2963 1183 3253 1270 recipiat
3301 1186 3620 1271 ellectum

2430 1286 2870 1354 Sacramenti
2912 1287 3261 1375 baptismi.

2079 1471 2278 1528 Alens.
2314 1473 2364 1527 4.
2396 1478 2754 1546 part.quoest.
2791 1477 2878 1534 18.
2902 1481 3139 1536 membro
3168 1482 3220 1537 2.
3256 1492 3366 1537 art.
3403 1500 3441 1538 1.
3475 1489 3526 1539 et
3564 1487 3621 1539 2.

2151 1545 2209 1597 l).
2245 1544 2556 1601 Bonavent.
2588 1548 2675 1601 hic
2707 1565 2744 1603 1.
2769 1556 2915 1620 part.
2947 1554 3000 1605 2.
3035 1562 3222 1623 quaeu.
3255 1555 3304 1607 2.
3344 1555 3619 1611 Richard.

2144 1625 2249 1670 arc.
2310 1633 2349 1670 1.
2402 1624 2600 1687 quaese.
2651 1621 2702 1672 2.
2751 1625 2810 1674 t).
2862 1622 3116 1679 Thomas
3156 1625 3209 1679 3.
3243 1633 3390 1695 part.
3423 1636 3619 1696 quaese.

2063 1749 2073 1756 ‚
2144 1687 2234 1742 69.
2268 1694 2378 1741 arc.
2411 1690 2464 1743 9.
2501 1689 2759 1761 vasquez
2789 1692 2844 1746 3.
2878 1705 3030 1765 part.
3065 1696 3208 1768 disp.
3250 1698 3368 1752 158.
3415 1699 3624 1756 Scotus

2147 1759 2207 1813 in
2239 1758 2412 1838 Oxou.
2449 1761 2539 1816 hle
2569 1767 2761 1832 quaest.
2793 1764 2848 1818 5.

2182 1940 2536 2015 Secundo
2571 1965 2834 2040 quaero
2868 1945 2958 2019 de
3001 1947 3259 2020 adulto
3294 1950 3369 2022 in
3413 1974 3626 2025 com-

2086 2059 2480 2154 paratione
2541 2060 2636 2134 ad
2714 2060 3195 2159 Baptismum
3260 2091 3274 2140 :
3356 2068 3628 2143 Utrum

2085 2173 2391 2248 adultus
2427 2173 2652 2271 fictus
2694 2178 3018 2274 recipiat
3067 2178 3414 2276 effectam
3478 2184 3629 2260 Sa-

2090 2292 2469 2365 cramenti
2495 2292 2887 2390 Baptismi
2920 2294 2959 2365 ἶ)
3010 2299 3381 2393 Arguitur
3424 2303 3629 2398 quod
3664 2311 3937 2372 Argumen

2088 2408 2225 2500 sic,
2272 2408 2364 2482 ad
2399 2409 2563 2481 Gal.
2611 2408 2681 2481 3.
2735 2409 3117 2510 Quotquot
3161 2416 3337 2488 escis
3383 2415 3632 2516 bapti-

2089 2523 2277 2616 zati,
2319 2523 2709 2598 Christum
2743 2526 3107 2602 induistis
3134 2557 3160 2612 ,·
3188 2532 3320 2605 sed
3371 2533 3636 2608 Chris-

2096 2651 2215 2714 tus
2249 2665 2400 2713 non
2445 2652 2558 2715 est
2601 2642 2675 2715 in
2749 2644 3007 2741 aliquo
3076 2655 3155 2718 ut
3222 2648 3636 2725 indumen-

2090 2769 2253 2831 tum
2305 2756 2379 2830 in
2453 2757 2747 2853 indut0,
2803 2759 2968 2834 sine
3048 2765 3347 2859 gratia3
3416 2791 3627 2864 ergo,

2092 2886 2236 2949 etc.

2194 2994 2410 3086 Item,
2447 2994 2508 3067 si
2544 2993 2766 3070 ssctus
2796 2997 3224 3094 baptizatus
3265 3025 3419 3075 non
3456 3003 3640 3079 reci-

2095 3111 2255 3208 piat
2346 3111 2697 3208 gratiam,
2780 3138 2961 3212 ergo
3055 3118 3459 3196 recedente
3542 3123 3637 3197 ab

2097 3229 2262 3325 ipso
2324 3227 2654 3316 fictione,
2732 3243 3031 3329 oportet
3081 3234 3335 3332 ipsum
3389 3239 3643 3337 bapti-

2097 3345 2251 3419 zari
2322 3345 2416 3419 ad
2460 3347 2604 3419 hoc
2677 3357 2756 3421 ut
2820 3350 3140 3448 recipiat
3187 3354 3509 3448 gratiam
3574 3366 3650 3430 et

2101 3459 2453 3534 effectum
2530 3462 2899 3559 Baptismi
2945 3491 2962 3557 ;
3009 3489 3494 3566 consequens
3535 3481 3650 3546 est

2098 3577 2405 3668 falsum,
2465 3586 2672 3674 patet
2710 3579 2790 3650 in
2837 3578 3141 3654 Decret.
3192 3607 3238 3655 1.
3279 3592 3542 3680 quaesi.
3592 3614 3640 3659 1.

2100 3716 2266 3789 cap.
2329 3692 2548 3766 Sicut
2608 3691 2837 3788 fictis,
2903 3704 2975 3770 et
3064 3700 3648 3778 auctoritatibus

2097 3806 2556 3881 Sanctorum
2591 3807 2666 3880 in
2704 3810 2978 3884 littera.

2196 3928 2765 4024 Consequentia
2849 3931 3241 4026 probatur,
3334 3937 3516 4032 quia
3584 3939 3648 4012 si

2098 4041 2379 4138 aliquis
2413 4040 2636 4116 lictus
2685 4044 2996 4142 recipiat
3058 4046 3646 4127 Sacramentum

2100 4158 2621 4251 Poenitentiae,
2683 4170 2756 4234 et
2822 4161 3646 4244 absolutionemtalem

2100 4274 2266 4348 sine
2322 4276 2595 4372 gratia,
2668 4287 2968 4375 oportet
3041 4280 3295 4378 'ipsum
3374 4284 3648 4361 iterum

2100 4393 2474 4490 poenitere
2509 4403 2583 4467 et
2613 4395 2906 4469 absolvi
2965 4397 3056 4470 de
3110 4399 3241 4473 illa
3310 4400 3644 4499 fictione,

2101 4511 2194 4585 ad
2241 4512 2383 4584 hoc
2419 4522 2498 4585 ut
2537 4513 2861 4607 gratiam
2897 4516 3238 4613 recipiat,
3299 4531 3371 4594 et
3433 4523 3653 4598 effec-

2102 4635 2263 4699 tum
2299 4626 2802 4702 Sacramenti.

2201 4746 2419 4837 Item,
2465 4746 2779 4822 effectus
2815 4749 3186 4846 Baptismi
3228 4765 3341 4827 est
3391 4761 3649 4855 expul-

2102 4864 2215 4936 sio
2251 4865 2593 4962 peccati3
2640 4875 2771 4939 aut
2818 4890 3002 4963 ergo
3050 4873 3372 4968 peccati,
3441 4880 3645 4973 quod

2103 4981 2709 5078 insuitp1·iuS,et
2781 4985 2925 5058 hoc
2997 5010 3180 5080 non,
3248 4991 3432 5087 quia
3492 5019 3639 5067 non

2104 5109 2451 5172 remanet
2491 5102 3059 5196 expellendum,
3138 5130 3276 5180 nec
3358 5109 3647 5206 indiget

2104 5215 2379 5312 expelli
2420 5243 2437 5308 3
2511 5227 2640 5290 aut
2677 5219 2990 5315 peccati,
3028 5222 3232 5316 quod
3290 5225 3513 5320 inest,
3573 5240 3647 5302 et

2104 5332 2248 5404 hoc
2293 5356 2474 5426 non,
2538 5334 2719 5430 quia
2749 5334 2810 5407 si
2845 5338 3174 5432 expellat
3215 5352 3642 5442 peccatum,

2103 5450 2306 5544 quod
2399 5451 2621 5524 modo
2726 5451 2949 5545 inest,
3001 5543 3005 5547 .
3058 5478 3238 5551 ergo
3344 5462 3641 5537 nullum

2106 5576 2501 5662 peccatum
2539 5568 2742 5665 quod
2802 5569 3024 5663 inest,
3091 5582 3337 5670 potest
3403 5579 3652 5679 impe-

3694 2378 3804 2423 tum
3840 2335 3961 2437 pri-

3751 2449 3918 2486 mum.

3729 3009 3927 3060 Secun-

3757 3075 3905 3122 dum.

3708 4793 3962 4863 Tertium.
