4295 6326
14 5324 87 5361 se
131 5306 342 5357 habet

1464 386 1691 456 DIST.
1743 386 1862 455 lv.
1916 385 2333 466 QUAESTlo
2384 384 2469 452 V.

428 572 501 636 et
544 585 782 634 unum
832 574 1223 659 peccatum
1261 588 1395 663 per
1438 561 1966 661 poenitentiam

426 687 701 771 cessat,
784 687 857 751 et
932 704 1186 772 omne,
1249 681 1431 779 quia
1512 701 1749 751 unum
1814 701 1965 749 non

426 803 675 891 potest
714 794 950 868 deleri
1004 796 1168 870 sine
1216 798 1392 888 alio,
1455 794 1635 892 quia
1704 816 1972 867 secun-

426 912 607 985 dum
669 913 1187 1007 Augustinum
1255 938 1271 987 :
1342 912 1683 1009 Impium
1752 915 1862 983 est
1927 934 1971 982 α

427 1029 590 1102 Deo
619 1028 1027 1104 dimidiam
1067 1054 1379 1127 sperare
1411 1029 1746 1103 veniam.

526 1147 698 1221 Non
731 1156 978 1243 potest
1036 1147 1185 1221 dici
1236 1148 1440 1246 quod
1502 1156 1749 1220 cessat
1806 1144 1972 1219 sine

432 1263 909 1361 poenitentia,
972 1265 1152 1361 quia
1239 1274 1407 1362 post
1492 1263 1968 1361 Baptismum

432 1405 587 1454 non
621 1381 919 1455 deletur
971 1382 1282 1479 aliquod
1329 1392 1757 1480 peccatum,
1826 1379 1973 1455 nisi

432 1520 569 1596 per
600 1498 1159 1596 poenitentiam,
1231 1522 1408 1574 cum
1477 1499 1573 1572 sit
1638 1498 1975 1572 secunda

432 1614 693 1690 tabula
722 1622 896 1713 post
942 1617 1474 1714 naufraqz'um,
1543 1615 1967 1691 secundum

434 1733 1021 1830 Hieronymum.

211 1841 278 1908 3·
532 1851 1020 1947 Respondes),
1112 1850 1319 1948 quod
1415 1849 1639 1925 fictus
1724 1858 1974 1949 potest

101 1959 361 2010 50¹V120‘·
435 1967 716 2040 habere
764 1967 1000 2040 multa
1034 1975 1369 2065 peccata,
1416 1976 1490 2040 et
1524 1976 1772 2042 tamen
1816 1991 1972 2040 non

435 2092 749 2181 propter
788 2082 1051 2157 omnia
1110 2092 1224 2157 est
1298 2081 1577 2177 fictus3
1650 2083 1974 2159 veniens

433 2198 637 2273 enim
695 2199 787 2273 ad
838 2198 1315 2295 Baptismum
1375 2209 1624 2297 potest
1691 2200 1972 2275 habere

435 2317 1070 2415 complacentiam
1115 2317 1207 2390 de
1260 2317 1649 2414 aliquibus
1703 2341 1975 2415 pecca-

431 2434 557 2529 tis,
594 2444 668 2507 et
698 2432 1257 2532 displicentiam
1301 2434 1393 2509 de
1427 2433 1625 2507 aliis.

529 2551 687 2627 Nec
711 2550 988 2625 dicitur
1019 2549 1242 2625 fictus
1273 2560 1622 2649 respectu
1668 2551 1970 2629 illorum

112 906 250 968 Aug.
286 902 351 952 de

73 982 196 1018 vera
236 965 394 1016 ettal-

90 1045 148 1079 sa
173 1030 361 1093 poeuil'..

164 1108 211 1144 c.
248 1093 293 1142 9.

70 1156 273 1204 Hieron
316 1155 369 1203 in

71 1234 118 1270 c.
170 1217 220 1267 3.
275 1214 397 1266 lsai.

77 1285 203 1343 post
232 1281 369 1329 m'ed.

69 1350 123 1395 et
156 1344 312 1407 epist.
334 1342 401 1392 dc

68 1407 227 1468 Virg.
259 1419 365 1455 ser-

69 1470 399 1524 vanda.ante

166 1532 307 1582 med.

134 2560 362 2612 Attritio

61 2625 376 2760 3335?ssAE
435 2674 953 2760 peccatorum,
1025 2663 1116 2739 de
1187 2664 1470 2761 quibus
1558 2667 1979 2741 conteritur

116 2754 342 2863 ⁸2:⁹53:
434 2784 554 2856 vel
616 2782 989 2858 atteritur.
1064 2783 1155 2855 Et
1202 2781 1371 2855 dico
1447 2782 1801 2856 atteritur
1856 2784 1975 2859 vel

437 2900 881 2992 conteritur,
987 2897 1509 2973 indifferenter
1602 2900 1978 2975 sumendo

436 3019 593 3105 illa,
640 3017 824 3115 quia
855 3040 1008 3092 non
1055 3016 1472 3113 requiritur
1513 3017 1587 3089 in
1622 3018 1979 3093 veniente

437 3135 525 3211 ad
571 3135 1050 3233 Baptismum
1094 3156 1278 3210 vera
1345 3133 1830 3232 displicentia
1888 3137 1980 3212 de

435 3254 795 3352 peccatis,
841 3254 1039 3328 sicut
1069 3252 1143 3324 in
1181 3252 1539 3327 veniente
1592 3253 1685 3326 ad
1731 3254 1982 3351 poeni-

434 3373 783 3466 tentiam,
820 3372 953 3446 sed
1020 3373 1274 3445 solum
1331 3370 1643 3459 attriti0‚
1694 3371 1986 3447 scilicet

433 3513 586 3563 non
624 3490 818 3564 velle
853 3510 1197 3586 peccare.
1233 3486 1313 3561 Si
1370 3511 1552 3583 ergo
1603 3488 1701 3562 sit
1759 3487 1985 3562 fictus

436 3617 787 3704 respectu
824 3605 1173 3678 omnium
1218 3614 1709 3703 peccatorum
1777 3628 1986 3678 mor-

437 3725 735 3818 talium,
782 3748 958 3822 quae
1026 3722 1281 3813 habet,
1363 3722 1547 3820 quia
1613 3723 1705 3797 de
1770 3725 1983 3798 nullo

439 3842 810 3927 atteritur,
933 3841 1337 3915 recedente
1447 3838 1756 3914 fictione
1851 3864 1988 3938 per

441 3958 1001 4035 confessionem
1075 3965 1149 4030 et
1203 3956 1733 4054 poenitentiam
1817 3980 1988 4054 pec·

438 4087 608 4152 cata
639 4074 1157 4167 dimittuntur,
1213 4072 1494 4147 virtute
1539 4074 1987 4170 praeceden-

420 4193 534 4267 tis
566 4190 966 4290 Baptismi,
1012 4198 1085 4264 et
1115 4199 1490 4286 quantum
1523 4189 1617 4264 ad
1646 4191 1981 4287 culpam,

438 4318 512 4384 et
543 4318 916 4406 quantum
952 4307 1043 4381 ad
1080 4330 1416 4404 poenam.
1454 4305 1534 4380 Si
1599 4315 1850 4381 autem
1890 4306 1986 4380 sit

442 4427 664 4501 fictus
698 4434 1008 4522 propter
1044 4447 1279 4497 unum
1320 4432 1741 4521 peccatum,
1789 4432 1862 4498 et
1891 4424 1983 4497 de

440 4545 804 4621 omnibus
912 4541 1077 4617 aliis
1176 4541 1479 4616 attritus
1581 4542 1984 4617 recedente

440 4660 749 4734 fictione
800 4656 1022 4731 istius
1082 4655 1339 4747 unius,
1394 4678 1529 4754 per
1568 4656 1985 4729 confessio-

442 4801 618 4851 nem
677 4775 1032 4849 delentur
1110 4772 1371 4846 omnia
1464 4772 1614 4845 alia
1703 4772 1982 4846 virtute

440 4891 918 4968 Sacramenti
983 4899 1055 4963 et
1124 4889 1391 4985 gratias
1472 4889 1978 4986 baptismaliS,

443 5034 617 5108 quae
696 5018 875 5080 tunc
953 5005 1409 5098 infunditur,
1492 5028 1664 5101 qum
1753 5005 1981 5079 etiam

442 5127 695 5200 infusa
747 5123 1013 5198 fuisset
1067 5123 1141 5195 in
1183 5122 1633 5223 ‚receptione
1681 5122 1985 5219 Baptis-

444 5244 575 5337 mi,
609 5240 753 5315 nisi
795 5239 999 5313 fictio
1034 5238 1414 5332 infuisset,
1462 5250 1534 5313 et
1575 5238 1745 5312 ideo
1788 5238 1985 5311 sicut

56 5364 379 5438 fletiossd
443 5361 520 5433 in
591 5357 964 5457 principio
1046 5353 1464 5451 expulisset
1533 5354 1819 5441 omnia,
1913 5362 1987 5427 et

13 5435 413 5567 mfftffgts‘ad
446 5485 821 5575 qnantum
865 5471 954 5545 ad
990 5493 1297 5568 poenam
1341 5480 1414 5544 et
1467 5471 1799 5568 culpam,
1857 5494 1987 5545 eo-

48 5561 384 5629 poemten-
448 5597 621 5670 dem
683 5593 938 5685 mode,
1011 5589 1433 5685 eademque
1503 5590 1781 5664 virtute
1845 5592 1985 5663 hoc

136 5624 337 5674 tiam.

671 5735 804 5794 Tou.
846 5730 1038 5794 xxm.

22 5239 375 5305 Quomodo

3498 385 3627 452 609

2082 559 2259 633 lacit
2289 567 2638 633 cessante
2681 556 3018 646 fictione,
3055 558 3146 632 de
3181 580 3335 654 qua
3375 555 3624 655 poeni-

2081 685 2237 750 tere
2272 686 2595 775 oportet,
2641 686 2713 749 et
2759 675 3195 774 specialiter
3239 671 3613 749 confiteri.

2179 791 2502 879 Quando
2544 815 2726 889 ergo
2785 792 2977 866 dicis
3044 792 3247 890 quod
3280 816 3416 889 per
3456 816 3624 889 poe-
3650 792 3953 856 Baptismus

3654 855 3812 907 modo
3847 871 3944 907 no·

2083 909 2484 983 nitentiam
2534 932 2685 982 non
2745 917 2991 1006 potest
3047 933 3286 982 unum
3348 932 3622 1007 pecca·
3652 918 3973 1032 lgilffirtiffi·

2083 1035 2239 1100 tum
2285 1026 2563 1101 remitti
2606 1028 2727 1100 vel
2761 1027 2995 1102 deleri
3030 1027 3193 1102 sine
3235 1027 3414 1116 alio,
3449 1026 3619 1100 dico
3653 1045 3743 1094 nia
3768 1058 3951 1108 pecea-

2081 1145 2285 1242 quod
2352 1147 2495 1219 hoc
2543 1169 2810 1219 verum
2881 1155 3020 1236 est,
3077 1153 3452 1243 quantum
3509 1153 3622 1220 est
3674 1112 3946 1241 ῑέᾦὲῑῗὲιῗῖ

2082 1287 2174 1337 ex
2232 1286 2340 1357 se,
2415 1263 2596 1362 quia
2662 1273 3033 1361 quantum
3106 1275 3220 1339 est
3285 1288 3376 1339 ex
3407 1288 3487 1340 se
3521 1264 3625 1338 ita
3765 1238 3856 1285 ‘¹⁸'

2081 1378 2493 1454 dimitteret
2552 1379 2814 1454 onmia
2869 1380 3065 1455 sicut
3145 1405 3427 1474 uuum3
3492 1381 3625 1456 sed

2082 1521 2237 1571 non
2309 1507 2422 1571 est
2463 1521 2761 1591 verum,
2826 1500 3133 1595 quando
3194 1499 3345 1573 alia
3394 1523 3629 1574 causa

2084 1611 2466 1709 potentior
2549 1613 2953 1709 praevenit,
3048 1613 3245 1686 sicut
3348 1623 3463 1687 est
3536 1614 3628 1687 de

2082 1728 2505 1825 BaptismO,
2575 1728 2710 1825 qui
2790 1729 3169 1827 praevenit
3236 1729 3631 1804 Poeniten-

2081 1845 2296 1940 tiam,
2341 1856 2415 1920 et
2455 1845 2716 1919 omnia
2750 1856 3062 1945 peccata
3116 1847 3632 1944 praecedentia

2085 1963 2338 2061 ipsum
2367 1962 2721 2037 nobiliori
2760 1963 2984 2037 modo
3031 1964 3362 2049 remittit,
3398 1987 3629 2061 quam

2083 2081 2563 2180 poenitentia,
2635 2090 2709 2155 et
2749 2090 3120 2178 quantum
3156 2082 3249 2155 ad
3291 2083 3624 2182 culpam,

2082 2208 2156 2274 et
2189 2207 2560 2296 quantum
2595 2198 2688 2272 ad
2722 2222 3056 2296 poenam.

2182 2316 2434 2403 DiceS,
2499 2339 2681 2411 ergo
2734 2314 2984 2409 fictuS,
3035 2317 3157 2390 cui
3210 2318 3318 2392 sic
3377 2318 3624 2392 dimit-

2083 2441 2353 2506 tuntur
2407 2441 2743 2531 peccata,
2798 2433 3110 2510 haberet
3176 2437 3474 2510 lucrum
3535 2461 3628 2512 ex

2086 2546 2396 2622 fictione
2430 2572 2597 2642 sua,
2628 2548 2810 2647 quia
2840 2550 3100 2625 omnia
3133 2562 3442 2650 peccata
3483 2554 3627 2627 sibi

2087 2665 2405 2739 omnino
2464 2666 2958 2741 dimittuntur
3015 2679 3183 2766 post
3234 2671 3633 2745 contritio-

2089 2806 2298 2877 nem,
2381 2783 2659 2859 virtute
2761 2786 3131 2883 Baptismi
3209 2798 3281 2862 et
3366 2788 3632 2885 gratiae

2090 2900 2607 2998 Baptismalis.

2190 3015 2405 3110 Dico,
2461 3017 2665 3115 quod
2724 3016 2947 3091 fictus
2996 3044 3146 3094 non
3227 3023 3456 3098 habet
3531 3025 3640 3099 lu-

2092 3157 2310 3208 crum
2354 3156 2446 3208 ex
2490 3144 2804 3233 peccato
2859 3159 3030 3231 su0,
3085 3138 3217 3213 sed
3275 3163 3639 3239 magnum

2091 3249 2378 3348 patitur
2441 3249 2961 3348 dispendium,
3031 3254 3213 3351 quia
3270 3258 3640 3352 quamdiu

2092 3377 2206 3443 est
2245 3367 2498 3462 fictuS,
2544 3369 2824 3443 amittit
2868 3380 3106 3444 totum
3166 3382 3499 3471 tempuS,
3567 3377 3639 3449 in

2092 3507 2247 3581 quo
2316 3494 2575 3581 posset
2650 3509 2819 3559 cum
2922 3488 3168 3583 gratia
3253 3491 3641 3567 meritorie

2092 3609 2455 3697 operatus
2530 3601 2792 3694 fuisse,
2874 3612 3234 3679 etisuam
3318 3608 3641 3703 gratiam

2092 3727 2667 3813 augmentasse,
2767 3719 2952 3815 quia
3075 3721 3165 3796 de
3280 3725 3642 3800 omnibus

2091 3835 2424 3932 peccatis
2491 3836 2947 3911 intermedio
3027 3849 3369 3938 tempore
3443 3867 3643 3917 com-

2095 3950 2350 4026 missis
2383 3950 2607 4027 debet
2638 3954 3043 4050 poenitere,
3081 3957 3262 4053 quia
3313 3959 3441 4033 illa
3484 3984 3633 4034 non

3708 2320 3943 2387 Replica-

3707 3058 3933 3111 Soluti0.

2072 4067 2576 4161 auferuntur,
2657 4069 2805 4143 nisi
2862 4095 2998 4167 per
3078 4074 3634 4172 poenitentiam,

2093 4209 2244 4258 non
2282 4208 2416 4283 per
2441 4186 2950 4283 Baptismum‚
2985 4190 3167 4286 quia
3208 4193 3640 4290 Baptismus

2094 4324 2247 4375 non
2296 4302 2526 4376 habet
2565 4301 3019 4398 efficaciam,
3088 4305 3233 4380 nisi
3288 4321 3634 4407 respectu

2095 4429 2582 4516 peccatorum
2649 4422 3276 4517 praecedentium,
3345 4439 3418 4502 et
3465 4429 3639 4504 ideo

2097 4535 2284 4608 nihil
2322 4546 2437 4609 est
2478 4535 2554 4608 in
2591 4536 2720 4611 illo
2777 4547 3119 4635 tempore
3170 4543 3448 4638 mediO,
3507 4546 3638 4621 sed

2093 4652 2383 4727 addidit
2424 4663 2734 4750 peccata
2781 4656 3146 4752 peccatis,
3213 4658 3304 4733 de
3357 4662 3640 4757 quihus

2093 4778 2388 4868 oportet
2433 4770 2802 4867 poenitere
2855 4795 3059 4845 eum.

2190 4887 2298 4960 Ad
2336 4886 2661 4985 primam
2729 4888 3129 4983 rationem,
3201 4892 3370 4968 dico
3427 4898 3629 4992 quod
3788 4911 3852 4977 4.

2096 5002 2247 5077 ficti
2355 5003 2706 5100 baptizati
2797 5006 3177 5101 Christum
3268 5010 3626 5108 induunt,
3726 5026 3929 5112 §dvri-

2092 5128 2468 5218 quantum
2527 5121 2621 5194 ad
2664 5123 3211 5220 characterem,
3276 5139 3631 5226 etquan-
3665 5103 3980 5214 mgffiffln-

2091 5248 2255 5312 tum
2324 5238 2418 5312 ad
2474 5247 2761 5313 vestem
2833 5243 3220 5339 armigeri,
3283 5271 3436 5320 non
3493 5273 3630 5322 au·
3701 5215 3953 5340 13:333&

2094 5365 2242 5429 tem
2313 5366 2687 5452 quantum
2741 5357 2834 5430 ad
2902 5360 3253 5455 gratiam,
3288 5366 3404 5437 vel
3461 5392 3630 5441 ves·
3677 5343 3966 5457 ἐὲἒῑὲἲυῦηξ,

2094 5481 2243 5546 tem
2319 5472 2767 5570 nuptialem,
2881 5485 2961 5548 ut
3022 5475 3227 5553 filius
3287 5511 3303 5571 ;
3403 5466 3981 5583 habetetessiffi'o-

2098 5589 2302 5665 enim
2377 5591 2734 5666 dominus
2794 5592 3138 5670 diversos
3205 5600 3489 5692 gradus
3552 5603 3630 5677 in
3769 5593 3856 5644 ¹³⁰·

3346 5742 3414 5800 39
