4295 6326
650 351 780 418 486

652 527 746 601 ad
818 530 1302 626 excedenteS,
1367 542 1441 607 et
1499 532 1650 607 alia
1690 531 1782 606 ad
1826 532 2198 629 aequales,

656 647 1084 721 secundum
1145 649 1398 747 ipsum
1443 649 1753 724 ibidem.

427 784 530 851 17,
753 765 867 838 Ad
935 766 1171 860 aliud,
1245 792 1443 865 nego
1520 777 2028 866 assumptum.
2090 765 2201 840 Ad

306 903 389 952 Aa
435 913 624 952 secun·
656 883 1185 980 probationem
1252 885 1447 975 dico,
1493 886 1802 982 signum
1846 895 1959 959 est
1997 884 2202 982 quod

349 964 891 1101 sigiiffffldiligo
956 1000 1319 1095 amicum,
1384 1002 1444 1075 si
1520 1002 1712 1076 facio
1784 1000 1926 1075 sibi
1998 1000 2203 1097 quod

307 1094 875 1205 ἲζῖξὲζῑᾎῗιξῖῐηίὴί.
937 1115 1097 1190 Nec
1156 1118 1532 1215 sequitur,
1598 1119 1768 1194 ideo
1829 1142 1984 1191 non
2028 1139 2202 1216 pos-

346 1218 564 1333 ‘igffi’j'
655 1256 828 1307 sum
892 1235 1137 1331 magis
1178 1218 1493 1334 diligere
1536 1237 1787 1337 ipsum
1830 1260 1967 1334 per
2006 1237 2204 1310 velle

655 1349 848 1425 illud
907 1352 1151 1449 magis
1213 1354 1355 1429 sibi
1417 1378 1647 1453 quam
1705 1355 1927 1428 mihi.
1986 1352 2206 1427 Unde

654 1490 931 1543 sensus
973 1470 1694 1566 hujus,amz‘cabz‘lia
1725 1471 1829 1546 ad
1854 1469 2206 1555 alterum,

656 1594 799 1661 etc.
865 1596 1005 1681 est,
1063 1588 1262 1663 istud
1326 1590 1634 1687 signum
1693 1590 2051 1666 amicitiae
2110 1590 2204 1663 ad

655 1705 982 1779 alterum
1027 1718 1166 1794 est,
1213 1708 1276 1782 si
1321 1708 1510 1783 facio
1554 1710 1758 1807 quod
1802 1710 1974 1783 volo
2017 1707 2205 1782 mihi

655 1819 849 1895 fieri.
921 1822 1035 1896 Ad
1081 1824 1340 1919 valiam
1423 1826 1950 1924 probationem
2048 1848 2208 1899 res-

655 1938 1040 2035 pondetur
1077 1965 1092 2015 :
1170 1940 1443 2016 Unitas
1496 1943 1825 2016 maxima
1867 1966 2020 2016 non
2063 1942 2212 2016 suf-

657 2053 818 2129 ficit
873 2057 967 2131 ad
1033 2058 1448 2133 maximum
1505 2069 1761 2134 actum
1803 2058 2203 2157 diligendi,

657 2171 805 2247 nisi
847 2174 1352 2271 voluntatem,
1385 2188 1457 2252 et
1488 2178 1885 2273 bonitatis3
1924 2189 1997 2254 et
2028 2179 2209 2279 quia

661 2287 740 2362 in
800 2312 917 2364 me
953 2314 1108 2364 non
1153 2301 1268 2366 est
1309 2293 1501 2368 ratio
1544 2318 1868 2370 summae
1910 2295 2213 2370 bonita-

659 2406 784 2492 tis,
847 2406 1020 2481 ideo
1088 2432 1402 2507 possum
1466 2410 1705 2505 aliud,
1780 2421 1862 2486 ut
1927 2412 2207 2506 Deum,

663 2526 840 2622 plus
907 2524 1225 2622 diligere
1295 2552 1470 2602 cum
1541 2529 1818 2603 minori
1892 2528 2204 2604 unitate.

660 2639 900 2715 Aliter
926 2642 1391 2737 dicitur,non
1429 2646 1846 2743 requiritur
1877 2645 2023 2721 nisi
2052 2646 2214 2721 uni-

665 2764 778 2831 tas
815 2759 1544 2858 proportioniS,quae
1572 2762 1897 2838 maxime
1930 2773 2043 2839 est
2073 2763 2206 2837 ibi.

759 2875 873 2949 Ad
961 2875 1199 2970 aliud,
1283 2881 1621 2954 concedo
1716 2880 2206 2975 antecedenS,

662 2992 870 3089 quod
913 2992 1079 3068 sine
1121 2994 1386 3069 habitu
1441 2997 1900 3094 Theologico
1955 2997 2210 3072 infuso

663 3119 915 3209 potest
975 3112 1219 3217 homo
1287 3113 1607 3212 diligere
1661 3114 1913 3191 Deum
1981 3139 2216 3214 super

664 3229 951 3324 omnia,
999 3253 1141 3306 nec
1193 3240 1448 3307 tamen
1509 3232 1916 3331 superfluit
1972 3234 2217 3309 chari-

664 3354 806 3421 tas,

765 3464 875 3538 Ad
909 3472 1298 3562 quartum,
1338 3466 1644 3541 habitus
1678 3490 1830 3541 non
1874 3467 2003 3541 dat
2041 3468 2216 3541 suh-

667 3579 1022 3655 stantiam
1067 3591 1311 3675 actuS,
1357 3583 1488 3657 sed
1523 3582 1986 3658 facilitatem.
2025 3583 2214 3657 Dico

668 3699 871 3797 quod
918 3699 1224 3774 habitus
1256 3699 1557 3775 infusus
1598 3725 1752 3776 non
1796 3703 2044 3777 solum
2090 3701 2218 3776 dat

666 3814 1103 3889 facilitatem
1171 3817 1596 3891 secundum
1669 3817 1880 3891 illam
1936 3818 2218 3915 perfec-

668 3932 957 4006 tionem
991 3931 1224 4024 actui,
1271 3931 1452 4031 quia
1482 3941 1595 4007 est
1636 3931 2006 4030 partialis,
2044 3931 2214 4006 ideo

666 4059 917 4149 potest
1000 4049 1292 4148 aliquid
1360 4050 1565 4125 aliud
1645 4051 1853 4143 dare,
1925 4050 2218 4127 scilicet

667 4166 1186 4241 intensionem
1245 4177 1319 4241 et
1359 4165 1904 4264 perfectionem
1953 4166 2220 4240 intrin-

668 4306 922 4358 secam
985 4284 1191 4357 actui
1251 4306 1425 4357 cum
1495 4284 1646 4359 alia
1703 4307 1963 4378 causa,
2009 4285 2217 4382 quod

668 4425 822 4476 non
869 4410 1120 4499 potest
1179 4401 1369 4494 sola,
1435 4401 1568 4476 sed
1623 4402 1877 4498 quoad
1920 4405 2089 4490 hoc,
2140 4410 2222 4477 ut

366 2908 449 2982 Ad
485 2912 598 2958 tor·

402 2977 555 3024 hum.

332 3493 416 3544 Ad
446 3506 608 3558 quar-

403 3560 538 3610 tum.

672 4518 980 4593 habitus
1039 4518 1179 4594 iste
1248 4519 1345 4593 sit
1412 4519 1876 4616 meritoriuS,
1949 4530 2063 4597 cst
2141 4530 2224 4595 ut

672 4660 907 4739 causa
955 4635 1235 4710 totalis.

774 4752 887 4825 Ad
921 4752 1306 4850 quintum,
1371 4752 1540 4827 dico
1601 4755 1804 4852 quod
1867 4767 2019 4829 non
2081 4779 2225 4853 po-

680 4878 824 4944 test
876 4869 1171 4966 acquiri
1214 4893 1305 4944 ex
1355 4871 1652 4944 actibus
1693 4872 1971 4969 aliquis
2004 4871 2225 4949 habi-

678 5001 800 5066 tus
859 4990 1203 5088 ejusdem
1266 4991 1549 5090 speciei
1593 5017 1767 5067 cum
1822 4993 2218 5085 charitate,

678 5107 852 5182 licet
917 5117 1173 5206 posset
1214 5108 1508 5206 acquiri
1569 5108 1828 5207 aliqua
1890 5109 2227 5185 amicitia

675 5224 1001 5299 tendens
1034 5224 1107 5296 in
1146 5224 1393 5299 Deum
1436 5225 1580 5300 sub
1619 5226 1886 5301 eadem
1929 5227 2223 5301 ratione

678 5342 984 5441 objecti,
1021 5352 1093 5418 et
1125 5343 1354 5418 etiam
1396 5367 1533 5441 per
1564 5352 1815 5418 actum
1861 5344 2220 5437 similem,

678 5461 970 5537 scilicet
1060 5485 1293 5560 super
1367 5460 1625 5535 omnia
1710 5461 1956 5536 Deum
2049 5462 2226 5535 dili-

682 5577 959 5675 gendo.

350 4783 425 4834 Ad
463 4783 613 4849 quiu-

420 4851 554 4896 tum.

2058 354 2299 423 LIBRI
2347 353 2466 423 111.

2406 531 2518 608 Ad
2568 540 2895 620 sextum,
2951 529 3364 606 dicendum
3415 526 3620 626 quod
3674 523 3856 600 ami·
3982 578 4091 644 ¹8·

2310 648 2486 723 citia
2555 648 2930 746 acquisita
2979 658 3051 724 et
3117 648 3374 745 infusa
3448 669 3607 719 non
3674 653 3856 719 sunt
3919 693 4001 744 Ad
4043 709 4180 745 sex-

2310 766 2651 862 ejusdem
2725 767 3035 865 speciei,
3085 791 3224 841 nec
3279 763 3641 840 differunt
3686 773 3856 836 tan·
3984 762 4120 808 ²⁰⁰⁰·

3926 820 4186 894 Charitas

2309 889 2470 954 tum
2527 904 2663 979 per
2709 880 3126 956 efficientes
3185 903 3483 971 causaS,
3546 878 3680 953 sed
3721 900 3857 975 per
3889 886 4192 998 affigat&

2311 1023 2492 1073 suas
2538 1008 2877 1093 naturaS,
2942 1001 3125 1098 quia
3158 997 3467 1073 habitus
3526 1005 3639 1071 est
3678 1018 3859 1094 per·
3890 1024 3998 1084 not}
4053 1014 4188 1059 sunt

2311 1117 2575 1192 fectior
2639 1116 2934 1192 habitu.
2985 1116 3064 1190 Si
3120 1125 3375 1191 autem
3418 1115 3564 1189 ista
3602 1112 3859 1209 acqui·
3942 1073 4187 1202 ξ’ἓὲἓῖῗ

2312 1236 2458 1310 sita
2507 1243 2708 1311 esset
2757 1235 3011 1310 infusa
3078 1259 3123 1310 a
3179 1235 3368 1328 De0,
3441 1256 3598 1307 non
3657 1240 3859 1306 esset

2313 1355 2659 1451 ejusdem
2737 1354 3054 1429 rationis
3130 1378 3304 1429 cum
3366 1353 3498 1428 illa
3573 1352 3854 1444 infusa,

2314 1472 2497 1569 quia
2555 1473 2694 1548 iste
2756 1472 3058 1547 infusus
3114 1472 3425 1546 habitus
3488 1479 3601 1546 est
3651 1468 3855 1563 talis,

2316 1590 2518 1686 quod
2556 1613 2708 1663 non
2754 1599 2999 1687 potest
3039 1588 3338 1663 causari
3407 1611 3453 1662 a
3483 1609 3863 1685 quacum-

2315 1728 2465 1803 que
2533 1705 2685 1779 alia
2759 1728 3017 1796 causa,
3090 1703 3238 1778 nisi
3299 1728 3344 1779 a
3399 1704 3589 1797 Dec,
3654 1701 3858 1776 unde

2315 1846 2469 1896 non
2505 1821 3006 1919 distinguitur
3043 1831 3340 1896 tantum
3400 1821 3495 1895 ab
3528 1819 3861 1895 efficien-

2315 1939 2548 2034 tibus,
2613 1939 2745 2014 sed
2797 1937 3285 2013 concluditur
3342 1935 3725 2012 distinctio
3766 1957 3860 2009 ex

2317 2057 2853 2150 efficientibus,
2908 2056 3093 2153 quia
3150 2055 3439 2130 scilicet
3503 2078 3658 2128 non
3717 2076 3862 2151 po-

2318 2184 2461 2250 test
2500 2198 2668 2250 esse
2701 2174 3010 2248 habitus
3052 2174 3190 2249 iste
3234 2197 3278 2248 a
3314 2175 3741 2266 voluntate,
3780 2180 3862 2246 ut

2317 2291 2719 2381 efficiente,
2812 2291 3135 2367 infertur
3219 2290 3423 2387 quod
3493 2312 3645 2363 non
3747 2298 3861 2364 est

2317 2408 2520 2483 idem
2581 2408 2889 2482 habitus
2938 2431 3112 2482 cum
3181 2407 3357 2498 alio,
3423 2405 3554 2504 qui
3612 2412 3861 2505 potest

2319 2526 2413 2600 ab
2454 2548 2542 2600 ea
2602 2524 2931 2619 causari,
2976 2525 3108 2600 sed
3168 2522 3530 2599 differunt
3577 2524 3863 2598 forma-

2320 2639 2517 2732 liter,
2564 2662 2719 2711 non
2767 2638 2861 2713 ab
2894 2637 3236 2735 objectis.
3278 2636 3496 2712 Unde
3538 2660 3692 2711 non
3754 2660 3865 2712 se-

2321 2757 2610 2854 quitur,
2683 2757 2747 2832 si
2815 2757 3124 2831 habitus
3184 2756 3710 2853 distinguitur,
3793 2764 3866 2829 et

2321 2874 2645 2969 obJecta,
2691 2896 2832 2948 nec
2865 2872 3049 2970 quia
3080 2872 3278 2946 alius
3324 2879 3721 2968 respectus
3754 2880 3868 2945 est

2320 2990 2414 3064 ad
2475 2989 2858 3087 objectum
2928 2988 3006 3061 in
3081 3012 3234 3063 uno
3298 2988 3594 3082 habitu,
3684 3010 3865 3085 ergo

2322 3117 2395 3184 et
2450 3106 2526 3181 in
2590 3106 2767 3183 alio.

2419 3233 2566 3307 Sed
2638 3241 2852 3308 estne
2934 3232 3241 3308 habitus
3330 3232 3469 3308 iste
3565 3231 3866 3307 infusus
4020 3273 4130 3340 19·

2323 3349 2654 3424 nobilior
2685 3349 3134 3447 simpliciter
3162 3349 3374 3423 omni
3436 3348 3699 3423 habitu
3751 3373 3867 3425 ac·
3962 3391 4193 3441 Habitus

2322 3467 2604 3565 quisito
2633 3467 2674 3540 ‘2
2730 3467 2917 3541 Dico
2961 3468 3166 3567 quod
3226 3467 3335 3543 sic
3367 3468 3858 3567 simpliciter3
3897 3454 4227 3567 ῃζξῇῗξξῇ,

2324 3609 2477 3659 non
2522 3594 2778 3659 autem
2836 3584 3167 3658 nobilior
3206 3584 3633 3659 secuudum
3684 3609 3864 3683 pro-
3899 3579 4201 3707 ὓὲξξζῗῑζῗ·

2323 3701 2754 3800 portionem
2823 3700 2916 3776 ad
2994 3701 3407 3797 obJectum,
3479 3701 3662 3799 quia
3728 3702 3870 3777 ob-

2314 3820 2605 3917 jectum
2647 3820 2964 3895 alterius
3003 3820 3336 3916 virtutis,
3382 3831 3466 3896 ut
3512 3822 3863 3920 justitiae,

2323 3938 2736 4037 perfectius
2792 3938 3219 4035 attingitur,
3281 3963 3510 4037 quam
3556 3941 3767 4015 Deus
3826 3964 3871 4015 a

2325 4053 2719 4129 charitate.
2787 4055 2936 4130 Sed
2996 4065 3212 4129 actus
3280 4056 3672 4132 charitatis
3747 4056 3873 4131 in-

2329 4172 2517 4246 fusae
2558 4181 2673 4246 est
2702 4173 3109 4270 perfectior
3152 4183 3525 4271 quantum
3582 4175 3675 4249 ad
3707 4198 3872 4275 per-

2327 4289 2762 4382 fectionem,
2823 4312 3053 4387 quam
3111 4290 3238 4364 dat
3292 4291 3626 4385 habituS,
3691 4292 3876 4390 quia

2331 4406 2638 4480 habitus
2698 4406 2838 4480 iste
2867 4430 3170 4504 semper
3219 4407 3538 4482 inclinat
3588 4408 3683 4482 ad
3728 4408 3875 4507 pri-

2333 4545 2540 4596 mum
2575 4521 2958 4619 objectum
2993 4524 3137 4597 sub
3170 4523 3463 4599 ratione
3511 4548 3678 4619 sua,
3734 4546 3877 4599 nec

2331 4649 2581 4739 potest
2629 4640 3003 4715 inclinare
3045 4641 3296 4739 ipsum
3357 4643 3501 4717 sub
3558 4644 3710 4718 alia
3767 4667 3880 4717 ra-

2332 4754 2567 4847 tione,
2622 4752 2820 4827 sicut
2869 4764 3116 4852 potest
3165 4754 3499 4829 amicitia
3540 4755 3880 4855 acquisi-

2336 4883 2434 4967 ta,
2480 4882 2554 4948 et
2593 4882 2880 4969 quanto
2939 4874 3470 4951 delectabilius
3525 4874 3871 4972 inclinat,

2333 4997 2544 5062 tanto
2601 4997 2714 5062 est
2780 4988 3209 5086 perfectior.
3277 4989 3495 5065 Unde
3547 4991 3878 5089 diligens

2334 5106 2582 5181 Deum
2636 5104 2900 5180 habitu
2945 5105 3198 5181 infuso
3253 5117 3502 5205 potest
3559 5109 3879 5207 diligere

2336 5248 2543 5310 eum,
2604 5233 2683 5297 ut
2745 5223 3036 5298 bonum
3094 5248 3531 5320 commune,
3595 5237 3669 5301 et
3716 5229 3882 5303 vult

2337 5363 2514 5416 eum
2544 5339 2754 5436 diligi
2800 5340 2894 5414 ab
2962 5339 3132 5415 aliis
3166 5369 3185 5435 3
3249 5366 3402 5417 non
3464 5343 3571 5419 sic
3613 5344 3880 5421 habitu

2338 5457 2743 5555 acquisito,
2811 5481 2963 5556 quo
3014 5460 3187 5557 quis
3247 5469 3494 5558 potest
3541 5484 3719 5537 eum
3759 5462 3881 5537 di-

2341 5575 2577 5672 ligere
2642 5585 2721 5649 ut
2777 5575 3164 5675 privatum
3211 5579 3502 5654 bonum
3570 5579 3743 5678 sibi,
3805 5591 3880 5658 et
