4295 6326
1422 423 1646 492 DIST.
1698 422 1920 494 XXV.
1973 421 2390 503 QUAESTlo
2443 422 2676 491 UNlC.

427 596 724 694 objecto
787 597 1284 696 [uniformiter
1369 596 1738 695 disposito
1815 618 1970 669 non

428 738 734 813 semper
829 715 1231 813 aequaliter
1326 716 1492 788 vult
1582 714 1969 800 voluntaS,

430 834 600 910 ideo
635 837 1121 910 manifestum
1184 845 1298 909 est
1338 833 1540 933 quod
1585 832 1773 906 illud
1818 853 1969 904 non

429 962 678 1050 potest
749 975 918 1027 esse
996 975 1039 1027 a
1092 952 1328 1048 ligno,
1411 949 1606 1024 sicut
1666 971 1758 1022 ex
1826 947 1976 1021 alia

428 1079 638 1166 parte
684 1091 726 1142 a
766 1071 1185 1142 voluntate.

527 1185 672 1259 Sed
749 1186 879 1259 illa
937 1185 1336 1282 responsio
1422 1206 1570 1256 non
1660 1178 1971 1274 sufficit,

430 1301 614 1398 quia
660 1301 912 1375 adhuc
964 1299 1452 1376 adversarius
1511 1307 1767 1396 posset
1831 1299 1975 1370 hoc

431 1421 758 1512 salvare,
808 1418 1134 1494 dicendo
1187 1417 1390 1516 quod
1434 1416 1728 1510 lignum
1774 1437 1975 1488 sem-

429 1561 567 1636 per
611 1537 1090 1612 uniformiter
1143 1533 1525 1610 comburit
1571 1556 1653 1607 se
1694 1555 1978 1630 appro-

427 1656 717 1730 ximato
780 1655 910 1729 illo
1025 1652 1512 1729 uniformiter
1589 1651 1757 1726 sine
1830 1673 1975 1748 quo

430 1793 631 1864 n0n3
669 1780 743 1845 et
784 1771 1140 1845 voluntas
1176 1794 1328 1844 non
1373 1766 1777 1865 {equaliter
1808 1762 1978 1840 esti-

432 1887 533 1960 cit
583 1895 833 1961 actum
894 1887 965 1959 in
1045 1911 1126 1961 se
1187 1894 1568 1984 praesente
1646 1882 1973 1979 object0,

434 2002 617 2101 quia
648 2003 945 2101 lignum
988 2003 1145 2099 agit
1212 2001 1689 2089 naturaliter,
1737 2008 1811 2074 et
1853 2023 1978 2072 vo-

437 2121 688 2193 luntas
739 2118 1022 2213 libere3
1069 2117 1240 2193 ideo
1283 2117 1428 2191 ista
1476 2126 1590 2191 est
1646 2114 1972 2204 cautela,

434 2236 618 2333 quia
676 2238 905 2310 homo
1001 2235 1093 2310 de
1173 2243 1609 2332 opponente
1663 2230 1841 2304 facit
1896 2251 1977 2304 se

437 2352 1056 2450 respondentem.

535 2469 721 2542 Dico
769 2468 1004 2565 igitur
1043 2467 1248 2566 quod
1317 2473 1615 2564 oportet
1681 2461 1981 2561 patiens

438 2583 714 2659 abalio
750 2583 932 2683 pati,
977 2592 1051 2658 et
1121 2581 1249 2657 ubi
1326 2604 1479 2655 non
1549 2587 1797 2678 potest
1886 2576 1980 2651 ab

438 2700 587 2774 alio
649 2700 833 2799 pati,
895 2699 1247 2798 sequitur
1299 2697 1502 2796 quod
1590 2693 1874 2794 patitur
1941 2715 1986 2766 a

441 2840 522 2892 se
557 2846 577 2912 3
612 2817 745 2893 sed
778 2820 1136 2892 voluntas
1168 2839 1321 2889 non
1366 2813 1651 2913 patitur
1688 2811 1767 2884 in
1810 2818 1984 2885 actu

442 2958 582 3009 suo
625 2934 719 3009 ab
766 2934 915 3008 alio
976 2942 1230 3009 creato
1282 2955 1326 3006 a
1392 2954 1500 3021 se,
1537 2935 1721 3028 quia
1786 2927 1984 3001 velle

443 3049 662 3124 estin
717 3057 1089 3147 potestate
1147 3045 1504 3139 volentiS‚
1541 3044 1672 3119 sed
1748 3064 1984 3140 agens

441 3165 953 3240 extrinsecum
1027 3188 1183 3238 non
1262 3171 1377 3238 est
1467 3161 1544 3235 in
1615 3168 1984 3259 potestate

436 3281 795 3357 volentis.

148 3413 402 3486 Aliquid·
537 3399 788 3493 DiceS,
824 3397 1141 3474 effectus
1184 3422 1338 3473 non
1385 3395 1768 3496 dependet
1833 3392 1983 3466 nisi

87 3490 407 3667 ΓζΞἚΞΞοΞ
439 3540 486 3591 3
543 3516 799 3591 333313
838 3515 1253 3615 prioribus,
1308 3526 1388 3589 ut
1445 3511 1765 3588 materia
1817 3506 1987 3585 elfi-

109 3620 135 3653 u
199 3642 213 3661 .
490 3633 504 3647 ·

440 3645 716 3721 ciente,
754 3642 1130 3730 quantum
1192 3632 1283 3706 ad
1339 3629 1522 3728 fieri
1554 3655 1570 3717 3
1635 3629 1866 3727 igitur
1919 3624 1984 3700 si

441 3751 824 3848 objectum
885 3774 1038 3823 non
1119 3749 1216 3823 sit
1269 3747 1632 3842 activum,
1690 3769 1831 3820 nec
1871 3750 1986 3819 est

445 3867 760 3942 materia
799 3876 1016 3943 actus
1055 3865 1365 3940 volendi
1425 3892 1444 3958 3
1516 3863 1751 3961 igitur
1825 3889 1980 3939 non

441 3984 824 4081 dependet
864 3983 959 4058 ab
1002 3982 1299 4080 obJecto
1343 4010 1361 4076 3
1407 3980 1642 4077 igitur
1682 4004 1986 4080 semper

440 4101 584 4176 erit
652 4102 723 4174 in
802 4111 1004 4193 actu,
1067 4099 1262 4173 sicut
1352 4121 1627 4173 sensus
1681 4122 1986 4196 semper

440 4217 784 4311 sentiret,
821 4217 883 4292 si
917 4225 1119 4291 esset
1165 4215 1487 4290 activuS.

540 4334 725 4408 Dico
769 4334 972 4433 quod
1040 4332 1479 4408 necessario
1537 4342 1652 4407 est
1727 4333 1986 4430 aliqua

442 4451 799 4551 prioritas
841 4459 1164 4543 naturae,
1203 4473 1378 4547 quae
1413 4473 1563 4523 non
1620 4460 1734 4524 est
1791 4450 1988 4547 prio-

444 4572 628 4645 ritas
669 4594 926 4645 causae
1006 4579 1356 4666 respectu
1425 4569 1766 4663 effectuS,
1803 4571 1988 4667 quia

441 4689 868 4763 secundum
917 4686 1024 4760 sic
1094 4695 1533 4782 arguentes,
1570 4686 1986 4761 intellectio

443 4816 558 4881 est
591 4803 1029 4879 necessario
1075 4801 1288 4899 prius
1358 4811 1651 4877 natura·
1679 4803 1989 4877 volitio-

444 4947 569 5015 ne,
615 4931 689 4996 et
733 4931 983 4995 tamen
1037 4943 1191 4992 non
1255 4918 1331 4992 in
1385 4919 1643 5017 aliquo
1703 4943 1985 5016 genere

442 5063 699 5114 causae
771 5067 789 5131 3
846 5036 1080 5133 igitur
1145 5036 1294 5110 tale
1346 5036 1513 5110 sine
1579 5060 1724 5135 quo
1799 5062 1984 5132 non,

442 5154 880 5230 necessario
967 5151 1465 5251 praeexigitur
1532 5179 1550 5247 3
1659 5163 1733 5229 et
1830 5178 1984 5228 non

441 5269 1126 5345 sufficiuntcausae
1169 5292 1307 5366 per
1345 5292 1427 5343 se
1496 5269 1588 5342 ad
1654 5267 1858 5366 fieri,
1909 5280 1989 5345 ut

442 5388 692 5463 activa
731 5379 826 5461 et'
863 5386 1196 5484 passiva.
1242 5386 1470 5460 Istam
1513 5385 1986 5484 prioritatem

441 5513 741 5603 oportet
853 5526 1170 5602 ponere,
1234 5512 1543 5600 propter
1636 5503 1986 5580 ordinem

444 5621 987 5722 potentiarum,
1029 5632 1103 5695 et
1179 5630 1434 5696 tamen
1486 5622 1828 5718 potentia
1870 5623 1991 5696 in-

132 3680 239 3716 non
273 3666 345 3736 sit

87 3744 243 3780 causa
264 3743 313 3793 ej
323 3741 407 3779 us.

3513 420 3636 489 125

2091 595 2320 669 ferior
2343 618 2493 668 non
2531 603 2898 668 estcausa
2928 592 3373 691 superioris.
3414 589 3633 663 Unde

2090 712 2604 811 phantasiatio
2664 735 2815 784 non
2883 720 2997 785 est
3063 732 3300 783 causa
3381 706 3638 781 totalis

2088 828 2653 914 intellectionis,
2713 836 2787 902 et
2855 838 3106 900 tamen
3200 822 3635 899 necessario

2087 945 2442 1042 estprius
2484 945 2560 1017 in
2629 945 2878 1038 nobiS,
2921 954 2999 1018 ut
3070 943 3516 1041 plurimum,
3563 948 3633 1013 et

2091 1061 2423 1135 maxime
2458 1061 2880 1136 secundum
2916 1062 3143 1134 istum
3193 1060 3627 1142 Doctorem,

2087 1178 2222 1275 qui
2288 1178 2504 1275 ponit
2565 1178 2769 1275 quod
2838 1168 3078 1274 agens
3172 1186 3245 1250 et
3332 1175 3632 1273 patiens

2087 1305 2267 1368 sunt
2300 1295 2657 1369 distincta
2724 1295 3092 1390 subjecto,
3139 1300 3436 1391 oportet
3492 1315 3634 1388 po-

2088 1435 2271 1486 nere
2314 1411 2531 1508 prius
2563 1410 2927 1485 volitione
2962 1410 3249 1507 aliquid
3294 1408 3369 1481 in
3416 1415 3627 1506 parte

2087 1526 2580 1614 intellectiva,
2651 1536 2729 1600 ut
2787 1525 3414 1617 intellectionem,
3451 1545 3628 1620 quoe

2088 1656 2343 1720 tamen
2412 1667 2548 1742 per
2649 1666 2855 1738 eum,
2910 1645 3125 1718 nullo
3221 1643 3446 1716 modo
3516 1650 3631 1716 est

2088 1785 2323 1836 33333
2365 1760 2809 1835 voluntatis.

2186 1880 2372 1953 Dico
2443 1878 2676 1974 igitur
2750 1878 2954 1974 quod
3022 1878 3331 1976 quando
3431 1899 3666 1950 unus·
3775 1879 3882 1947 16.

2088 1996 2405 2072 effectus
2444 2004 2553 2069 est
2588 1994 2967 2093 posterior
3005 1993 3155 2068 alio
3220 1992 3523 2087 effectu,
3561 2002 3635 2068 et

2088 2124 2362 2188 neuter
2411 2111 2641 2184 habet
2718 2110 3091 2186 rationem
3150 2134 3407 2185 causae
3474 2133 3636 2185 res-

2088 2239 2313 2328 pectu
2416 2227 2757 2314 alterius,
2859 2226 3237 2326 posterior
3319 2225 3636 2301 effectus

2090 2346 2320 2421 habet
2426 2344 3015 2442 dependentiam
3121 2345 3214 2418 ad
3321 2365 3632 2419 causam
3745 2414 3752 2421 .

2089 2461 2509 2563 propriam,
2554 2471 2629 2537 et
2694 2462 2786 2535 ad
2865 2461 3217 2536 effectum
3266 2461 3632 2560 priorem,

2090 2591 2455 2677 tanquam
2490 2578 2585 2654 ad
2618 2579 2783 2653 sine
2814 2602 2959 2678 quo
3000 2602 3181 2653 non.
3238 2577 3459 2653 Unde
3521 2588 3639 2650 to-

2091 2706 2215 2771 tus
2248 2696 2508 2771 radius
2556 2706 2670 2771 est
2700 2694 3136 2770 immediate
3188 2720 3233 2768 a
3271 2694 3447 2769 Sole
3491 2694 3639 2768 im-

2097 2813 2555 2889 mediatione
2623 2834 2909 2905 causae,
2974 2819 3048 2885 et
3120 2820 3376 2886 tamen
3482 2835 3635 2886 non

2093 2939 2342 3029 potest
2417 2928 2582 3005 fieri
2651 2952 2830 3027 pars
2888 2927 3252 3002 remotior
3327 2953 3372 3001 a
3432 2929 3636 3023 Sole,

2093 3046 2243 3122 nisi
2313 3045 2524 3144 prius
2592 3054 2868 3119 natura
2934 3043 3066 3118 fiat
3140 3069 3317 3142 pars
3399 3045 3634 3142 prior.

2092 3165 2412 3262 Proprie
2453 3163 2688 3260 igitur
2727 3162 3113 3261 loquendo
3174 3162 3267 3238 de
3345 3162 3638 3262 depen-

2093 3281 2352 3356 dentia
2419 3280 2734 3356 effectus
2793 3280 2886 3355 ad
2946 3280 3165 3373 illud,
3230 3281 3436 3377 quod
3514 3281 3641 3355 dat

2092 3397 2239 3473 sibi
2272 3420 2456 3487 esse,
2512 3396 2827 3471 effectus
2893 3405 3191 3470 tantum
3261 3396 3642 3495 dependet

2092 3539 2185 3590 ex
2216 3515 2472 3590 causis
2546 3538 2682 3614 per
2734 3538 2860 3601 se3
2928 3515 3316 3611 loquendo
3382 3523 3638 3589 tamen

2091 3631 2185 3707 de
2229 3633 2357 3707 illo
2392 3632 2483 3706 ad
2553 3632 2753 3730 quod
2833 3630 3214 3728 dependet
3269 3640 3636 3727 tanquam

2094 3748 2529 3824 necessario
2633 3757 3176 3845 praeexactum,
3258 3747 3639 3844 dependet

2092 3866 2187 3941 ad
2258 3865 2442 3939 illud
2504 3873 2871 3962 tanquam
2950 3864 3041 3937 ad
3118 3863 3407 3961 aliquid
3468 3865 3637 3940 sine

2090 4007 2238 4082 quo
2278 4005 2459 4057 non.

2191 4112 2282 4184 Et
2312 4131 2485 4183 cum
2518 4107 2700 4181 dicit
2737 4107 3180 4181 Aristoteles
3213 4109 3419 4205 quod
3452 4131 3631 4183 sen-
3659 4113 3861 4229 senez„
3913 4116 3959 4228 fii

2092 4251 2226 4301 sus
2257 4230 2561 4323 semper
2627 4223 2966 4313 sentiret,
3003 4222 3172 4296 dico
3231 4223 3435 4321 quod
3497 4249 3632 4300 ve-
3663 4190 3985 4304 *63ξῖεέιῖΘῖ

2094 4366 2262 4417 rum
2297 4349 2435 4427 est,
2473 4339 2655 4438 quia
2698 4339 2872 4413 licet
2912 4336 3227 4413 effectus
3259 4341 3635 4436 posterior
3663 4308 3984 4430 aggia‘iihr‘ix‘

2091 4459 2218 4533 via
2249 4454 2797 4555 generationis,
2831 4454 3258 4552 dependeat
3289 4479 3333 4529 a
3365 4456 3628 4553 priori,

2093 4599 2493 4674 nunquam
2551 4582 2805 4648 tamen
2872 4595 2911 4645 e
2981 4581 3268 4646 contra.
3344 4573 3636 4647 Sensus

2093 4703 2346 4767 autem
2418 4689 2747 4764 exterior
2821 4698 2936 4762 est
2997 4688 3210 4783 prius
3277 4689 3354 4761 in
3461 4699 3632 4763 actu

2094 4834 2235 4884 suo
2298 4809 2421 4882 via
2497 4804 3043 4903 generationis,
3101 4805 3218 4879 vel
3307 4807 3633 4902 origine,

2094 4948 2326 5024 quam
2387 4922 2728 5021 potentia
2805 4920 3169 5014 interior3
3215 4921 3386 4996 ideo
3466 4922 3640 4997 licet

2095 5064 2372 5116 sensus
2426 5060 2731 5136 semper
2793 5045 2995 5111 esset
3061 5035 3137 5109 in
3209 5047 3377 5111 actu
3463 5063 3633 5133 330,

2096 5182 2250 5232 303
2289 5156 2396 5231 313
2429 5164 2632 5232 essct
2671 5154 3107 5229 intellectus
3135 5176 3634 5252 quamquam3

2095 5284 2298 5350 esset
2336 5274 2661 5366 activus,
2722 5271 2905 5370 quia
2984 5272 3236 5346 adhuc
3305 5297 3456 5346 non
3516 5299 3641 5371 po·

2097 5403 2243 5467 test
2308 5392 2514 5467 exire
2584 5391 2660 5463 in
2740 5399 2992 5465 actum
3083 5390 3249 5465 sine
3345 5391 3642 5467 actibus

2102 5509 2491 5607 prioribus
2523 5505 3056 5603 origine,quos
3083 5506 3636 5604 praesupponit.

2099 5625 2258 5701 Nec
2336 5632 2646 5723 propter
2716 5624 2858 5696 hoc
2958 5632 3158 5697 esset
3232 5621 3641 5699 dicendum
