4295 6326
695 450 823 519 2¹16

695 652 848 704 non
906 643 1230 734 possunt
1261 633 1364 708 ita
1402 634 1655 709 subito
1688 631 1852 707 sieri
1894 631 1989 705 ab
2021 654 2248 727 agen-

692 754 761 820 te
804 758 1083 823 creato.

457 861 565 929 10.
788 863 976 939 Dico
1046 876 1296 941 tamen
1370 867 1575 965 quod
1645 867 1819 940 licet
1874 866 2019 940 ista
2086 889 2241 937 non

336 975 662 1102 ξίζῑέθῗήῖῗῖ-
693 977 881 1052 [iant
955 1004 998 1054 a
1074 981 1293 1056 beata
1361 982 1676 1078 Virgine
1748 981 1820 1053 in
1900 990 2242 1078 tempore

340 1098 1182 1214 ⁰³35{„³,mg‘g·psae00denti‚
1274 1123 1413 1174 nec
1501 1099 1795 1196 possint
1887 1097 2052 1172 fieri
2149 1097 2244 1170 ab

395 1228 624 1290 agendo·
688 1224 960 1308 agente
1058 1224 1308 1290 creato
1391 1217 1467 1288 in
1564 1216 1904 1307 instanti,
1991 1214 2243 1288 adhuc

690 1329 857 1405 dico
914 1333 1116 1430 quod
1159 1334 1381 1408 beata
1434 1333 1669 1428 Virgo
1739 1356 1916 1406 vere
1976 1331 2243 1405 habuit

689 1449 1063 1525 rationem
1145 1450 1500 1548 principii
1590 1449 1817 1524 activi
1889 1457 2235 1546 respectu

685 1568 1028 1664 corporis
1104 1567 1409 1656 Christi,
1502 1567 1686 1663 quia
1746 1590 1898 1640 non
1984 1575 2242 1663 posset

686 1707 920 1758 causa
1012 1686 1258 1760 activa
1340 1684 1692 1782 impediri
1770 1683 1864 1757 ab
1940 1684 2239 1758 actione

684 1825 852 1896 sua,
927 1802 1073 1876 nisi
1142 1801 1561 1898 tripliciter,
1628 1808 1760 1873 aut
1831 1800 2012 1896 quia
2081 1823 2236 1872 non

685 1917 915 1991 habet
964 1918 1040 1989 in
1106 1941 1186 1991 se
1252 1918 1607 1990 virtutem
1653 1915 2034 2007 activam3
2106 1926 2240 1988 aut

682 2032 865 2132 quia
932 2033 1107 2107 licet
1182 2032 1482 2125 habeat,
1556 2054 1708 2105 non
1775 2040 2028 2104 tamen
2110 2054 2238 2126 po-

678 2159 823 2224 test
912 2173 1219 2245 agere3
1304 2158 1437 2223 aut
1522 2149 1704 2244 quia
1764 2147 2235 2245 praevenire-

679 2276 800 2339 tur
851 2289 897 2339 a
947 2266 1224 2339 virtute
1283 2263 1599 2338 fortiori.
1667 2262 1986 2336 Nullum
2050 2262 2235 2334 isto-

678 2405 845 2454 rum
935 2381 1657 2478 impedimentorum
1760 2378 1898 2451 fuit
1983 2378 2057 2449 in
2140 2378 2227 2450 B.

675 2495 1015 2592 Virgine,
1098 2496 1281 2593 quia
1360 2494 1606 2592 potuit
1690 2516 1981 2589 agere;
2063 2493 2231 2589 ipsa

674 2613 877 2688 enim
938 2636 1086 2685 non
1159 2612 1299 2686 fuit
1338 2610 1645 2702 sterilis,
1692 2621 1773 2682 ut
1833 2616 2037 2707 patet
2097 2631 2234 2705 per

672 2727 1024 2803 effectum
1063 2758 1081 2822 3
1128 2728 1361 2825 igitur
1409 2726 1471 2800 si
1524 2725 1696 2800 aliae
1753 2733 2033 2798 matres
2094 2725 2232 2797 lia-

674 2843 855 2918 bent
915 2844 1271 2917 virtutem
1314 2841 1671 2932 activam,
1718 2840 1885 2936 ipsa
1928 2840 2224 2934 habuit,
2266 2881 2277 2891 ·

673 2984 924 3057 neque
968 2962 1112 3033 hoc
1156 2958 1789 3056 impedimentum
1826 2956 1965 3030 fuit
2024 2957 2228 3054 quod

671 3081 932 3177 aliqua
989 3086 1168 3151 sunt
1218 3075 1468 3149 media
1536 3073 1875 3148 inferiori
1938 3074 2221 3170 agenti,

669 3221 845 3295 quae
884 3219 1034 3268 non
1080 3204 1258 3267 sunt
1295 3192 1543 3266 media
1582 3192 1958 3288 superiori
1984 3216 2225 3289 agen-

666 3314 748 3399 ti,
779 3312 961 3408 quia
992 3333 1229 3406 agens
1253 3307 1610 3405 superius
1636 3305 1962 3404 praefixit
1998 3311 2223 3382 talem

666 3428 1013 3501 ordinem
1057 3424 1308 3521 agenti
1344 3422 1867 3514 inferiori,nec
1900 3423 2226 3520 ipsamet

666 3542 1138 3639 subestipsi;
1202 3540 1721 3635 igituragente
1748 3539 2226 3636 Spiritusan-

664 3671 783 3733 cto
839 3682 988 3732 non
1050 3666 1228 3730 sunt
1277 3656 1422 3729 ista
1466 3654 1899 3727 necessaria
1940 3656 2218 3749 media,

666 3799 842 3873 quac
885 3783 1065 3849 sunt
1130 3771 1377 3845 media
1435 3778 1808 3844 creaturae
1853 3772 2180 3865 agentis.

765 3893 1016 3983 DiceS,
1066 3912 1330 3962 verum
1365 3895 1504 3979 est,
1552 3909 1704 3958 non
1742 3897 1923 3960 sunt
1971 3888 2222 3963 media

666 4009 984 4107 Spiritui
1027 4018 1319 4100 sancto,
1366 4004 1495 4079 sed
1540 4013 1720 4077 sunt
1763 4006 2010 4080 media
2052 4007 2224 4082 bea·

670 4136 766 4199 1ae
804 4123 1123 4219 Virgini.

374 4255 605 4320 Spiritus
764 4242 1068 4329 Contra,
1142 4261 1379 4334 agens
1460 4239 1661 4336 quod
1733 4239 2000 4313 transit
2087 4264 2222 4337 per

320 4327 609 4456 οἷῗιᾞῗᾳῖ-
668 4354 927 4429 omnia
968 4352 1240 4440 media,
1275 4352 1351 4424 in
1390 4352 1654 4425 ultimo
1690 4352 1999 4426 instanti
2035 4354 2216 4449 agit,

319 4445 617 4572 *gssssssmvss
672 4496 824 4545 non
880 4494 1015 4568 per
1060 4468 1434 4542 actionem
1497 4469 1703 4542 illam
1788 4493 2017 4566 quam
2080 4472 2222 4545 ha-

318 4570 620 4701 Βζξῗξξῑξζῖ
671 4588 836 4662 buit
883 4586 1099 4659 circa·
1135 4584 1411 4678 media,
1448 4585 1631 4682 quia
1674 4585 1806 4659 illa
1850 4596 2030 4659 tunc
2066 4610 2214 4659 non

381 4713 449 4749 ¹²⁶
481 4694 591 4747 ⁶¹³³·
671 4713 827 4797 cst;
876 4700 1107 4796 igitur
1164 4699 1224 4772 si
1270 4698 1399 4771 illa
1455 4700 1702 4772 media
1762 4724 1911 4773 non
1959 4701 2222 4798 roqui-

674 4830 939 4893 rantur
980 4840 1115 4914 per
1154 4815 1509 4887 virtutem
1557 4816 1887 4912 Spiritus
1943 4818 2214 4911 sancti,

671 4944 916 5033 potest
979 4932 1242 5007 cadem
1314 4953 1480 5004 esse
1549 4931 1744 5003 actio
1793 4932 1868 5003 in
1952 4932 2216 5006 ultimo

668 5051 993 5124 termino
1049 5046 1346 5142 agentis
1404 5046 1665 5139 creati,
1710 5071 1884 5144 qum
1955 5048 2219 5123 fuisset

663 5171 724 5244 si
768 5167 1167 5243 transisset
1216 5188 1349 5261 per
1408 5165 1664 5238 omnia
1723 5166 2024 5258 media3
2072 5167 2218 5263 igi-

660 5298 784 5362 tur
825 5286 899 5358 in
946 5279 1257 5357 in'stanti
1316 5281 1841 5378 conceptionis
1892 5285 2220 5380 {equali-

660 5415 775 5480 ter
806 5412 1053 5502 potest
1097 5407 1335 5473 mater
1374 5422 1599 5494 agere
1641 5401 1730 5473 ad
1777 5402 2217 5496 generatio-

663 5547 867 5615 nem,
946 5520 1143 5593 sicut
1228 5515 1289 5588 si
1377 5516 1657 5610 egisset
1728 5518 2011 5615 praevie
2082 5543 2218 5615 per

661 5639 922 5714 omnia
982 5634 1253 5708 media.

2122 455 2364 524 LIBRI
2412 456 2532 526 lll.

2450 631 2720 728 Neque
2761 640 3010 729 potest
3040 632 3350 708 tertium
3412 631 3915 730 impedimen·

2353 756 2542 841 tum,
2583 748 2872 822 scilicet
2932 750 3136 846 quod
3180 773 3413 824 causa
3443 749 3693 824 activa
3725 772 3915 846 prae-

2354 875 2583 938 venta
2640 865 2736 938 sit
2776 889 2820 939 a
2860 889 3094 940 causa
3137 866 3452 958 fortiori,
3517 865 3701 962 quia
3733 865 3912 962 Spi-

2355 981 2544 1055 ritus
2585 991 2898 1056 sanctus
2948 983 3104 1079 agit
3142 984 3378 1058 libere
3416 1011 3433 1076 3
3480 983 3715 1079 igitur
3767 1006 3909 1080 po-

2350 1105 2495 1170 test
2567 1099 2924 1195 supplere
2994 1098 3370 1173 actionem
3451 1098 3689 1196 patris
3740 1109 3913 1171 tan-

2355 1225 2535 1304 tum,
2587 1224 2659 1289 et
2703 1216 2960 1290 matris
2993 1227 3365 1313 quantum
3402 1218 3493 1291 ad
3529 1217 3909 1291 actionem

2347 1331 2743 1428 prceviam,
2788 1340 2862 1405 et
2899 1332 3043 1406 sibi
3102 1333 3481 1407 dimittere
3523 1332 3902 1406 actionem

2347 1470 2562 1521 suam
2603 1448 2674 1521 in
2717 1449 2982 1522 ultimo
3016 1449 3356 1523 instanti.

2445 1563 2555 1635 Ex
2588 1563 2707 1636 his
2747 1586 2986 1659 arguo
3027 1587 3041 1637 :
3112 1566 3355 1639 Omne
3410 1565 3894 1663 suppositum

2347 1680 2641 1754 habens
2680 1680 3039 1755 virtutem
3084 1682 3437 1776 activam,
3467 1706 3619 1780 qua
3651 1693 3899 1779 potest

2345 1817 2570 1890 agere
2615 1819 2767 1869 non
2801 1807 3197 1893 praeventa
3227 1821 3271 1872 a
3311 1821 3544 1872 causa
3575 1798 3892 1890 fortiori,

2345 1917 2591 2005 potest
2634 1910 2712 1984 in
2756 1910 3110 1987 effectum
3154 1935 3382 1988 suum
3420 1940 3439 2006 ;
3495 1913 3628 1988 sed
3675 1914 3902 1988 beata

2341 2025 2577 2124 Virgo
2621 2029 2847 2103 habet
2899 2029 3258 2105 virtutem
3302 2030 3657 2125 activam,
3702 2031 3901 2105 sicut

2342 2142 2515 2216 aliae
2559 2143 2921 2219 mulieres
2963 2144 3272 2239 habent,
3309 2169 3463 2219 non
3508 2155 3901 2242 praeventa

2342 2283 2388 2331 a
2469 2282 2703 2334 causa
2772 2260 3123 2356 fortiori,
3184 2262 3417 2359 igitur
3498 2273 3745 2361 potest
3817 2264 3896 2336 in

2343 2397 2571 2448 suum
2632 2375 2982 2450 effectum
3047 2377 3125 2449 in
3196 2378 3507 2453 instanti
3571 2403 3900 2476 genera-

2347 2490 2598 2564 tionis.

2438 2604 2956 2681 Confirmatur
2995 2609 3423 2683 secundum
3484 2610 3896 2686 Damasce-

2339 2748 2526 2796 num
2580 2749 2643 2798 c.
2700 2724 2819 2798 46.
2884 2726 3012 2800 ubi
3064 2726 3246 2800 dicit
3299 2728 3504 2824 quod
3563 2728 3895 2825 Spiritus

2340 2851 2650 2916 sanctus
2701 2853 2862 2916 erat
2931 2868 3271 2940 purgans
3320 2846 3578 2940 simul,
3631 2857 3705 2921 et
3762 2847 3895 2920 tri-

2338 2956 2586 3030 buens
2648 2958 2800 3030 vim
2859 2960 3387 3055 conceptivam
3451 2972 3523 3034 et
3579 2985 3895 3058 genera-

2337 3075 2601 3169 tivam,
2658 3078 2800 3151 hoc
2852 3089 2990 3172 est,
3077 3079 3303 3153 Verbi
3365 3084 3890 3182 conceptivam

2337 3203 2409 3267 et
2449 3196 2968 3289 generativam
3030 3197 3314 3283 tribuit,
3370 3211 3742 3295 quantum
3796 3206 3892 3279 ad

2335 3310 2751 3407 potentiam
2798 3313 3339 3410 propinquam,
3387 3316 3570 3415 quia
3609 3319 3684 3391 in
3720 3342 3893 3393 cau-

2335 3428 2439 3500 sis
2507 3452 2642 3525 per
2694 3434 2798 3501 se
2843 3430 3214 3505 ordinatis
3277 3456 3511 3507 causa
3581 3435 3892 3510 inferior

2338 3568 2487 3618 non
2555 3555 2668 3618 est
2736 3544 2810 3617 in
2881 3548 3222 3642 potentia
3291 3550 3723 3647 propinqua
3793 3554 3886 3625 ad

2334 3658 2747 3754 agendum,
2798 3660 2939 3733 nisi
2994 3661 3240 3757 posita
3285 3664 3585 3739 actione
3632 3690 3886 3742 causfe

2333 3776 2752 3872 superioris
2803 3777 3015 3872 prius
3069 3787 3370 3853 natura.
3411 3782 3652 3878 Igitur
3710 3784 3889 3881 Spi-

2332 3892 2525 3966 ritus
2567 3903 2878 3966 sanctns
2930 3894 3050 3966 hic
3094 3897 3464 3992 supplens
3505 3899 3886 3975 actionem

2331 4006 2568 4104 patris
2601 4007 2813 4103 prius
2845 4019 3145 4101 natura,
3183 4009 3291 4083 sic
3325 4011 3586 4085 tribuit
3627 4027 3889 4111 poten-

2333 4123 2514 4198 tiam
2569 4125 3089 4220 generativam
3135 4128 3384 4221 matri,
3434 4153 3582 4203 non
3629 4144 3890 4228 poten-

2335 4241 2513 4313 tiam
2594 4243 3050 4335 naturalem,
3139 4244 3269 4317 sed
3343 4248 3880 4346 propinquam,

2333 4381 2560 4454 quam
2607 4359 3002 4432 habuisset
3049 4360 3111 4433 si
3153 4364 3668 4440 concurrisset
3708 4391 3882 4443 cum

2334 4484 2570 4572 patre,
2618 4474 2720 4548 ita
2770 4476 2974 4571 quod
3035 4479 3449 4573 potentiam
3513 4486 3887 4576 generati-

2331 4612 2501 4661 vam
2571 4589 2830 4661 tribuit
2891 4590 3137 4682 matri,
3208 4593 3347 4666 hoc
3416 4605 3553 4681 est,
3611 4610 3888 4694 poten·

2335 4705 2513 4777 tiam
2611 4705 3150 4802 propinquam,
3237 4730 3466 4804 quam
3566 4716 3888 4812 requirit

2330 4844 2563 4894 causa
2625 4820 2937 4895 inferior
2989 4822 3082 4894 ad
3154 4825 3296 4897 hoc
3339 4828 3541 4922 quod
3616 4830 3885 4907 imme-

2330 4937 2529 5010 diate
2588 4947 2765 5033 agat
2806 4962 2942 5034 per
2999 4939 3171 5033 hoc,
3217 4943 3419 5036 quod
3473 4968 3705 5022 causa
3745 4974 3884 5024 su-

2329 5053 2583 5150 perior
2624 5055 2933 5150 ponitur
2983 5054 3054 5127 in
3101 5078 3282 5130 csse.

2432 5170 2536 5241 Ex
2581 5171 2721 5242 hoc
2782 5179 2983 5266 patet
3025 5170 3227 5265 quod
3286 5197 3435 5247 non
3494 5184 3884 5260 concludit

2332 5285 2519 5358 ratio
2558 5285 3031 5383 Philosophi,
3080 5309 3311 5383 quam
3343 5291 3878 5394 innuitprz'mo

2329 5401 2421 5475 dc
2519 5402 3025 5476 Generatione
3092 5406 3574 5499 animalium,
3671 5421 3877 5512 quod

2332 5530 2571 5593 mater
2618 5520 2859 5617 possit
2898 5543 3267 5615 generare
3311 5550 3446 5622 per
3477 5553 3584 5622 se,
3631 5534 3694 5606 si
3751 5537 3881 5610 ha-

2329 5637 2540 5710 beret
2573 5637 3031 5733 principium
3069 5638 3430 5736 activum,
3477 5645 3674 5723 sicut
3713 5676 3881 5727 sen-

4049 1589 4166 1656 11.
