4295 6326
1546 398 1773 467 DIST.
1827 397 1948 466 111.
2001 395 2421 477 QUAESTIO
2469 396 2522 463 Ι.
3469 387 3599 457 5Ἷ5

887 1161 891 1166 f
1061 897 2408 1104 DISTINCTIO
2605 897 2943 1096 III.

1494 1285 1586 1335 DE
1639 1283 2120 1338 SAGRAMENTO
2176 1279 2517 1332 BAPTISMI

921 1875 1322 1957 QUAESTIO
1373 1876 1423 1940 Ι.

401 2084 568 2163 Ouae
595 2078 687 2145 sit
719 2074 1026 2151 definitio
1068 2083 1132 2142 et
1179 2072 1479 2140 essentia
1536 2066 1881 2156 Baptismi
1907 2063 1947 2132 P

399 2269 563 2339 Hugo
588 2267 663 2322 de
692 2266 746 2322 S.
775 2264 990 2337 Victor.
1015 2263 1114 2319 lib.
1143 2263 1197 2317 2.
1229 2260 1294 2316 de
1323 2259 1563 2315 Sacram.
1594 2275 1651 2330 p.
1693 2258 1748 2312 6.
1788 2272 1836 2312 c.

474 2342 668 2397 Ateus,
703 2339 756 2392 4.
787 2354 842 2408 p.
865 2354 918 2407 q.
956 2337 1041 2393 11.
1083 2352 1154 2391 m.
1181 2337 1235 2388 2.
1273 2334 1337 2387 D.
1370 2332 1580 2386 Thom.
1612 2330 1665 2386 3.
1697 2346 1752 2399 p.
1776 2346 1827 2401 q.

468 2416 576 2466 art.
607 2413 661 2465 7.
695 2409 815 2481 (ubi
837 2410 1063 2467 ,Suarez
1093 2414 1150 2462 et
1184 2405 1458 2475 vasquez)
1492 2413 1541 2458 ec
1570 2403 1660 2458 hic
1702 2418 1754 2474 q.
1804 2416 1844 2455 1.

475 2485 685 2538 Bonav.
718 2490 829 2537 art.
861 2498 901 2536 1.
935 2496 987 2552 q.
1032 2497 1069 2535 ι.
1102 2483 1156 2533 et
1183 2477 1237 2533 2.
1294 2475 1563 2531 Richard.
1614 2490 1668 2529 a.
1717 2489 1753 2527 ι.
1797 2488 1848 2544 q.

469 2560 621 2611 scot.
659 2554 918 2624 inoxon.
959 2554 1151 2623 quaest.
1187 2567 1228 2605 1.

1850 2255 1940 2525 enegio

168 2757 232 2821 1,
495 2730 711 2805 Circa
769 2726 1340 2804 distinctionem
1396 2722 1694 2799 tertiam
1739 2744 1945 2820 quae-

390 2849 581 2923 ritur
630 2849 875 2948 primo
928 2848 1019 2922 de
1061 2844 1481 2944 quidditate
1539 2839 1937 2939 Baptismi‚

394 2977 651 3041 utrum
687 2966 785 3041 sit
831 2964 1123 3041 ablutio
1191 2960 1524 3037 exterior
1599 2957 1944 3056 corporis

385 3086 580 3159 facta
621 3085 699 3158 in
735 3107 939 3184 aqua
977 3106 1021 3157 a
1077 3080 1517 3173 Sacerdote,
1581 3101 1757 3152 cum
1802 3078 1942 3151 hac

389 3205 628 3278 forma
669 3202 995 3278 verboru
1013 3224 1126 3275 m:
1189 3199 1359 3296 qu
1404 3197 1708 3296 baptizo
1742 3202 1812 3270 te
1852 3195 1934 3269 in

384 3322 693 3395 nomine
748 3318 1012 3394 Patris
1070 3322 1143 3391 et
1185 3314 1384 3390 Filii
1454 3321 1525 3389 et
1592 3311 1934 3411 Spiritus

384 3437 657 3511 sancti.

19 3597 352 3662 Argumeut.
481 3554 849 3651 Arguitur
878 3552 1078 3650 quod
1115 3574 1298 3644 non,
1345 3549 1528 3646 quia
1558 3570 1735 3645 pars
1776 3568 1926 3619 non

81 3660 293 3773 ⁰333?
387 3671 847 3770 praedicatur
887 3670 978 3744 de
1018 3678 1174 3743 toto
1201 3665 1546 3764 ,ablutio
1603 3663 1932 3739 exterior

66 3842 305 3906 Augu„
383 3801 497 3865 est
536 3815 712 3889 pars
762 3787 1290 3885 baptismatis3
1346 3808 1556 3880 erge,
1602 3794 1745 3858 etc.
1793 3782 1932 3855 Mi-

384 3932 521 3981 nor
606 3916 811 4005 patet
892 3905 1323 3980 secundum
1408 3900 1926 3997 Augustinum

379 4048 612 4121 super
675 4024 1056 4098 Joannem
1126 4018 1410 4095 llomil.
1483 4019 1552 4090 8.
1611 4014 1933 4090 Accedit

370 4140 684 4216 verbum
727 4141 829 4216 ad
874 4141 1353 4222 elementum,
1397 4143 1467 4211 et
1510 4132 1602 4231 sit
1649 4133 1937 4207 Sacra-

373 4264 759 4341 mentum‚·
824 4280 1005 4354 ergo
1084 4266 1237 4330 tam
1311 4251 1635 4327 verbum
1699 4271 1932 4347 quam

373 4399 574 4473 aqua
611 4383 1085 4449 concurrunt
1125 4372 1218 4446 ad
1272 4368 1742 4445 ablutionem
1773 4390 1934 4441 cor-

375 4493 584 4590 poris
612 4491 1093 4567 exteriorem.

11 4615 339 4669 3‘20111201·
473 4610 754 4684 Contra
791 4608 1161 4705 Magister
1201 4606 1279 4679 in
1315 4606 1590 4680 littera.

30 4677 316 4726 affirmati·

104 4753 260 4789 vum.

958 4866 1341 4926 SCHOLIUM.

2059 1615 2301 1691 menti
2334 1614 2414 1688 in
2457 1612 2847 1689 communi
2885 1640 2903 1707 ;
2937 1612 3043 1687 ibi
3076 1612 3280 1687 enim
3323 1612 3610 1687 dictum

2058 1742 2173 1807 est
2213 1731 2801 1807 Sacramentum
2870 1752 3006 1827 per
3063 1752 3143 1804 se
3213 1728 3608 1803 includere

1946 1856 1947 1859 ’
2056 1848 2513 1925 relationem
2544 1846 2773 1944 signi,
2810 1857 2884 1921 et
2909 1855 3328 1921 connotare
3370 1869 3612 1921 unum

2055 1967 2449 2061 sensibile,
2503 1969 2626 2041 vel
2688 1967 2911 2064 plura
2969 1964 3391 2057 sensibilia,
3450 1958 3611 2039 sive

2055 2084 2211 2159 sint
2246 2083 2477 2160 unius
2519 2107 2821 2176 sensuS,
2858 2082 3020 2158 sive
3078 2082 3417 2179 plurium
3472 2105 3609 2179 pro

2054 2202 2616 2293 fundament03
2670 2223 2852 2296 ergo
2913 2198 3110 2273 sicut
3151 2198 3610 2273 Sacramen-

2054 2325 2217 2390 tum
2253 2317 2330 2389 in
2365 2316 2754 2391 communi
2796 2314 2978 2389 dicit
3024 2316 3252 2389 talem
3314 2314 3611 2389 relatio-

2056 2457 2233 2509 nem
2282 2433 2359 2507 in
2420 2431 2841 2526 communi,
2905 2440 2979 2507 et
3045 2441 3408 2507 connotat
3459 2435 3608 2508 tale

2055 2551 2675 2643 fundamentum,
2767 2548 2873 2623 ita
2926 2548 3258 2646 speciale
3348 2549 3611 2624 Sacra-

2058 2676 2431 2760 mentum,
2509 2677 2588 2740 ut
2655 2665 3122 2763 Baptismus,
3195 2665 3373 2739 dicit
3434 2690 3613 2765 spe-

2053 2782 2324 2856 cialem
2358 2780 2803 2855 relationem
2848 2778 3046 2875 signi
3081 2802 3253 2853 cum
3316 2779 3606 2855 eisdem

2053 2896 2503 2971 differentiis
2546 2895 2619 2968 in
2666 2894 3006 2994 speciali,
3047 2903 3120 2969 et
3150 2894 3607 2971 determina-

2052 3022 2127 3088 to
2162 3014 2615 3090 correlativo
2663 3023 2737 3088 et
2776 3011 3119 3111 speciali,
3176 3022 3259 3086 ut
3311 3013 3609 3088 dicatur

2054 3154 2224 3207 esse
2256 3131 2569 3227 signum
2611 3128 2880 3205 efficax
2939 3128 3308 3204 ordinans
3352 3130 3604 3203 homi-

2046 3273 2225 3324 nem
2303 3249 2397 3323 ad
2453 3249 2779 3322 salutem
2868 3245 3366 3342 exprimendo
3425 3246 3597 3341 ista,

2045 3388 2221 3462 quae
2249 3364 2636 3463 pertinent
2692 3386 2829 3460 per
2867 3385 2948 3436 se
2992 3362 3087 3436 ad
3129 3363 3296 3459 ejus
3368 3364 3595 3437 ratio-

2043 3505 2219 3556 nem
2264 3491 2337 3555 et
2377 3478 2935 3555 definitionem.

2140 3599 2327 3673 Dico
2372 3598 2575 3696 quod
2623 3596 3071 3693 Baptismus
3145 3603 3253 3671 est
3306 3595 3592 3671 ablutio
3652 3614 3911 3743 ἐξῗὶῑιῑιέῑιέιί»

2040 3718 2402 3808 ezrterior,
2446 3714 2652 3812 facta
2683 3714 2764 3787 in
2806 3738 3030 3811 aqua,
3064 3713 3399 3788 hominis
3439 3739 3593 3790 non

2040 3834 2292 3926 inviti,
2328 3830 2418 3906 ab
2448 3831 2601 3906 atio
2635 3829 3015 3922 abluente,
3052 3838 3124 3904 et
3147 3829 3386 3904 simut
3420 3856 3593 3906 cum

2039 3952 2462 4024 intentione
2503 3947 2782 4039 debita,
2818 3952 2891 4020 et
2928 3948 3153 4021 cert-is
3192 3947 3444 4022 verbis
3493 3956 3595 4023 to-

2046 4074 2201 4142 tam
2241 4067 2691 4141 Trinitatem
2752 4064 3178 4157 invocante,
3244 4063 3599 4161 efficien-

2046 4193 2161 4258 ter
2237 4184 2551 4281 siquans
2609 4204 2706 4254 ea*
2754 4180 3238 4255 institutione
3332 4182 3597 4257 divina

2044 4298 2511 4374 ablutionem
2544 4296 2828 4372 animae
2863 4296 3306 4370 interiorem
3340 4322 3386 4371 a
3403 4321 3594 4395 pec-

2042 4423 2232 4491 cato.
2282 4418 2454 4490 Istae
2505 4423 2758 4511 partes
2819 4412 3187 4510 patebunt
3234 4436 3371 4510 per
3424 4439 3592 4511 pro-

2039 4534 2247 4632 prias
2279 4543 2353 4608 et
2382 4532 2731 4627 singulas
2771 4529 3241 4626 quaestiones
3272 4530 3363 4604 de
3395 4533 3586 4630 Bap-

2038 4650 2290 4724 tism0.
2354 4650 2545 4721 Cum
2649 4645 2857 4720 enim
2929 4645 3195 4718 ultimo
3274 4633 3919 4751 dicitur,¹⁴3,}‘g}}{fffig‘

2037 4766 2242 4864 quod
2275 4763 2704 4861 efficienter
2738 4761 2992 4856 siynat
3022 4759 3492 4838 ablutionem
3536 4790 3582 4839 a

2020 4888 2363 4980 peccato,
2401 4880 2505 4953 ibi
2539 4876 2879 4973 tangitur
2910 4900 3136 4951 suum
3181 4880 3579 4978 proprium

443 5023 797 5093 Assignatur
824 5019 1109 5090 Baptismi
1137 5015 1418 5082 definitio,
1468 5017 1525 5068 et
1567 5010 1667 5066 illa
1724 5010 1922 5065 dataa
2030 4997 2601 5087 00rrelafivum,
2677 5002 2751 5067 et
2827 4994 3186 5090 proprius
3264 4996 3579 5072 effectus

370 5116 671 5186 Magistro,
732 5110 972 5177 seilicet,
1060 5110 1379 5179 Baptismus
1434 5108 1515 5159 est
1561 5102 1754 5158 tinctio
1790 5115 1915 5155 cor-

366 5206 525 5277 poris
551 5202 819 5268 emur-ior,
872 5203 1020 5271 sacta
1064 5198 1163 5252 sub
1209 5198 1389 5268 [orma
1438 5194 1726 5248 verborum
1769 5202 1914 5261 prae·

415 5294 616 5365 cripta,
674 5299 760 5348 est
790 5290 937 5345 bene
966 5289 1121 5357 data,
1152 5291 1211 5342 et
1246 5283 1587 5357 explicatur.

2029 5116 2264 5213 hujus
2297 5109 2814 5202 Sacramenti3
2877 5133 3050 5184 cum
3087 5136 3268 5187 vero
3303 5114 3579 5188 dicitur

2035 5233 2240 5331 quod
2273 5241 2386 5306 est
2425 5228 2711 5305 ablutio
2733 5228 2943 5323 sacta
2975 5228 3057 5301 in
3089 5231 3578 5328 aqua,expri-

2031 5349 2264 5421 mitur
2304 5346 2625 5421 materia
2672 5343 2902 5440 hujus
2959 5345 3464 5441 Sacramenti,
3502 5358 3577 5423 et

128 5510 204 5576 2,
464 5470 575 5544 Ad
618 5469 839 5543 istam
912 5463 1414 5564 quaestionem
1484 5460 1911 5559 respondeo
2028 5466 2274 5540 forma
2338 5489 2510 5538 cum
2570 5460 2795 5537 certis
2847 5460 3098 5535 verbis
3179 5464 3580 5539 invocante

366 5613 458 5665 ex
511 5584 899 5686 praedictis
964 5582 1044 5655 in
1127 5579 1571 5655 definitione
1635 5578 1912 5653 Sacra-

2040 5582 2522 5657 Trinitatem.
2606 5576 3146 5675 Susceptivum
3241 5582 3582 5676 tangitur
