4295 6326
1672 436 1899 510 DIST.
1949 434 2003 511 1.
2053 435 2473 519 QUAESTto
2523 434 2573 509 Ῑ.

505 613 936 710 personalis
1007 612 1085 687 in
1157 623 1430 688 natura
1489 614 1833 687 humana
1900 634 2054 684 non

507 740 712 805 esset
796 732 871 804 in
967 740 1245 806 natura
1330 738 1750 827 assumpta,
1825 727 2062 824 igitur

505 847 796 946 aliquid
866 857 980 923 est
1013 848 1086 920 in
1133 848 1264 921 illa
1305 857 1607 939 natura,
1653 845 1858 944 quod
1903 867 2057 918 non

502 970 617 1036 est
656 960 732 1034 in
781 971 1057 1035 natura
1106 972 1554 1058 assumpta;
1620 960 1852 1055 igitur
1902 981 2056 1030 non

502 1088 617 1152 est
682 1079 913 1151 homo
996 1078 1320 1151 univoce
1399 1101 1577 1150 cum
1636 1076 1815 1170 alio,
1879 1073 2063 1172 quia

502 1203 708 1270 caret
800 1194 1059 1293 aliquo
1142 1194 1346 1293 quod
1424 1203 1538 1269 est
1619 1192 1693 1266 in
1789 1201 2065 1265 natura

504 1311 821 1386 alterius
911 1310 1320 1409 suppositi,
1412 1320 1487 1386 et
1581 1312 1726 1384 hoc
1798 1316 2065 1384 contra

504 1426 1070 1501 Damascenum
1121 1425 1250 1500 ubi
1296 1424 1507 1523 prius
1565 1447 1733 1523 cap.
1792 1422 1912 1495 92.

601 1542 818 1636 Item,
863 1551 1318 1638 sequeretur
1356 1540 1562 1638 quod
1622 1540 1754 1614 itta
1785 1538 2064 1614 entitas

504 1681 657 1732 non
693 1667 951 1756 posset
989 1656 1295 1750 dimitti,
1331 1656 1397 1731 si
1438 1665 1640 1748 esset
1669 1663 2067 1752 assumpta

502 1798 547 1848 a
618 1774 935 1867 Verbo;
1017 1795 1506 1872 consequens
1583 1776 1697 1846 est
1786 1772 2063 1845 falsum

503 1890 930 1966 secundum
990 1913 1286 1964 omnes.
1360 1888 1718 1968 Probatio
1786 1909 2065 1961 conse-

505 2007 844 2106 quentiae
882 2031 897 2082 ε
958 2006 1035 2081 Si
1079 2006 1521 2099 dimitteret,
1567 2015 1701 2079 aut
1742 2006 1884 2080 hoc
1918 2011 2059 2096 est,

507 2125 690 2223 quia
738 2124 1060 2200 debetur
1092 2122 1190 2216 ei,
1230 2135 1360 2198 aut
1392 2122 1575 2220 quia
1626 2145 1780 2196 non
1828 2121 2065 2195 dehe-

512 2240 711 2317 tur‘?
777 2241 858 2315 Si
927 2264 1080 2314 non
1162 2240 1511 2333 debetur,
1583 2263 1739 2314 non
1819 2246 2066 2335 potest

511 2357 815 2431 dimitti.
862 2357 944 2430 Si
1002 2356 1349 2446 debetur,
1397 2379 1573 2429 cum
1618 2356 1748 2429 illa
1787 2353 2065 2429 entitas

513 2474 611 2549 sit
664 2472 1020 2547 distincta
1069 2472 1164 2548 ab
1232 2472 1544 2547 entitate
1608 2482 1933 2564 naturae,
1992 2478 2068 2544 et

512 2598 625 2665 est
727 2587 1535 2682 incommunicabilisf
1619 2610 1755 2687 per
1892 2609 2068 2660 con-

512 2731 847 2806 sequens
924 2707 1068 2782 erit
1129 2706 1453 2783 univoce
1529 2705 1804 2795 ⁸eadem
1887 2728 2064 2782 cum

511 2847 1004 2923 quocumque
1056 2847 1103 2902 ,a
1169 2846 1322 2921 quo
1375 2823 1768 2917 sumitur;
1832 2817 2112 2921 igitur‘

510 2965 687 3016 cum
757 2951 870 3016 est
942 2939 1267 3016 univoce
1331 2963 1571 3013 unum
1627 2963 1802 3014 cum
1881 2942 2060 3035 alio,

510 3080 665 3131 non
710 3065 960 3155 potest
1009 3056 1288 3154 deponi
1330 3056 1425 3130 ab
1468 3056 1625 3144 illo,
1671 3066 1901 3153 atque
1961 3057 2066 3132 ita

509 3175 860 3274 sequitur
896 3173 1105 3275 quod
1138 3173 1269 3248 illa
1301 3172 1579 3247 entitas
1620 3195 1773 3246 non
1810 3184 2068 3271 posset

510 3292 792 3391 deponi
850 3316 896 3373 a
940 3292 1195 3367 Verbo
1256 3290 1423 3365 Dei.

612 3412 997 3489 Praeterea
1035 3409 1197 3484 sic:
1246 3410 1399 3484 Ista
1464 3411 1894 3509 proprietas
1947 3412 2069 3485 in-

512 3526 926 3603 dividualis
974 3535 1273 3600 naturae
1315 3526 1678 3602 humanae
1711 3537 1824 3603 est
1864 3527 2066 3603 idem

513 3644 936 3736 identitate,
991 3645 1110 3718 vel
1163 3644 1489 3719 univoce
1523 3668 1696 3719 cum
1733 3655 2064 3739 natura3

513 3760 750 3857 igitur
834 3783 985 3841 non
1069 3765 1318 3858 potest
1415 3782 1651 3833 unum
1724 3784 2066 3855 manere,

515 3878 666 3953 alio
727 3901 879 3955 non
944 3886 1328 3952 manente.

614 3995 832 4084 Item,
875 4001 1328 4095 sequeretur
1359 3992 1563 4093 quod
1607 4006 1862 4093 posset
1902 4018 2070 4070 esse

518 4119 797 4185 natura
836 4134 991 4185 non
1051 4120 1461 4208 personata
1531 4112 2070 4209 personalitate

518 4227 960 4320 intrinseca,
1005 4249 1149 4301 nec
1196 4227 1650 4303 extrinseca.
2030 4248 2031 4251 ’

283 4361 348 4426 6,
620 4342 878 4417 Primo
947 4340 1182 4438 igitur
1244 4352 1619 4439 quantum
1690 4344 1782 4417 ad
1841 4343 2068 4418 istum

214 4474 455 4586 Nondde·
519 4457 958 4550 articulum,
1004 4457 1173 4533 dico
1207 4459 1412 4557 quod
1454 4482 1607 4535 non
1646 4459 2073 4559 dependere

167 4551 456 4673 ιεῗρῖῗοῑῗζῖ
519 4583 637 4650 est
677 4573 1097 4672 tripliciter,
1157 4576 1276 4648 vel
1319 4575 1525 4673 quod
1573 4599 1727 4650 non
1786 4576 2073 4673 depen-

171 4667 465 4797 ξὲῖῗιῗῗῖῗζξζ
520 4691 701 4766 dere
756 4690 956 4767 dicat
991 4690 1482 4786 negationem
1513 4701 1729 4767 actus
1796 4692 2074 4791 depen-

172 4789 490 4913 fflffllssgj
521 4808 777 4893 dendi,
874 4808 996 4881 vel
1097 4807 1588 4904 negationem
1694 4820 1909 4884 actus
1998 4818 2073 4884 et

171 4911 994 5020 tomi⁸¹“‘³¹’·aptitudiniS,
1067 4922 1182 4996 vel
1262 4923 1483 4998 tertio
1581 4924 2069 5020 negationem

519 5038 1046 5136 possibilitatis
1153 5038 1604 5137 simpliciter
1718 5051 2067 5139 respectu

517 5154 1078 5253 dependentiae.
1127 5157 1583 5254 Exemplum
1624 5157 1859 5251 illius,
1914 5182 2067 5232 non

516 5294 684 5346 esse
752 5272 829 5347 in
896 5280 1158 5346 centro
1241 5272 1585 5377 localiter
1638 5275 1920 5349 dicitur
1976 5276 2069 5350 de

514 5386 728 5482 gravi
802 5388 1048 5463 solum
1117 5398 1487 5485 quantum
1556 5391 1647 5465 ad
1722 5391 2071 5487 negatio-

512 5527 691 5578 nem
759 5512 1001 5598 actuS,
1058 5513 1141 5579 ut
1190 5503 1374 5602 quia
1421 5529 1574 5580 non
1610 5516 1725 5582 est
1772 5508 1848 5581 in
1885 5532 2072 5583 cen-

511 5626 626 5691 tro
662 5647 682 5714 ;
736 5620 866 5695 sed
899 5620 973 5693 id
1008 5619 1287 5695 dicitur
1326 5620 1418 5696 de
1460 5621 1668 5718 igne,
1705 5624 1837 5721 qui
1880 5623 2072 5698 levis

3603 441 3729 509 237

2173 620 2314 705 est,
2373 622 2746 710 quantum
2797 615 2891 690 ad
2944 613 3431 710 negationem
3474 621 3719 704 actuS,

2174 732 2248 799 et
2349 726 2839 822 negationem
2957 726 3433 825 aptitudinis,
3542 724 3727 824 quia

2175 841 2403 937 ignis,
2457 844 2595 918 etsi
2640 844 3028 942 possibilis
3086 844 3183 918 sit
3224 867 3391 918 esse
3434 843 3510 915 in
3556 866 3730 917 cen-

2158 969 2318 1051 ·tro,
2366 967 2621 1034 tamen
2683 984 2839 1035 non
2874 971 2991 1034 est
3019 969 3243 1057 aptus
3284 969 3511 1034 natus
3558 981 3727 1034 esse

2179 1098 2254 1148 ιη
2310 1098 2430 1149 eo.

2271 1193 2455 1267 Item
2531 1193 2775 1284 tertio,
2834 1218 2987 1268 non
3043 1217 3211 1268 esse
3272 1193 3615 1267 localiter
3655 1201 3730 1266 et

2173 1309 2600 1385 dimensive
2644 1310 2719 1383 in
2781 1320 3046 1385 centro
3105 1309 3384 1383 dicitur
3450 1310 3542 1384 de
3583 1313 3732 1383 An·

2174 1427 2345 1521 gelo
2406 1434 2783 1523 quantum
2840 1426 2934 1501 ad
2994 1425 3512 1522 negationem,
3571 1448 3724 1497 non

2174 1542 2425 1615 solum
2485 1542 2935 1640 aptitudinis
2976 1541 3278 1616 essendi
3315 1541 3392 1613 in
3431 1550 3724 1633 centrO,

2175 1658 2307 1732 sed
2349 1667 2724 1756 quantum
2775 1657 2869 1732 ad
2937 1642 3425 1753 negationem
3477 1656 3729 1755 possi-

2173 1776 2487 1851 bilitatis
2556 1784 2932 1874 repugnat
2970 1775 3036 1849 ei
3090 1798 3257 1850 esse
3309 1774 3383 1847 in
3464 1783 3726 1849 centro

2176 1893 2544 1968 localiter.

2272 2010 2383 2083 Ad
2470 2008 2978 2107 propositum,
3058 2007 3363 2104 negatio
3432 2006 4074 2105 depen-1pquocop-

2173 2126 2455 2201 dentiae
2492 2125 2812 2200 actualis
2847 2148 2998 2199 non
3032 2125 3274 2200 consti
3291 2123 3429 2198 tuit
3470 2147 3725 2222 perso·
3753 2093 4070 2216 Ἥξεέιῗὲο

2176 2267 2383 2340 nam,
2423 2265 2597 2316 nam
2634 2251 2817 2317 tunc
2857 2241 3115 2316 anima
3145 2250 3496 2340 separata
3528 2250 3730 2315 esset
3818 2220 4030 2266 ⁰‘⁰⁸‘⁸³'

2176 2367 2611 2457 personata,
2665 2357 2871 2455 quod
2932 2380 3204 2431 omnes
3265 2365 3575 2452 negant,
3657 2365 3731 2431 et
3823 2411 3832 2419 .

2177 2474 2481 2572 negatio
2574 2473 3097 2572 possibilitatis
3196 2473 3730 2571 dependentiae

2176 2617 2330 2667 non
2365 2600 2480 2667 est
2519 2592 2596 2664 in
2653 2601 2926 2666 natura
2974 2601 3256 2684 creata,
3312 2592 3494 2688 quia
3536 2592 3728 2665 nihil

2174 2720 2289 2788 est
2355 2710 2433 2783 in
2509 2718 2783 2783 natura
2832 2718 3111 2798 creata,
3166 2708 3289 2782 cui
3355 2718 3733 2806 repugnat

2174 2824 2671 2925 dependere;
2747 2824 2916 2899 ideo
2979 2826 3144 2899 haec
3213 2824 3729 2922 dependentia

2176 2965 2330 3014 non
2373 2939 2780 3036 sconstituit
2821 2964 3280 3038 personam3
3346 2939 3580 3036 igitur
3624 2962 3731 3013 re-

2177 3055 2554 3153 linquitur
2592 3054 2797 3152 quod
2838 3054 3061 3129 tertia
3100 3053 3725 3152 independentia,

2175 3195 2352 3269 quae
2429 3171 2718 3246 scilicet
2785 3180 3014 3266 negat
3080 3170 3586 3268 aptitudinem
3635 3170 3728 3243 ad

2175 3289 2795 3388 dependendum,
2839 3287 3236 3362 constituit
3287 3311 3722 3386 personam.

2275 3406 2382 3479 Ex
2450 3408 2596 3479 hoc
2645 3405 2993 3502 sequitur
3058 3405 3452 3478 conclusio
3519 3405 3729 3480 illius

2177 3523 2507 3617 articuli,
2587 3522 2770 3621 quia
2838 3545 3169 3621 persona
3232 3532 3481 3620 potest
3559 3545 3728 3598 esse

2178 3641 2732 3739 independens,
2795 3663 2973 3714 nam
3035 3640 3247 3737 prius
3294 3650 3542 3739 potest
3590 3641 3730 3715 ab·

2177 3758 2370 3833 solvi
2425 3780 2472 3832 a
2533 3756 2932 3855 posteriori
2972 3785 2989 3850 ;
3036 3757 3168 3831 sed
3238 3758 3725 3833 individuum

2178 3884 2295 3949 est
2334 3872 2622 3971 aliquid
2678 3870 3127 3947 indifferens
3185 3874 3279 3946 ad
3343 3874 3730 3972 depende-

2180 4014 2288 4083 re,
2361 3997 2434 4065 et
2491 4012 2647 4062 non
2717 3988 3179 4086 dependere,
3243 3990 3414 4064 ideo
3484 4001 3731 4089 potest

2179 4130 2347 4181 esse
2399 4106 2925 4203 independens
2994 4105 3600 4203 aptitudinaliter
3658 4117 3731 4182 et

2180 4230 2427 4320 potest
2469 4230 2743 4295 natura
2782 4220 3217 4318 dependere
3253 4246 3273 4314 ;
3331 4220 3503 4296 ideo
3559 4225 3728 4298 haec

2179 4350 2457 4414 natura
2524 4349 2638 4414 est
2694 4339 2858 4413 llaec
2925 4363 3063 4436 per
3124 4340 3413 4436 aliquid
3473 4342 3732 4439 positi-

2182 4480 2394 4550 vum,
2432 4456 2633 4553 quod
2679 4463 2793 4529 est
2832 4455 3046 4552 prius
3105 4457 3383 4529 actuali
3435 4458 3729 4557 depen-

2180 4575 2441 4650 dentia
2481 4583 2555 4649 et
2610 4573 3013 4648 habituali.

2280 4693 2431 4768 Sed
2464 4692 2558 4766 de
2605 4690 2945 4789 secundo
2987 4690 3421 4797 principali,
3470 4703 3725 4768 utrum
3886 4740 3925 4806 7

2182 4818 2562 4908 repugnet
2593 4808 2920 4883 termino
2975 4808 3538 4906 dependentiae,
3576 4814 3730 4887 sci-
3759 4846 3875 4896 Non
3917 4791 4081 4910 {epu-

2179 4925 2355 4999 licet
2394 4946 2770 5023 personoe‚
2815 4923 3021 5020 quod
3091 4924 3256 5022 ipsa
3304 4926 3402 5001 sit
3471 4929 3728 5002 termi-
3813 4913 4050 4971 gnatas-

3791 4985 3909 5020 sum
3953 4974 4026 5022 tio

2182 5064 2330 5115 nus
2413 5039 2643 5135 hujus
2709 5038 3244 5136 dependentiae
3290 5040 3332 5112 ἵ)
3402 5045 3721 5119 ostendo
3757 4986 3963 5084 natm-fe
4010 5050 4078 5086 ‘³¹

3793 5101 3906 5146 arte
3976 5111 4053 5146 er·

2180 5157 2384 5254 quod
2450 5180 2631 5248 non,
2686 5155 2869 5253 quia
2923 5179 3491 5257 quamcumque
3588 5163 3725 5237 de-
3756 5111 4069 5281 &lm-:223

2178 5271 2668 5370 pendentiam
2742 5270 3300 5372 cujuscumque
3409 5278 3723 5351 rationis
3755 5288 4083 5399 ffiegrtetgz-

2176 5397 2424 5488 potest
2457 5387 2868 5462 terminare
2928 5389 3115 5463 illud
3159 5392 3364 5487 quod
3429 5401 3542 5467 est
3601 5394 3723 5466 in-
3810 5408 4051 5473 penden-

2176 5505 2622 5604 dependens
2694 5505 2825 5578 illa
2920 5506 3438 5605 dependentia
3497 5538 3516 5603 3
3589 5512 3722 5585 sed
3847 5471 4002 5522 uam.

2179 5623 2440 5721 aliqua
2468 5632 2581 5698 est
2619 5645 2980 5723 persona,
3013 5624 3140 5699 cui
3179 5636 3554 5723 repugnat
3607 5628 3728 5703 de-

4025 5819 4256 6105 r
