4295 6326
1311 428 1538 496 DIST.
1591 427 1845 496 XXlll.
1900 425 2318 504 QUAESTlO
2368 426 2604 496 UNIC.

347 604 621 702 pondet
695 603 790 679 ad
874 603 1386 701 quaestionem
1473 598 1885 698 quamdam

345 720 640 795 cuidam
729 719 1107 817 discipulo
1195 716 1572 814 quaerenti
1649 738 1888 813 quare

343 837 544 911 Deus
613 860 771 910 non
849 834 1136 910 creavit
1204 835 1680 908 voluntatem
1757 832 1890 905 im-

339 952 836 1051 peccabilem,
908 952 1202 1044 dicenS,
1274 952 1456 1049 quia
1518 973 1676 1024 non
1740 973 1889 1046 po-

337 1069 497 1153 tuit,
584 1070 780 1143 nisi·
814 1067 955 1141 illa
1030 1073 1222 1141 esset
1301 1065 1514 1139 Deus
1551 1093 1577 1148 ‚·
1671 1066 1889 1138 nulla

335 1186 566 1281 igitur
677 1187 1038 1259 voluntas
1157 1192 1436 1271 creata,
1528 1182 1677 1256 nisi
1790 1182 1888 1256 sit

334 1311 726 1400 assumpta
800 1324 845 1375 a
910 1290 1307 1398 supposito
1383 1299 1673 1390 divino,
1749 1323 1886 1398 po-

333 1429 467 1495 test
523 1444 701 1495 esse
769 1419 1319 1517 impeccabilis,

421 1537 645 1630 Item,
733 1535 1219 1632 Augustinus
1307 1544 1572 1609 contra
1647 1533 1884 1606 Maxi-

330 1653 654 1747 minum,
759 1655 805 1725 l.
887 1651 958 1725 3.
1040 1675 1107 1726 c.
1197 1651 1314 1723 13.
1388 1650 1571 1725 dicit
1672 1650 1877 1747 quod

323 1768 675 1844 voluntas
738 1769 842 1843 sit
931 1766 1477 1866 impeccabiliS,
1548 1790 1704 1841 non
1771 1772 1885 1841 est

320 1883 450 1958 lzoc
504 1890 841 1970 naturae,
920 1883 1058 1957 sed
1109 1882 1268 1957 Dei
1330 1882 1627 1979 qratiae.

908 2141 1290 2199 SCHOLIUM.

379 2307 696 2363 Conclusio
727 2316 811 2363 est
837 2306 1124 2377 negativa,
1154 2322 1257 2378 pro
1281 2321 1389 2375 qua
1422 2306 1675 2361 rationes
1707 2306 1873 2362 Alen-

318 2399 394 2453 εἰσ
423 2397 622 2469 rejicit
685 2396 910 2457 Doctor.
980 2402 1184 2451 tenens
1241 2411 1366 2451 eam
1425 2394 1608 2465 magis
1642 2402 1876 2466 propter

318 2488 699 2542 auctoritates
729 2486 1100 2548 Sanctorum,
1144 2490 1201 2539 et
1231 2486 1390 2540 addit
1421 2486 1566 2540 duas
1598 2487 1870 2541 rationes.

317 2579 525 2641 Prima,
598 2580 737 2647 quia
794 2575 920 2631 sola
979 2575 1246 2633 voluntas
1305 2576 1504 2631 divina
1548 2578 1872 2632 necessario

317 2669 428 2739 agit
457 2674 646 2723 recte.
682 2667 971 2732 Secunda,
1022 2665 1181 2722 nulla
1232 2665 1500 2721 voluntas
1541 2674 1730 2721 creata
1787 2672 1875 2721 eet

316 2757 518 2811 satiata
568 2756 940 2822 naturaliter,
981 2761 1038 2810 ct
1070 2757 1152 2810 sic
1188 2760 1380 2826 potest
1412 2753 1568 2809 aliud
1605 2760 1874 2826 appetere

318 2847 458 2915 quod
485 2861 610 2900 non
636 2844 830 2900 babet.
863 2843 1006 2899 Vide
1041 2849 1199 2900 Doct.
1234 2844 1290 2898 in
1335 2843 1518 2899 Oxon.
1571 2844 1623 2897 4.
1676 2844 1732 2900 d.
1781 2844 1870 2898 49.

315 2954 366 3006 q.
392 2937 447 2990 6.

153 3194 199 3259 3·
405 3157 515 3232 Ad
639 3156 1149 3255 quoestionem
1277 3157 1558 3234 dicitur
1667 3161 1870 3259 quod

86 3303 282 3359 amna„
321 3298 491 3349 non.
589 3274 862 3350 Prima
945 3274 1137 3349 ratio
1237 3275 1332 3350 ad
1419 3279 1593 3371 hoc,
1690 3278 1874 3374 quia

86 3366 561 3485 fflss'floomnis
645 3395 1036 3488 voluntas,
1130 3416 1308 3491 quoe
1403 3393 1482 3467 in
1572 3397 1871 3492 agendo

86 3501 267 3616 ζξμῗξζ·
317 3533 457 3584 non
522 3520 648 3586 est
719 3511 987 3607 regula
1038 3533 1205 3598 sua,
1277 3519 1527 3608 potest
1583 3533 1867 3606 errare,

314 3635 380 3702 et
456 3651 599 3726 per
697 3649 1184 3723 consequens
1268 3650 1659 3725 peccare3
1737 3628 1871 3704 sed

317 3745 518 3819 nulla
663 3745 1024 3818 voluntas
1161 3753 1419 3819 creata
1546 3754 1660 3820 est
1790 3745 1867 3819 in

313 3863 607 3955 agendo
696 3861 968 3956 regula
1044 3883 1239 3953 sua3
1308 3860 1542 3956 igitur
1604 3861 1872 3958 quaeli-

310 3976 426 4050 bet
484 3978 640 4052 sibi
713 3976 1033 4050 dimissa
1090 3985 1342 4074 potest
1419 4000 1763 4074 peccare.

397 4093 771 4169 Secundo
867 4092 1006 4184 sic,
1090 4091 1475 4188 obJectum
1588 4096 1869 4167 volun-

307 4211 472 4285 tatis
512 4234 681 4285 non
734 4211 986 4283 solum
1045 4218 1296 4306 potest
1351 4232 1519 4284 esse
1574 4210 1863 4285 bonum

308 4351 721 4426 apparenS,
810 4325 944 4400 sed
1037 4325 1378 4423 potentia
1451 4336 1699 4424 potest
1785 4329 1861 4403 in

307 4445 707 4540 quodlibet
766 4450 1216 4516 contentum
1279 4441 1423 4516 sub
1482 4466 1624 4517 suo
1694 4445 1868 4518 sub-

298 4560 517 4655 jecto.
595 4559 680 4634 Si
754 4556 960 4633 enim
1029 4557 1414 4655 objectum
1486 4558 1582 4633 sit
1656 4560 1867 4635 adae-

305 4688 654 4773 quatum,
751 4675 956 4749 circa
1033 4673 1432 4771 quodlibet
1498 4675 1664 4773 ejus
1739 4702 1867 4776 po-

307 4803 442 4869 test
501 4792 857 4892 potentia
914 4792 1200 4867 habere
1259 4802 1571 4887 actum3
1630 4790 1865 4888 igitur

308 4911 675 5007 quaelibet
786 4909 1145 4982 voluntas
1247 4917 1505 4983 creata
1616 4917 1865 5005 potest

308 5028 617 5101 tendere
742 5047 898 5099 non
1018 5025 1270 5098 solum
1389 5024 1466 5097 in
1570 5023 1858 5098 bonum

309 5143 789 5241 simpliciter,
876 5141 1011 5216 sed
1079 5139 1156 5213 in
1234 5141 1526 5215 bonum
1621 5164 1864 5239 appa-

313 5280 503 5332 rens.

397 5375 653 5450 Tertio
725 5373 863 5465 sic,
944 5371 1426 5467 Augustinus
1492 5370 1586 5445 de
1682 5371 1861 5446 Fide

312 5492 396 5566 ad
478 5493 800 5568 Petrum
862 5515 877 5563 :
964 5487 1389 5580 Quodlibet,
1475 5489 1680 5587 quod
1755 5496 1866 5564 est

311 5609 396 5683 de
501 5608 776 5696 nihilo,
878 5613 1131 5705 potest
1221 5605 1567 5703 deficere,
1680 5629 1855 5681 cum

86 4117 262 4188 hunda,

103 5414 239 5472 Tertia.

3416 429 3536 496 107

1995 597 2361 694 quaelibet
2435 607 2787 674 creatura
2858 599 3097 697 possit
3179 597 3534 691 deficere,

1995 714 2177 811 quia
2271 715 2437 813 ipsa
2530 728 2644 790 est
2729 717 2821 791 de
2900 716 3170 810 nihilo,
3256 724 3329 790 et
3403 738 3538 812 per

1993 853 2478 929 consequens
2540 841 2788 930 potest
2844 855 3186 931 peccare.

2089 947 2276 1020 Dico
2372 957 2621 1023 tamen
2691 950 2896 1047 quod
2964 950 3130 1023 istae
3198 949 3534 1023 rationes
3564 944 3865 1072 3225&de

1991 1086 2145 1135 non
2189 1063 2684 1137 concludunt.
2736 1066 2925 1139 Cum
2972 1065 3249 1138 dicitur
3288 1064 3534 1162 primo
3683 1075 3787 1121 tur.

1989 1179 2195 1277 quod
2238 1180 2491 1253 omnis
2533 1183 2917 1275 voluntas,
2963 1205 3139 1278 quae
3190 1181 3266 1254 in
3310 1205 3536 1278 agen-

1990 1296 2085 1370 do
2144 1320 2300 1371 non
2344 1307 2459 1372 est
2503 1301 2769 1395 regula
2816 1323 2984 1394 sua,
3031 1309 3278 1398 potest
3325 1323 3535 1375 erra-

1989 1435 2096 1502 re,
2163 1413 2436 1487 falsum
2486 1424 2623 1500 est,
2671 1414 2853 1511 quia
2892 1415 3328 1489 intellectus
3379 1438 3536 1488 non

1988 1540 2103 1604 est
2198 1530 2365 1628 ipsa
2441 1531 2842 1629 principia,
2926 1533 3057 1607 sed
3135 1541 3251 1606 est
3318 1533 3536 1631 quasi

1986 1645 2249 1719 tabula
2324 1647 2556 1720 nuda.
2644 1648 2816 1721 Non
2901 1648 3107 1723 enim
3184 1648 3293 1722 sic
3360 1657 3541 1722 sunt

1986 1759 2367 1858 principia
2445 1760 2866 1845 intellectui
2944 1763 3235 1856 innata,
3334 1764 3536 1860 quod

1984 1875 2138 1950 sint
2211 1876 2355 1951 sibi
2427 1888 2859 1973 concreata,
2930 1879 3064 1953 sed
3123 1903 3259 1977 pro
3333 1888 3537 1953 tanto

1984 1990 2349 2066 dicuntur
2437 1994 2729 2087 innata,
2820 1995 3003 2092 quia
3082 2005 3263 2070 sunt
3341 1996 3536 2070 sicut

1974 2108 2271 2204 januae,
2320 2118 2401 2182 ut
2452 2110 2777 2185 habetur
2824 2111 2896 2182 2.
2942 2112 3284 2209 Metaplz.
3343 2120 3527 2187 teoec.

1980 2248 2147 2322 cap.
2199 2226 2266 2297 1.
2313 2225 2497 2322 quia
2555 2227 2808 2301 statim
2857 2250 2949 2301 ex
2997 2251 3229 2302 sensu
3273 2252 3532 2303 occur-

1980 2350 2163 2415 runt
2199 2342 2402 2416 notis
2438 2342 2785 2417 terminis
2826 2367 2917 2417 ex
2957 2344 3248 2419 lumine
3286 2345 3528 2442 ipsius

1981 2459 2467 2535 intellectus:
2516 2460 2929 2559 Principia
3002 2462 3207 2536 enim
3262 2486 3528 2560 coquo·
3557 2472 3863 2523 Intellectus

1977 2575 2260 2649 scimus
2299 2577 2754 2675 inquantum
2811 2578 3354 2662 termin03,etc.
3411 2540 3873 2671 In-mi'fssogiaia,

1980 2693 2329 2767 tellectus
2378 2693 2611 2788 igitur
2668 2717 2823 2768 non
2878 2704 2992 2768 est
3040 2697 3307 2790 regula
3353 2720 3519 2789 sua,
3555 2666 3874 2797 ἱζωξτῗοὲἷῗ

1979 2817 2053 2882 et
2127 2817 2379 2882 tamen
2453 2833 2605 2883 non
2687 2820 2935 2907 potest
3002 2834 3257 2887 errare
3325 2813 3527 2888 circa
3555 2799 3875 2900 ῗὲῗιῦἕιῗαῗῖἶ

1978 2924 2359 3023 principia
2417 2936 2491 3000 et
2548 2928 3110 3015 conclusioneS,
3159 2952 3352 3026 quas
3408 2931 3530 3004 vi-

1977 3040 2104 3115 det
2157 3040 2756 3118 demonstrative
2817 3043 3035 3141 sequi
3098 3068 3189 3119 ex
3244 3047 3532 3143 princi-

1978 3157 2152 3257 piis.
2201 3157 2608 3253 Probatur,
2655 3162 2823 3236 haec
2870 3163 3229 3238 voluntas
3278 3165 3528 3260 beata,

1979 3274 2428 3373 accipiendo
2507 3278 2653 3352 hoc
2721 3287 2992 3372 totum,
3064 3278 3530 3356 voluntatem

1975 3392 2112 3467 sub
2189 3393 2683 3480 beatitudine,
2752 3396 3004 3471 adhuc
3074 3397 3148 3470 in
3232 3400 3530 3495 agendo

1980 3533 2132 3584 non
2181 3520 2297 3585 est
2340 3513 2610 3608 regula
2667 3536 2834 3600 sua,
2881 3515 3010 3589 sed
3056 3517 3220 3590 sola
3262 3518 3534 3590 volun-

1976 3633 2092 3701 tas
2169 3626 2456 3718 divina,
2526 3640 2600 3702 et
2676 3639 2929 3704 tamen
2999 3633 3384 3726 voluntas,
3450 3643 3534 3707 ut

1977 3743 2120 3817 sub
2171 3744 2645 3821 beatitudine
2706 3747 3151 3841 formaliter,
3206 3773 3363 3823 non
3406 3773 3533 3847 po-

1974 3868 2122 3933 test
2192 3882 2449 3934 errare
2517 3859 2594 3934 in
2674 3862 2998 3958 agendo.
3076 3863 3293 3938 Unde
3368 3889 3525 3939 non

1976 3975 2152 4071 plus
2242 3984 2491 4072 potest
2566 3977 3121 4052 conformatum
3201 3982 3521 4076 regulae,

1975 4089 2158 4164 dum
2244 4101 2359 4165 est
2444 4094 3031 4187 conformatum,
3114 4096 3190 4168 in
3290 4119 3519 4171 sensu

1974 4209 2398 4306 composito
2453 4233 2737 4304 errare,
2795 4233 3023 4308 quam
3096 4223 3343 4310 potest
3405 4237 3526 4288 re-

1972 4326 2159 4420 gula
2205 4349 2373 4419 sua,
2420 4335 2494 4400 et
2530 4336 2787 4401 tamen
2830 4329 3189 4403 voluntas
3232 4339 3314 4403 ut
3352 4354 3525 4405 con-

1976 4441 2323 4534 formata,
2377 4451 2452 4515 et
2489 4442 2670 4516 dum
2713 4453 2827 4517 est
2875 4445 3344 4520 conformata
3405 4471 3521 4522 re·-

1971 4558 2204 4652 gulae,
2250 4580 2404 4630 non
2447 4568 2561 4632 est
2601 4560 2870 4655 regula
2909 4583 3072 4634 sua.

2067 4673 2178 4746 Ad
2247 4674 2703 4769 secundum,
2768 4685 3015 4774 potest
3088 4677 3235 4751 dici
3312 4679 3516 4773 quod
3671 4712 3735 4779 4·

1969 4791 2271 4863 nullum
2351 4790 2640 4865 bonum
2700 4815 2792 4866 ex
2850 4791 3145 4867 ratione
3214 4793 3334 4867 sui
3405 4803 3519 4869 est

1969 4933 2122 4983 non
2178 4909 2514 5000 volibile‚
2570 4910 2751 5009 quia
2817 4913 3119 4985 nullum
3172 4922 3286 4986 est
3348 4937 3513 5008 enS,

1969 5027 2173 5123 quod
2224 5027 2434 5101 Deus
2475 5051 2629 5101 non
2680 5029 2921 5126 possit
2962 5031 3184 5123 velle,
3230 5039 3304 5105 et
3344 5034 3520 5107 nul-

1967 5143 2128 5216 lum
2190 5151 2305 5216 est
2360 5144 2537 5235 tale,
2599 5143 2675 5215 in
2731 5167 2883 5241 quo
2960 5147 3317 5222 voluntas
3379 5150 3521 5222 ali-

1966 5281 2120 5356 qua
2190 5283 2341 5334 non
2412 5260 2652 5357 possit
2723 5262 3107 5339 meritorie
3170 5267 3510 5342 tendere.

1967 5374 2188 5450 Unde
2257 5376 2503 5473 posito
2571 5377 2776 5473 quod
2849 5380 2945 5452 sit
2996 5382 3309 5477 aliquod
3378 5385 3519 5458 bo-

1967 5517 2153 5566 num
2227 5494 2331 5568 ita
2405 5517 2813 5591 apparens,
2887 5499 3089 5592 quod
3158 5501 3520 5574 voluntas

1967 5616 2219 5682 creata
2262 5632 2412 5683 non
2467 5619 2715 5706 potest
2768 5611 3047 5685 habere
3101 5621 3349 5686 actum
3384 5639 3521 5688 -vo-
