<?xml version="1.0" encoding="UTF-8"?>
<!DOCTYPE html PUBLIC "-//W3C//DTD XHTML 1.0 Transitional//EN"
    "http://www.w3.org/TR/xhtml1/DTD/xhtml1-transitional.dtd">
<html xmlns="http://www.w3.org/1999/xhtml" xml:lang="en" lang="en">
 <head>
  <title>
</title>
<meta http-equiv="Content-Type" content="text/html;charset=utf-8" />
  <meta name='ocr-system' content='tesseract 3.04.00' />
  <meta name='ocr-capabilities' content='ocr_page ocr_carea ocr_par ocr_line ocrx_word'/>
</head>
<body>
  <div class='ocr_page' id='page_1' title='image "./joannisdunsscot00waddgoog_0573.png"; bbox 0 0 4295 6326; ppageno 0'>
   <div class='ocr_carea' id='block_1_1' title="bbox 139 5519 383 5699">
    <p class='ocr_par' dir='ltr' id='par_1_1' title="bbox 139 5519 383 5699">
     <span class='ocr_line' id='line_1_1' title="bbox 139 5519 382 5571; baseline -0.004 0"><span class='ocrx_word' id='word_1_1' title='bbox 139 5519 382 5571; x_wconf 81' lang='lat' dir='ltr'>Notabile</span> 
     </span>
     <span class='ocr_line' id='line_1_2' title="bbox 153 5585 373 5634; baseline -0.009 0"><span class='ocrx_word' id='word_1_2' title='bbox 153 5585 373 5634; x_wconf 88' lang='lat' dir='ltr'>dubium</span> 
     </span>
     <span class='ocr_line' id='line_1_3' title="bbox 141 5648 383 5699; baseline -0.004 -2"><span class='ocrx_word' id='word_1_3' title='bbox 141 5648 383 5699; x_wconf 76' lang='lat' dir='ltr'>solvitur.</span> 
     </span>
    </p>
   </div>
   <div class='ocr_carea' id='block_1_2' title="bbox 1556 437 2496 519">
    <p class='ocr_par' dir='ltr' id='par_1_2' title="bbox 1556 437 2496 519">
     <span class='ocr_line' id='line_1_4' title="bbox 1556 437 2496 519; baseline 0.002 -15"><span class='ocrx_word' id='word_1_4' title='bbox 1556 437 1781 506; x_wconf 87' lang='lat' dir='ltr'>DIST.</span> <span class='ocrx_word' id='word_1_5' title='bbox 1835 438 1888 505; x_wconf 92' lang='lat'>1.</span> <span class='ocrx_word' id='word_1_6' title='bbox 1944 438 2359 519; x_wconf 87' lang='lat' dir='ltr'>QUAESTIO</span> <span class='ocrx_word' id='word_1_7' title='bbox 2416 439 2496 506; x_wconf 88' lang='grc' dir='ltr'>ΙΙ.</span> 
     </span>
    </p>
   </div>
   <div class='ocr_carea' id='block_1_3' title="bbox 434 609 2000 5613">
    <p class='ocr_par' dir='ltr' id='par_1_3' title="bbox 434 609 2000 5382">
     <span class='ocr_line' id='line_1_5' title="bbox 450 609 1993 709; baseline 0.001 -25"><span class='ocrx_word' id='word_1_8' title='bbox 450 609 647 684; x_wconf 92' lang='lat' dir='ltr'>sicut</span> <span class='ocrx_word' id='word_1_9' title='bbox 688 611 766 685; x_wconf 90' lang='lat' dir='ltr'>in</span> <span class='ocrx_word' id='word_1_10' title='bbox 803 613 1033 687; x_wconf 90' lang='lat' dir='ltr'>rebus</span> <span class='ocrx_word' id='word_1_11' title='bbox 1070 621 1143 687; x_wconf 89' lang='lat' dir='ltr'>et</span> <span class='ocrx_word' id='word_1_12' title='bbox 1182 610 1682 709; x_wconf 81' lang='lat' dir='ltr'>conceptibus</span> <span class='ocrx_word' id='word_1_13' title='bbox 1722 609 1993 709; x_wconf 79' lang='lat' dir='ltr'>primae</span> 
     </span>
     <span class='ocr_line' id='line_1_6' title="bbox 451 727 2000 825; baseline 0 -25"><span class='ocrx_word' id='word_1_14' title='bbox 451 728 903 804; x_wconf 89' lang='lat' dir='ltr'>intentionis</span> <span class='ocrx_word' id='word_1_15' title='bbox 936 728 1133 804; x_wconf 84' lang='lat' dir='ltr'>flunt</span> <span class='ocrx_word' id='word_1_16' title='bbox 1172 729 1618 821; x_wconf 84' lang='lat' dir='ltr'>divisioneS,</span> <span class='ocrx_word' id='word_1_17' title='bbox 1664 752 1801 825; x_wconf 88' lang='lat' dir='ltr'>per</span> <span class='ocrx_word' id='word_1_18' title='bbox 1844 727 2000 800; x_wconf 84' lang='lat' dir='ltr'>for-</span> 
     </span>
     <span class='ocr_line' id='line_1_7' title="bbox 450 846 1998 922; baseline 0 -3"><span class='ocrx_word' id='word_1_19' title='bbox 450 847 690 920; x_wconf 80' lang='lat' dir='ltr'>males</span> <span class='ocrx_word' id='word_1_20' title='bbox 761 857 834 921; x_wconf 91' lang='lat' dir='ltr'>et</span> <span class='ocrx_word' id='word_1_21' title='bbox 898 849 1149 922; x_wconf 81' lang='lat' dir='ltr'>reales</span> <span class='ocrx_word' id='word_1_22' title='bbox 1235 846 1704 921; x_wconf 83' lang='lat' dir='ltr'>differentias</span> <span class='ocrx_word' id='word_1_23' title='bbox 1790 846 1998 920; x_wconf 88' lang='lat' dir='ltr'>illius</span> 
     </span>
     <span class='ocr_line' id='line_1_8' title="bbox 445 962 1997 1060; baseline 0.001 -25"><span class='ocrx_word' id='word_1_24' title='bbox 445 972 868 1060; x_wconf 90' lang='lat' dir='ltr'>conceptus</span> <span class='ocrx_word' id='word_1_25' title='bbox 913 963 1167 1050; x_wconf 83' lang='lat' dir='ltr'>realiS‚</span> <span class='ocrx_word' id='word_1_26' title='bbox 1213 962 1319 1036; x_wconf 88' lang='lat' dir='ltr'>ita</span> <span class='ocrx_word' id='word_1_27' title='bbox 1359 962 1433 1035; x_wconf 89' lang='lat' dir='ltr'>in</span> <span class='ocrx_word' id='word_1_28' title='bbox 1497 962 1997 1059; x_wconf 83' lang='lat' dir='ltr'>conceptibus</span> 
     </span>
     <span class='ocr_line' id='line_1_9' title="bbox 445 1080 1999 1167; baseline 0 -14"><span class='ocrx_word' id='word_1_29' title='bbox 445 1081 961 1155; x_wconf 81' lang='lat' dir='ltr'>secundarum</span> <span class='ocrx_word' id='word_1_30' title='bbox 1000 1080 1550 1167; x_wconf 78' lang='lat' dir='ltr'>intentionum,</span> <span class='ocrx_word' id='word_1_31' title='bbox 1588 1089 1663 1154; x_wconf 88' lang='lat' dir='ltr'>et</span> <span class='ocrx_word' id='word_1_32' title='bbox 1704 1081 1999 1155; x_wconf 89' lang='lat' dir='ltr'>relatio-</span> 
     </span>
     <span class='ocr_line' id='line_1_10' title="bbox 442 1197 1998 1297; baseline 0.001 -27"><span class='ocrx_word' id='word_1_33' title='bbox 442 1198 677 1271; x_wconf 88' lang='lat' dir='ltr'>nibus</span> <span class='ocrx_word' id='word_1_34' title='bbox 722 1197 1041 1272; x_wconf 90' lang='lat' dir='ltr'>rationis</span> <span class='ocrx_word' id='word_1_35' title='bbox 1099 1198 1297 1272; x_wconf 83' lang='lat' dir='ltr'>siunt</span> <span class='ocrx_word' id='word_1_36' title='bbox 1363 1197 1784 1273; x_wconf 84' lang='lat' dir='ltr'>divisiones</span> <span class='ocrx_word' id='word_1_37' title='bbox 1860 1220 1998 1297; x_wconf 91' lang='lat' dir='ltr'>per</span> 
     </span>
     <span class='ocr_line' id='line_1_11' title="bbox 440 1313 1996 1412; baseline 0 -25"><span class='ocrx_word' id='word_1_38' title='bbox 440 1313 916 1389; x_wconf 83' lang='lat' dir='ltr'>differentias</span> <span class='ocrx_word' id='word_1_39' title='bbox 996 1313 1318 1389; x_wconf 87' lang='lat' dir='ltr'>rationis</span> <span class='ocrx_word' id='word_1_40' title='bbox 1378 1314 1996 1412; x_wconf 86' lang='lat' dir='ltr'>corresponden-</span> 
     </span>
     <span class='ocr_line' id='line_1_12' title="bbox 442 1430 1995 1528; baseline -0.001 -24"><span class='ocrx_word' id='word_1_41' title='bbox 442 1439 579 1505; x_wconf 88' lang='lat' dir='ltr'>tes.</span> <span class='ocrx_word' id='word_1_42' title='bbox 621 1430 950 1528; x_wconf 85' lang='lat' dir='ltr'>Signum</span> <span class='ocrx_word' id='word_1_43' title='bbox 990 1440 1247 1506; x_wconf 90' lang='lat' dir='ltr'>autem</span> <span class='ocrx_word' id='word_1_44' title='bbox 1309 1430 1386 1504; x_wconf 93' lang='lat' dir='ltr'>in</span> <span class='ocrx_word' id='word_1_45' title='bbox 1422 1431 1815 1505; x_wconf 91' lang='lat' dir='ltr'>communi</span> <span class='ocrx_word' id='word_1_46' title='bbox 1877 1431 1995 1504; x_wconf 90' lang='lat' dir='ltr'>di-</span> 
     </span>
     <span class='ocr_line' id='line_1_13' title="bbox 440 1550 1996 1646; baseline 0 -23"><span class='ocrx_word' id='word_1_47' title='bbox 440 1550 728 1623; x_wconf 89' lang='lat' dir='ltr'>viditur</span> <span class='ocrx_word' id='word_1_48' title='bbox 785 1550 862 1623; x_wconf 89' lang='lat' dir='ltr'>in</span> <span class='ocrx_word' id='word_1_49' title='bbox 932 1550 1241 1646; x_wconf 89' lang='lat' dir='ltr'>signum</span> <span class='ocrx_word' id='word_1_50' title='bbox 1307 1550 1683 1636; x_wconf 87' lang='lat' dir='ltr'>naturale,</span> <span class='ocrx_word' id='word_1_51' title='bbox 1756 1559 1830 1624; x_wconf 90' lang='lat' dir='ltr'>et</span> <span class='ocrx_word' id='word_1_52' title='bbox 1887 1550 1996 1623; x_wconf 89' lang='lat' dir='ltr'>si-</span> 
     </span>
     <span class='ocr_line' id='line_1_14' title="bbox 441 1665 1995 1764; baseline 0 -25"><span class='ocrx_word' id='word_1_53' title='bbox 441 1690 682 1762; x_wconf 91' lang='lat' dir='ltr'>gnum</span> <span class='ocrx_word' id='word_1_54' title='bbox 732 1667 824 1741; x_wconf 91' lang='lat' dir='ltr'>ad</span> <span class='ocrx_word' id='word_1_55' title='bbox 868 1665 1260 1764; x_wconf 88' lang='lat' dir='ltr'>placitum,</span> <span class='ocrx_word' id='word_1_56' title='bbox 1303 1666 1508 1763; x_wconf 92' lang='lat' dir='ltr'>quod</span> <span class='ocrx_word' id='word_1_57' title='bbox 1550 1666 1735 1740; x_wconf 90' lang='lat' dir='ltr'>dicit</span> <span class='ocrx_word' id='word_1_58' title='bbox 1794 1668 1995 1741; x_wconf 88' lang='lat' dir='ltr'>rela-</span> 
     </span>
     <span class='ocr_line' id='line_1_15' title="bbox 442 1781 1994 1876; baseline 0.004 -21"><span class='ocrx_word' id='word_1_59' title='bbox 442 1783 731 1856; x_wconf 87' lang='lat' dir='ltr'>tionem</span> <span class='ocrx_word' id='word_1_60' title='bbox 790 1783 1137 1876; x_wconf 85' lang='lat' dir='ltr'>rationiS,</span> <span class='ocrx_word' id='word_1_61' title='bbox 1176 1783 1545 1856; x_wconf 83' lang='lat' dir='ltr'>dividitur</span> <span class='ocrx_word' id='word_1_62' title='bbox 1576 1782 1738 1856; x_wconf 89' lang='lat' dir='ltr'>suis</span> <span class='ocrx_word' id='word_1_63' title='bbox 1774 1781 1994 1861; x_wconf 81' lang='lat' dir='ltr'>diffe-</span> 
     </span>
     <span class='ocr_line' id='line_1_16' title="bbox 442 1898 1995 1997; baseline 0.001 -26"><span class='ocrx_word' id='word_1_64' title='bbox 442 1900 710 1973; x_wconf 90' lang='lat' dir='ltr'>rentiis</span> <span class='ocrx_word' id='word_1_65' title='bbox 754 1899 1112 1997; x_wconf 84' lang='lat' dir='ltr'>propriiS,</span> <span class='ocrx_word' id='word_1_66' title='bbox 1169 1899 1366 1973; x_wconf 86' lang='lat' dir='ltr'>sicut</span> <span class='ocrx_word' id='word_1_67' title='bbox 1413 1898 1719 1994; x_wconf 87' lang='lat' dir='ltr'>signum</span> <span class='ocrx_word' id='word_1_68' title='bbox 1767 1908 1995 1973; x_wconf 89' lang='lat' dir='ltr'>natu-</span> 
     </span>
     <span class='ocr_line' id='line_1_17' title="bbox 442 2016 1995 2112; baseline 0 -23"><span class='ocrx_word' id='word_1_69' title='bbox 442 2018 599 2091; x_wconf 88' lang='lat' dir='ltr'>rale</span> <span class='ocrx_word' id='word_1_70' title='bbox 635 2017 825 2109; x_wconf 90' lang='lat' dir='ltr'>suis,</span> <span class='ocrx_word' id='word_1_71' title='bbox 864 2017 939 2089; x_wconf 89' lang='lat' dir='ltr'>in</span> <span class='ocrx_word' id='word_1_72' title='bbox 1008 2016 1316 2112; x_wconf 91' lang='lat' dir='ltr'>signum</span> <span class='ocrx_word' id='word_1_73' title='bbox 1381 2039 1650 2090; x_wconf 88' lang='lat' dir='ltr'>verum</span> <span class='ocrx_word' id='word_1_74' title='bbox 1732 2026 1805 2089; x_wconf 92' lang='lat' dir='ltr'>et</span> <span class='ocrx_word' id='word_1_75' title='bbox 1855 2017 1995 2089; x_wconf 79' lang='lat' dir='ltr'>sal-</span> 
     </span>
     <span class='ocr_line' id='line_1_18' title="bbox 443 2133 1994 2229; baseline 0 -21"><span class='ocrx_word' id='word_1_76' title='bbox 443 2158 644 2226; x_wconf 90' lang='lat' dir='ltr'>sum,</span> <span class='ocrx_word' id='word_1_77' title='bbox 758 2143 833 2209; x_wconf 91' lang='lat' dir='ltr'>et</span> <span class='ocrx_word' id='word_1_78' title='bbox 890 2134 1243 2207; x_wconf 90' lang='lat' dir='ltr'>similiter</span> <span class='ocrx_word' id='word_1_79' title='bbox 1308 2133 1385 2207; x_wconf 92' lang='lat' dir='ltr'>in</span> <span class='ocrx_word' id='word_1_80' title='bbox 1480 2134 1787 2229; x_wconf 90' lang='lat' dir='ltr'>signum</span> <span class='ocrx_word' id='word_1_81' title='bbox 1857 2134 1994 2208; x_wconf 89' lang='lat' dir='ltr'>de-</span> 
     </span>
     <span class='ocr_line' id='line_1_19' title="bbox 446 2250 1997 2348; baseline 0.001 -26"><span class='ocrx_word' id='word_1_82' title='bbox 446 2250 1038 2326; x_wconf 88' lang='lat' dir='ltr'>monstrativum</span> <span class='ocrx_word' id='word_1_83' title='bbox 1097 2259 1173 2324; x_wconf 89' lang='lat' dir='ltr'>et</span> <span class='ocrx_word' id='word_1_84' title='bbox 1238 2250 1862 2348; x_wconf 83' lang='lat' dir='ltr'>prognosticum3</span> <span class='ocrx_word' id='word_1_85' title='bbox 1922 2259 1997 2325; x_wconf 91' lang='lat' dir='ltr'>et</span> 
     </span>
     <span class='ocr_line' id='line_1_20' title="bbox 443 2365 1992 2461; baseline 0.001 -22"><span class='ocrx_word' id='word_1_86' title='bbox 443 2365 644 2440; x_wconf 89' lang='lat' dir='ltr'>sicut</span> <span class='ocrx_word' id='word_1_87' title='bbox 684 2365 992 2461; x_wconf 86' lang='lat' dir='ltr'>signum</span> <span class='ocrx_word' id='word_1_88' title='bbox 1031 2365 1106 2439; x_wconf 89' lang='lat' dir='ltr'>in</span> <span class='ocrx_word' id='word_1_89' title='bbox 1151 2365 1546 2440; x_wconf 90' lang='lat' dir='ltr'>communi</span> <span class='ocrx_word' id='word_1_90' title='bbox 1581 2365 1861 2439; x_wconf 90' lang='lat' dir='ltr'>dicitur</span> <span class='ocrx_word' id='word_1_91' title='bbox 1900 2367 1992 2441; x_wconf 87' lang='lat' dir='ltr'>de</span> 
     </span>
     <span class='ocr_line' id='line_1_21' title="bbox 444 2482 1988 2579; baseline 0.001 -24"><span class='ocrx_word' id='word_1_92' title='bbox 444 2482 945 2555; x_wconf 87' lang='lat' dir='ltr'>Sacramento</span> <span class='ocrx_word' id='word_1_93' title='bbox 979 2504 1116 2579; x_wconf 90' lang='lat' dir='ltr'>per</span> <span class='ocrx_word' id='word_1_94' title='bbox 1147 2505 1257 2576; x_wconf 90' lang='lat' dir='ltr'>se,</span> <span class='ocrx_word' id='word_1_95' title='bbox 1303 2492 1377 2557; x_wconf 90' lang='lat' dir='ltr'>et</span> <span class='ocrx_word' id='word_1_96' title='bbox 1420 2505 1668 2578; x_wconf 90' lang='lat' dir='ltr'>genus</span> <span class='ocrx_word' id='word_1_97' title='bbox 1730 2506 1988 2575; x_wconf 90' lang='lat' dir='ltr'>suum,</span> 
     </span>
     <span class='ocr_line' id='line_1_22' title="bbox 442 2595 1991 2697; baseline 0.003 -28"><span class='ocrx_word' id='word_1_98' title='bbox 442 2597 545 2670; x_wconf 90' lang='lat' dir='ltr'>ita</span> <span class='ocrx_word' id='word_1_99' title='bbox 579 2607 651 2671; x_wconf 90' lang='lat' dir='ltr'>et</span> <span class='ocrx_word' id='word_1_100' title='bbox 730 2620 895 2671; x_wconf 80' lang='lat' dir='ltr'>suae</span> <span class='ocrx_word' id='word_1_101' title='bbox 941 2595 1394 2673; x_wconf 71' lang='lat' dir='ltr'>differentiae</span> <span class='ocrx_word' id='word_1_102' title='bbox 1453 2598 1760 2696; x_wconf 67' lang='lat' dir='ltr'>aliquae,</span> <span class='ocrx_word' id='word_1_103' title='bbox 1815 2622 1991 2697; x_wconf 81' lang='lat' dir='ltr'>quae</span> 
     </span>
     <span class='ocr_line' id='line_1_23' title="bbox 441 2714 1995 2811; baseline 0.001 -24"><span class='ocrx_word' id='word_1_104' title='bbox 441 2714 1112 2811; x_wconf 87' lang='lat' dir='ltr'>dividuntipsum,</span> <span class='ocrx_word' id='word_1_105' title='bbox 1191 2723 1273 2789; x_wconf 86' lang='lat' dir='ltr'>ut</span> <span class='ocrx_word' id='word_1_106' title='bbox 1312 2737 1481 2790; x_wconf 86' lang='lat' dir='ltr'>esse</span> <span class='ocrx_word' id='word_1_107' title='bbox 1524 2738 1616 2790; x_wconf 87' lang='lat' dir='ltr'>ex</span> <span class='ocrx_word' id='word_1_108' title='bbox 1681 2715 1995 2790; x_wconf 89' lang='lat' dir='ltr'>institu-</span> 
     </span>
     <span class='ocr_line' id='line_1_24' title="bbox 440 2834 1994 2925; baseline 0.001 -19"><span class='ocrx_word' id='word_1_109' title='bbox 440 2834 644 2908; x_wconf 89' lang='lat' dir='ltr'>tione</span> <span class='ocrx_word' id='word_1_110' title='bbox 684 2856 956 2907; x_wconf 87' lang='lat' dir='ltr'>verum</span> <span class='ocrx_word' id='word_1_111' title='bbox 999 2844 1073 2906; x_wconf 88' lang='lat' dir='ltr'>et</span> <span class='ocrx_word' id='word_1_112' title='bbox 1129 2834 1846 2925; x_wconf 87' lang='lat' dir='ltr'>demonstrativum,</span> <span class='ocrx_word' id='word_1_113' title='bbox 1890 2834 1994 2907; x_wconf 93' lang='lat' dir='ltr'>di-</span> 
     </span>
     <span class='ocr_line' id='line_1_25' title="bbox 440 2951 1991 3050; baseline 0.001 -25"><span class='ocrx_word' id='word_1_114' title='bbox 440 2961 720 3025; x_wconf 87' lang='lat' dir='ltr'>cuntur</span> <span class='ocrx_word' id='word_1_115' title='bbox 752 2975 889 3049; x_wconf 91' lang='lat' dir='ltr'>per</span> <span class='ocrx_word' id='word_1_116' title='bbox 930 2974 1011 3026; x_wconf 87' lang='lat' dir='ltr'>se</span> <span class='ocrx_word' id='word_1_117' title='bbox 1058 2951 1150 3025; x_wconf 92' lang='lat' dir='ltr'>de</span> <span class='ocrx_word' id='word_1_118' title='bbox 1192 2974 1310 3026; x_wconf 89' lang='lat' dir='ltr'>eo.</span> <span class='ocrx_word' id='word_1_119' title='bbox 1370 2952 1451 3026; x_wconf 91' lang='lat' dir='ltr'>Si</span> <span class='ocrx_word' id='word_1_120' title='bbox 1493 2975 1676 3049; x_wconf 92' lang='lat' dir='ltr'>ergo</span> <span class='ocrx_word' id='word_1_121' title='bbox 1717 2953 1991 3050; x_wconf 89' lang='lat' dir='ltr'>loqua-</span> 
     </span>
     <span class='ocr_line' id='line_1_26' title="bbox 442 3066 1991 3168; baseline 0.001 -27"><span class='ocrx_word' id='word_1_122' title='bbox 442 3069 544 3142; x_wconf 88' lang='lat' dir='ltr'>ris</span> <span class='ocrx_word' id='word_1_123' title='bbox 572 3068 663 3143; x_wconf 90' lang='lat' dir='ltr'>de</span> <span class='ocrx_word' id='word_1_124' title='bbox 697 3066 1183 3163; x_wconf 84' lang='lat' dir='ltr'>definitione,</span> <span class='ocrx_word' id='word_1_125' title='bbox 1230 3079 1459 3168; x_wconf 89' lang='lat' dir='ltr'>prout</span> <span class='ocrx_word' id='word_1_126' title='bbox 1524 3068 1708 3143; x_wconf 90' lang='lat' dir='ltr'>dicit</span> <span class='ocrx_word' id='word_1_127' title='bbox 1750 3070 1991 3144; x_wconf 88' lang='lat' dir='ltr'>unita-</span> 
     </span>
     <span class='ocr_line' id='line_1_27' title="bbox 439 3186 1990 3284; baseline 0 -24"><span class='ocrx_word' id='word_1_128' title='bbox 439 3198 587 3261; x_wconf 89' lang='lat' dir='ltr'>tem</span> <span class='ocrx_word' id='word_1_129' title='bbox 631 3196 1058 3283; x_wconf 89' lang='lat' dir='ltr'>conceptus</span> <span class='ocrx_word' id='word_1_130' title='bbox 1117 3186 1633 3282; x_wconf 86' lang='lat' dir='ltr'>significantis</span> <span class='ocrx_word' id='word_1_131' title='bbox 1695 3188 1990 3284; x_wconf 89' lang='lat' dir='ltr'>quiddi-</span> 
     </span>
     <span class='ocr_line' id='line_1_28' title="bbox 434 3302 1986 3401; baseline 0.002 -24"><span class='ocrx_word' id='word_1_132' title='bbox 434 3313 667 3377; x_wconf 88' lang='lat' dir='ltr'>tatem</span> <span class='ocrx_word' id='word_1_133' title='bbox 712 3302 822 3377; x_wconf 86' lang='lat' dir='ltr'>rei</span> <span class='ocrx_word' id='word_1_134' title='bbox 866 3313 1080 3378; x_wconf 87' lang='lat' dir='ltr'>extra</span> <span class='ocrx_word' id='word_1_135' title='bbox 1128 3302 1464 3377; x_wconf 87' lang='lat' dir='ltr'>animam</span> <span class='ocrx_word' id='word_1_136' title='bbox 1503 3326 1669 3378; x_wconf 90' lang='lat' dir='ltr'>esse</span> <span class='ocrx_word' id='word_1_137' title='bbox 1702 3328 1839 3401; x_wconf 91' lang='lat' dir='ltr'>per</span> <span class='ocrx_word' id='word_1_138' title='bbox 1904 3329 1986 3380; x_wconf 88' lang='lat' dir='ltr'>se</span> 
     </span>
     <span class='ocr_line' id='line_1_29' title="bbox 436 3419 1983 3517; baseline 0 -22"><span class='ocrx_word' id='word_1_139' title='bbox 436 3443 699 3512; x_wconf 90' lang='lat' dir='ltr'>unam,</span> <span class='ocrx_word' id='word_1_140' title='bbox 748 3419 858 3492; x_wconf 91' lang='lat' dir='ltr'>sic</span> <span class='ocrx_word' id='word_1_141' title='bbox 927 3419 1101 3494; x_wconf 91' lang='lat' dir='ltr'>dico</span> <span class='ocrx_word' id='word_1_142' title='bbox 1134 3419 1342 3517; x_wconf 89' lang='lat' dir='ltr'>quod</span> <span class='ocrx_word' id='word_1_143' title='bbox 1402 3421 1983 3495; x_wconf 78' lang='lat' dir='ltr'>Sacramentum</span> 
     </span>
     <span class='ocr_line' id='line_1_30' title="bbox 436 3533 1981 3633; baseline 0.001 -23"><span class='ocrx_word' id='word_1_144' title='bbox 436 3561 589 3610; x_wconf 88' lang='lat' dir='ltr'>non</span> <span class='ocrx_word' id='word_1_145' title='bbox 617 3537 848 3610; x_wconf 89' lang='lat' dir='ltr'>habet</span> <span class='ocrx_word' id='word_1_146' title='bbox 879 3533 1441 3628; x_wconf 83' lang='lat' dir='ltr'>definitionem,</span> <span class='ocrx_word' id='word_1_147' title='bbox 1479 3536 1662 3633; x_wconf 90' lang='lat' dir='ltr'>quia</span> <span class='ocrx_word' id='word_1_148' title='bbox 1688 3545 1981 3611; x_wconf 88' lang='lat' dir='ltr'>tantum</span> 
     </span>
     <span class='ocr_line' id='line_1_31' title="bbox 447 3651 1988 3742; baseline -0.001 -13"><span class='ocrx_word' id='word_1_149' title='bbox 447 3664 560 3729; x_wconf 87' lang='lat' dir='ltr'>est</span> <span class='ocrx_word' id='word_1_150' title='bbox 592 3654 672 3726; x_wconf 91' lang='lat' dir='ltr'>in</span> <span class='ocrx_word' id='word_1_151' title='bbox 715 3676 797 3727; x_wconf 92' lang='lat' dir='ltr'>se</span> <span class='ocrx_word' id='word_1_152' title='bbox 831 3675 970 3725; x_wconf 90' lang='lat' dir='ltr'>ens</span> <span class='ocrx_word' id='word_1_153' title='bbox 1016 3651 1514 3742; x_wconf 81' lang='lat' dir='ltr'>diminutum,</span> <span class='ocrx_word' id='word_1_154' title='bbox 1567 3662 1641 3727; x_wconf 90' lang='lat' dir='ltr'>et</span> <span class='ocrx_word' id='word_1_155' title='bbox 1679 3677 1819 3729; x_wconf 89' lang='lat' dir='ltr'>ens</span> <span class='ocrx_word' id='word_1_156' title='bbox 1860 3677 1988 3728; x_wconf 89' lang='lat' dir='ltr'>ra-</span> 
     </span>
     <span class='ocr_line' id='line_1_32' title="bbox 441 3766 1983 3867; baseline 0.003 -24"><span class='ocrx_word' id='word_1_157' title='bbox 441 3769 673 3843; x_wconf 88' lang='lat' dir='ltr'>tionis</span> <span class='ocrx_word' id='word_1_158' title='bbox 723 3767 800 3841; x_wconf 90' lang='lat' dir='ltr'>in</span> <span class='ocrx_word' id='word_1_159' title='bbox 844 3766 1135 3861; x_wconf 88' lang='lat' dir='ltr'>anima,</span> <span class='ocrx_word' id='word_1_160' title='bbox 1181 3767 1306 3843; x_wconf 93' lang='lat' dir='ltr'>cui</span> <span class='ocrx_word' id='word_1_161' title='bbox 1375 3779 1755 3867; x_wconf 86' lang='lat' dir='ltr'>repugnat</span> <span class='ocrx_word' id='word_1_162' title='bbox 1816 3794 1983 3847; x_wconf 85' lang='lat' dir='ltr'>esse</span> 
     </span>
     <span class='ocr_line' id='line_1_33' title="bbox 441 3883 1987 3980; baseline 0.001 -20"><span class='ocrx_word' id='word_1_163' title='bbox 441 3886 517 3960; x_wconf 90' lang='lat' dir='ltr'>in</span> <span class='ocrx_word' id='word_1_164' title='bbox 571 3908 652 3960; x_wconf 89' lang='lat' dir='ltr'>re</span> <span class='ocrx_word' id='word_1_165' title='bbox 694 3894 905 3960; x_wconf 88' lang='lat' dir='ltr'>extra</span> <span class='ocrx_word' id='word_1_166' title='bbox 943 3893 1129 3957; x_wconf 89' lang='lat' dir='ltr'>tunc</span> <span class='ocrx_word' id='word_1_167' title='bbox 1187 3893 1388 3958; x_wconf 88' lang='lat' dir='ltr'>esset</span> <span class='ocrx_word' id='word_1_168' title='bbox 1428 3883 1735 3980; x_wconf 89' lang='lat' dir='ltr'>signum</span> <span class='ocrx_word' id='word_1_169' title='bbox 1770 3897 1987 3961; x_wconf 88' lang='lat' dir='ltr'>natu·</span> 
     </span>
     <span class='ocr_line' id='line_1_34' title="bbox 444 4003 1984 4102; baseline 0.001 -24"><span class='ocrx_word' id='word_1_170' title='bbox 444 4005 631 4098; x_wconf 88' lang='lat' dir='ltr'>rale,</span> <span class='ocrx_word' id='word_1_171' title='bbox 677 4004 741 4077; x_wconf 91' lang='lat' dir='ltr'>si</span> <span class='ocrx_word' id='word_1_172' title='bbox 782 4012 1041 4102; x_wconf 87' lang='lat' dir='ltr'>posset</span> <span class='ocrx_word' id='word_1_173' title='bbox 1071 4026 1241 4078; x_wconf 89' lang='lat' dir='ltr'>esse</span> <span class='ocrx_word' id='word_1_174' title='bbox 1290 4003 1367 4077; x_wconf 91' lang='lat' dir='ltr'>in</span> <span class='ocrx_word' id='word_1_175' title='bbox 1434 4026 1543 4097; x_wconf 89' lang='lat' dir='ltr'>re,</span> <span class='ocrx_word' id='word_1_176' title='bbox 1588 4013 1661 4079; x_wconf 91' lang='lat' dir='ltr'>et</span> <span class='ocrx_word' id='word_1_177' title='bbox 1692 4027 1846 4079; x_wconf 89' lang='lat' dir='ltr'>non</span> <span class='ocrx_word' id='word_1_178' title='bbox 1891 4006 1984 4080; x_wconf 91' lang='lat' dir='ltr'>ad</span> 
     </span>
     <span class='ocr_line' id='line_1_35' title="bbox 444 4118 1989 4219; baseline 0.001 -25"><span class='ocrx_word' id='word_1_179' title='bbox 444 4121 835 4219; x_wconf 88' lang='lat' dir='ltr'>placitum.</span> <span class='ocrx_word' id='word_1_180' title='bbox 907 4119 985 4193; x_wconf 92' lang='lat' dir='ltr'>Si</span> <span class='ocrx_word' id='word_1_181' title='bbox 1019 4130 1274 4194; x_wconf 90' lang='lat' dir='ltr'>autem</span> <span class='ocrx_word' id='word_1_182' title='bbox 1328 4118 1671 4218; x_wconf 87' lang='lat' dir='ltr'>loquaris</span> <span class='ocrx_word' id='word_1_183' title='bbox 1704 4121 1796 4196; x_wconf 90' lang='lat' dir='ltr'>de</span> <span class='ocrx_word' id='word_1_184' title='bbox 1851 4123 1989 4196; x_wconf 91' lang='lat' dir='ltr'>de-</span> 
     </span>
     <span class='ocr_line' id='line_1_36' title="bbox 444 4234 1991 4333; baseline 0.001 -24"><span class='ocrx_word' id='word_1_185' title='bbox 444 4235 820 4329; x_wconf 86' lang='lat' dir='ltr'>finitione,</span> <span class='ocrx_word' id='word_1_186' title='bbox 866 4244 1093 4333; x_wconf 89' lang='lat' dir='ltr'>prout</span> <span class='ocrx_word' id='word_1_187' title='bbox 1141 4234 1321 4308; x_wconf 91' lang='lat' dir='ltr'>dicit</span> <span class='ocrx_word' id='word_1_188' title='bbox 1382 4235 1753 4311; x_wconf 89' lang='lat' dir='ltr'>unitatem</span> <span class='ocrx_word' id='word_1_189' title='bbox 1815 4260 1991 4311; x_wconf 92' lang='lat' dir='ltr'>con-</span> 
     </span>
     <span class='ocr_line' id='line_1_37' title="bbox 444 4350 1990 4451; baseline 0 -24"><span class='ocrx_word' id='word_1_190' title='bbox 444 4362 710 4451; x_wconf 90' lang='lat' dir='ltr'>ceptus</span> <span class='ocrx_word' id='word_1_191' title='bbox 741 4350 1255 4450; x_wconf 84' lang='lat' dir='ltr'>quidditativi,</span> <span class='ocrx_word' id='word_1_192' title='bbox 1310 4350 1471 4425; x_wconf 91' lang='lat' dir='ltr'>sive</span> <span class='ocrx_word' id='word_1_193' title='bbox 1533 4375 1655 4425; x_wconf 89' lang='lat' dir='ltr'>res</span> <span class='ocrx_word' id='word_1_194' title='bbox 1687 4352 1990 4447; x_wconf 88' lang='lat' dir='ltr'>signata</span> 
     </span>
     <span class='ocr_line' id='line_1_38' title="bbox 443 4467 1988 4566; baseline -0.001 -21"><span class='ocrx_word' id='word_1_195' title='bbox 443 4470 540 4545; x_wconf 90' lang='lat' dir='ltr'>sit</span> <span class='ocrx_word' id='word_1_196' title='bbox 579 4470 655 4543; x_wconf 90' lang='lat' dir='ltr'>in</span> <span class='ocrx_word' id='word_1_197' title='bbox 690 4470 976 4561; x_wconf 88' lang='lat' dir='ltr'>anima,</span> <span class='ocrx_word' id='word_1_198' title='bbox 1021 4468 1184 4542; x_wconf 86' lang='lat' dir='ltr'>sive</span> <span class='ocrx_word' id='word_1_199' title='bbox 1218 4492 1404 4562; x_wconf 89' lang='lat' dir='ltr'>non,</span> <span class='ocrx_word' id='word_1_200' title='bbox 1440 4467 1550 4542; x_wconf 91' lang='lat' dir='ltr'>sic</span> <span class='ocrx_word' id='word_1_201' title='bbox 1578 4468 1747 4542; x_wconf 92' lang='lat' dir='ltr'>dico</span> <span class='ocrx_word' id='word_1_202' title='bbox 1782 4471 1988 4566; x_wconf 91' lang='lat' dir='ltr'>quod</span> 
     </span>
     <span class='ocr_line' id='line_1_39' title="bbox 443 4584 1989 4680; baseline -0.001 -19"><span class='ocrx_word' id='word_1_203' title='bbox 443 4587 1026 4661; x_wconf 87' lang='lat' dir='ltr'>Sacramentum</span> <span class='ocrx_word' id='word_1_204' title='bbox 1080 4585 1179 4658; x_wconf 91' lang='lat' dir='ltr'>sit</span> <span class='ocrx_word' id='word_1_205' title='bbox 1213 4585 1516 4680; x_wconf 72' lang='lat' dir='ltr'>siquam</span> <span class='ocrx_word' id='word_1_206' title='bbox 1573 4584 1989 4660; x_wconf 80' lang='lat' dir='ltr'>invisibilis</span> 
     </span>
     <span class='ocr_line' id='line_1_40' title="bbox 439 4700 1992 4801; baseline -0.001 -24"><span class='ocrx_word' id='word_1_207' title='bbox 439 4703 712 4801; x_wconf 61' lang='lat' dir='ltr'>qratia?</span> <span class='ocrx_word' id='word_1_208' title='bbox 753 4726 852 4777; x_wconf 66' lang='grc' dir='ltr'>θα)</span> <span class='ocrx_word' id='word_1_209' title='bbox 903 4701 1383 4775; x_wconf 75' lang='lat' dir='ltr'>institucione</span> <span class='ocrx_word' id='word_1_210' title='bbox 1414 4700 1682 4775; x_wconf 74' lang='lat' dir='ltr'>divina</span> <span class='ocrx_word' id='word_1_211' title='bbox 1718 4700 1992 4798; x_wconf 76' lang='lat' dir='ltr'>effica-</span> 
     </span>
     <span class='ocr_line' id='line_1_41' title="bbox 443 4816 1991 4913; baseline -0.001 -21"><span class='ocrx_word' id='word_1_212' title='bbox 443 4819 657 4912; x_wconf 85' lang='lat' dir='ltr'>citer,</span> <span class='ocrx_word' id='word_1_213' title='bbox 718 4817 846 4892; x_wconf 84' lang='lat' dir='ltr'>vel</span> <span class='ocrx_word' id='word_1_214' title='bbox 889 4816 1271 4891; x_wconf 79' lang='lat' dir='ltr'>veraciter</span> <span class='ocrx_word' id='word_1_215' title='bbox 1337 4839 1505 4889; x_wconf 85' lang='lat' dir='ltr'>eam</span> <span class='ocrx_word' id='word_1_216' title='bbox 1560 4839 1991 4913; x_wconf 75' lang='lat' dir='ltr'>repraesen-</span> 
     </span>
     <span class='ocr_line' id='line_1_42' title="bbox 442 4932 1992 5030; baseline -0.001 -22"><span class='ocrx_word' id='word_1_217' title='bbox 442 4941 637 5027; x_wconf 80' lang='lat' dir='ltr'>tans,</span> <span class='ocrx_word' id='word_1_218' title='bbox 685 4944 769 5008; x_wconf 89' lang='lat' dir='ltr'>ut</span> <span class='ocrx_word' id='word_1_219' title='bbox 817 4932 1128 5028; x_wconf 91' lang='lat' dir='ltr'>signum</span> <span class='ocrx_word' id='word_1_220' title='bbox 1174 4942 1506 5030; x_wconf 89' lang='lat' dir='ltr'>ponatur</span> <span class='ocrx_word' id='word_1_221' title='bbox 1545 4933 1712 5005; x_wconf 83' lang='lat' dir='ltr'>loco</span> <span class='ocrx_word' id='word_1_222' title='bbox 1754 4956 1992 5027; x_wconf 88' lang='lat' dir='ltr'>gene-</span> 
     </span>
     <span class='ocr_line' id='line_1_43' title="bbox 449 5047 1991 5145; baseline -0.001 -22"><span class='ocrx_word' id='word_1_223' title='bbox 449 5051 579 5142; x_wconf 78' lang='lat' dir='ltr'>riS,</span> <span class='ocrx_word' id='word_1_224' title='bbox 625 5047 1042 5123; x_wconf 75' lang='lat' dir='ltr'>invisibilis</span> <span class='ocrx_word' id='word_1_225' title='bbox 1094 5048 1395 5145; x_wconf 73' lang='lat' dir='ltr'>qratiae,</span> <span class='ocrx_word' id='word_1_226' title='bbox 1478 5048 1643 5121; x_wconf 94' lang='lat' dir='ltr'>loco</span> <span class='ocrx_word' id='word_1_227' title='bbox 1712 5048 1991 5145; x_wconf 89' lang='lat' dir='ltr'>signati</span> 
     </span>
     <span class='ocr_line' id='line_1_44' title="bbox 449 5164 1986 5258; baseline -0.001 -18"><span class='ocrx_word' id='word_1_228' title='bbox 449 5176 521 5240; x_wconf 92' lang='lat' dir='ltr'>et</span> <span class='ocrx_word' id='word_1_229' title='bbox 570 5164 1031 5258; x_wconf 82' lang='lat' dir='ltr'>correlativi,</span> <span class='ocrx_word' id='word_1_230' title='bbox 1105 5187 1204 5238; x_wconf 71' lang='lat' dir='ltr'>ea:</span> <span class='ocrx_word' id='word_1_231' title='bbox 1257 5164 1763 5258; x_wconf 75' lang='lat' dir='ltr'>institutione,</span> <span class='ocrx_word' id='word_1_232' title='bbox 1844 5175 1986 5239; x_wconf 77' lang='lat' dir='ltr'>etc,</span> 
     </span>
     <span class='ocr_line' id='line_1_45' title="bbox 452 5275 1719 5382; baseline -0.002 -26"><span class='ocrx_word' id='word_1_233' title='bbox 452 5283 761 5382; x_wconf 88' lang='lat' dir='ltr'>ponitur</span> <span class='ocrx_word' id='word_1_234' title='bbox 803 5284 970 5356; x_wconf 91' lang='lat' dir='ltr'>loco</span> <span class='ocrx_word' id='word_1_235' title='bbox 1012 5279 1642 5356; x_wconf 82' lang='lat' dir='ltr'>differentiarum.</span> <span class='ocrx_word' id='word_1_236' title='bbox 1712 5275 1719 5284; x_wconf 80' lang='grc'><em>“</em></span> 
     </span>
    </p>

    <p class='ocr_par' dir='ltr' id='par_1_4' title="bbox 455 5398 1997 5613">
     <span class='ocr_line' id='line_1_46' title="bbox 551 5398 1990 5497; baseline -0.001 -23"><span class='ocrx_word' id='word_1_237' title='bbox 551 5401 699 5476; x_wconf 90' lang='lat' dir='ltr'>Sed</span> <span class='ocrx_word' id='word_1_238' title='bbox 752 5425 926 5475; x_wconf 91' lang='lat' dir='ltr'>cum</span> <span class='ocrx_word' id='word_1_239' title='bbox 983 5398 1245 5474; x_wconf 88' lang='lat' dir='ltr'>relatio</span> <span class='ocrx_word' id='word_1_240' title='bbox 1297 5423 1450 5473; x_wconf 88' lang='lat' dir='ltr'>non</span> <span class='ocrx_word' id='word_1_241' title='bbox 1509 5399 1748 5497; x_wconf 89' lang='lat' dir='ltr'>possit</span> <span class='ocrx_word' id='word_1_242' title='bbox 1793 5422 1990 5493; x_wconf 90' lang='lat' dir='ltr'>esse,</span> 
     </span>
     <span class='ocr_line' id='line_1_47' title="bbox 455 5515 1997 5613; baseline 0 -23"><span class='ocrx_word' id='word_1_243' title='bbox 455 5516 605 5592; x_wconf 86' lang='lat' dir='ltr'>nisi</span> <span class='ocrx_word' id='word_1_244' title='bbox 639 5517 713 5590; x_wconf 93' lang='lat' dir='ltr'>in</span> <span class='ocrx_word' id='word_1_245' title='bbox 759 5516 1018 5613; x_wconf 91' lang='lat' dir='ltr'>aliquo</span> <span class='ocrx_word' id='word_1_246' title='bbox 1052 5515 1550 5590; x_wconf 82' lang='lat' dir='ltr'>fundamento</span> <span class='ocrx_word' id='word_1_247' title='bbox 1584 5515 1828 5609; x_wconf 80' lang='lat' dir='ltr'>finito,</span> <span class='ocrx_word' id='word_1_248' title='bbox 1866 5539 1997 5590; x_wconf 92' lang='lat' dir='ltr'>ca-</span> 
     </span>
    </p>
   </div>
   <div class='ocr_carea' id='block_1_4' title="bbox 458 5632 1999 5710">
    <p class='ocr_par' dir='ltr' id='par_1_5' title="bbox 458 5632 1999 5710">
     <span class='ocr_line' id='line_1_48' title="bbox 458 5632 1999 5710; baseline 0.001 -2"><span class='ocrx_word' id='word_1_249' title='bbox 458 5635 685 5710; x_wconf 87' lang='lat' dir='ltr'>detne</span> <span class='ocrx_word' id='word_1_250' title='bbox 721 5634 799 5707; x_wconf 91' lang='lat' dir='ltr'>in</span> <span class='ocrx_word' id='word_1_251' title='bbox 844 5632 1288 5710; x_wconf 82' lang='lat' dir='ltr'>definitione</span> <span class='ocrx_word' id='word_1_252' title='bbox 1322 5632 1797 5709; x_wconf 86' lang='lat' dir='ltr'>Sacramenti</span> <span class='ocrx_word' id='word_1_253' title='bbox 1832 5633 1999 5709; x_wconf 85' lang='lat' dir='ltr'>fini-</span> 
     </span>
    </p>
   </div>
   <div class='ocr_carea' id='block_1_5' title="bbox 3524 444 3652 517">
    <p class='ocr_par' dir='ltr' id='par_1_6' title="bbox 3524 444 3652 517">
     <span class='ocr_line' id='line_1_49' title="bbox 3524 444 3652 517; baseline 0.039 -7"><span class='ocrx_word' id='word_1_254' title='bbox 3524 444 3652 517; x_wconf 73' lang='lat'>549</span> 
     </span>
    </p>
   </div>
   <div class='ocr_carea' id='block_1_6' title="bbox 2099 613 3651 1527">
    <p class='ocr_par' dir='ltr' id='par_1_7' title="bbox 2099 613 3651 1527">
     <span class='ocr_line' id='line_1_50' title="bbox 2105 613 3651 705; baseline 0.001 -20"><span class='ocrx_word' id='word_1_255' title='bbox 2105 621 2299 705; x_wconf 89' lang='lat' dir='ltr'>tum,</span> <span class='ocrx_word' id='word_1_256' title='bbox 2344 613 2541 688; x_wconf 90' lang='lat' dir='ltr'>sicut</span> <span class='ocrx_word' id='word_1_257' title='bbox 2572 613 3114 689; x_wconf 87' lang='lat' dir='ltr'>correlativum</span> <span class='ocrx_word' id='word_1_258' title='bbox 3145 615 3186 686; x_wconf 66' lang='grc' dir='ltr'>’ἶ</span> <span class='ocrx_word' id='word_1_259' title='bbox 3217 617 3309 688; x_wconf 89' lang='lat' dir='ltr'>Et</span> <span class='ocrx_word' id='word_1_260' title='bbox 3345 614 3651 688; x_wconf 82' lang='lat' dir='ltr'>videtur</span> 
     </span>
     <span class='ocr_line' id='line_1_51' title="bbox 2106 730 3647 830; baseline 0.001 -29"><span class='ocrx_word' id='word_1_261' title='bbox 2106 730 2310 825; x_wconf 89' lang='lat' dir='ltr'>quod</span> <span class='ocrx_word' id='word_1_262' title='bbox 2393 755 2576 825; x_wconf 90' lang='lat' dir='ltr'>non,</span> <span class='ocrx_word' id='word_1_263' title='bbox 2647 732 2829 830; x_wconf 90' lang='lat' dir='ltr'>quia</span> <span class='ocrx_word' id='word_1_264' title='bbox 2898 732 3398 806; x_wconf 84' lang='lat' dir='ltr'>fundamenta</span> <span class='ocrx_word' id='word_1_265' title='bbox 3465 740 3647 806; x_wconf 88' lang='lat' dir='ltr'>sunt</span> 
     </span>
     <span class='ocr_line' id='line_1_52' title="bbox 2106 844 3649 944; baseline 0.003 -29"><span class='ocrx_word' id='word_1_266' title='bbox 2106 844 2503 917; x_wconf 83' lang='lat' dir='ltr'>sensibilia</span> <span class='ocrx_word' id='word_1_267' title='bbox 2581 846 2813 919; x_wconf 90' lang='lat' dir='ltr'>unius</span> <span class='ocrx_word' id='word_1_268' title='bbox 2890 869 3191 933; x_wconf 81' lang='lat' dir='ltr'>sensus,</span> <span class='ocrx_word' id='word_1_269' title='bbox 3262 848 3383 920; x_wconf 88' lang='lat' dir='ltr'>vel</span> <span class='ocrx_word' id='word_1_270' title='bbox 3471 846 3649 944; x_wconf 92' lang='lat' dir='ltr'>plu-</span> 
     </span>
     <span class='ocr_line' id='line_1_53' title="bbox 2106 961 3644 1062; baseline 0.001 -28"><span class='ocrx_word' id='word_1_271' title='bbox 2106 961 2302 1035; x_wconf 90' lang='lat' dir='ltr'>rium</span> <span class='ocrx_word' id='word_1_272' title='bbox 2342 990 2360 1057; x_wconf 84' lang='lat'>3</span> <span class='ocrx_word' id='word_1_273' title='bbox 2399 965 2753 1062; x_wconf 62' lang='lat' dir='ltr'>quendam</span> <span class='ocrx_word' id='word_1_274' title='bbox 2796 965 3219 1039; x_wconf 77' lang='lat' dir='ltr'>conformia</span> <span class='ocrx_word' id='word_1_275' title='bbox 3269 964 3644 1038; x_wconf 87' lang='lat' dir='ltr'>naturali-</span> 
     </span>
     <span class='ocr_line' id='line_1_54' title="bbox 2104 1078 3643 1180; baseline 0.003 -30"><span class='ocrx_word' id='word_1_276' title='bbox 2104 1086 2218 1152; x_wconf 87' lang='lat' dir='ltr'>ter</span> <span class='ocrx_word' id='word_1_277' title='bbox 2275 1078 2791 1176; x_wconf 81' lang='lat' dir='ltr'>signiticatis3</span> <span class='ocrx_word' id='word_1_278' title='bbox 2855 1083 3208 1179; x_wconf 81' lang='lat' dir='ltr'>quaedam</span> <span class='ocrx_word' id='word_1_279' title='bbox 3264 1082 3357 1156; x_wconf 90' lang='lat' dir='ltr'>ad</span> <span class='ocrx_word' id='word_1_280' title='bbox 3417 1081 3643 1180; x_wconf 91' lang='lat' dir='ltr'>placi-</span> 
     </span>
     <span class='ocr_line' id='line_1_55' title="bbox 2103 1198 3643 1295; baseline 0.003 -27"><span class='ocrx_word' id='word_1_281' title='bbox 2103 1204 2292 1286; x_wconf 85' lang='lat' dir='ltr'>tum,</span> <span class='ocrx_word' id='word_1_282' title='bbox 2336 1221 2512 1295; x_wconf 78' lang='lat' dir='ltr'>quoe</span> <span class='ocrx_word' id='word_1_283' title='bbox 2546 1221 2698 1272; x_wconf 88' lang='lat' dir='ltr'>non</span> <span class='ocrx_word' id='word_1_284' title='bbox 2734 1208 2914 1272; x_wconf 90' lang='lat' dir='ltr'>sunt</span> <span class='ocrx_word' id='word_1_285' title='bbox 2946 1198 3395 1293; x_wconf 78' lang='lat' dir='ltr'>conformia,</span> <span class='ocrx_word' id='word_1_286' title='bbox 3467 1221 3643 1295; x_wconf 80' lang='lat' dir='ltr'>quae</span> 
     </span>
     <span class='ocr_line' id='line_1_56' title="bbox 2102 1313 3646 1413; baseline 0.002 -27"><span class='ocrx_word' id='word_1_287' title='bbox 2102 1337 2257 1387; x_wconf 89' lang='lat' dir='ltr'>non</span> <span class='ocrx_word' id='word_1_288' title='bbox 2293 1313 2653 1389; x_wconf 84' lang='lat' dir='ltr'>videntur</span> <span class='ocrx_word' id='word_1_289' title='bbox 2693 1340 2917 1413; x_wconf 88' lang='lat' dir='ltr'>posse</span> <span class='ocrx_word' id='word_1_290' title='bbox 2950 1315 3222 1390; x_wconf 87' lang='lat' dir='ltr'>cadere</span> <span class='ocrx_word' id='word_1_291' title='bbox 3268 1315 3346 1389; x_wconf 91' lang='lat' dir='ltr'>in</span> <span class='ocrx_word' id='word_1_292' title='bbox 3381 1315 3646 1390; x_wconf 87' lang='lat' dir='ltr'>defini·</span> 
     </span>
     <span class='ocr_line' id='line_1_57' title="bbox 2099 1429 2971 1527; baseline 0.001 -25"><span class='ocrx_word' id='word_1_293' title='bbox 2099 1429 2308 1504; x_wconf 88' lang='lat' dir='ltr'>tione</span> <span class='ocrx_word' id='word_1_294' title='bbox 2350 1430 2679 1527; x_wconf 86' lang='lat' dir='ltr'>alicujus</span> <span class='ocrx_word' id='word_1_295' title='bbox 2715 1432 2971 1506; x_wconf 84' lang='lat' dir='ltr'>uuiuS.</span> 
     </span>
    </p>
   </div>
   <div class='ocr_carea' id='block_1_7' title="bbox 2090 1547 3986 4449">
    <p class='ocr_par' dir='ltr' id='par_1_8' title="bbox 2090 1547 3975 3978">
     <span class='ocr_line' id='line_1_58' title="bbox 2200 1547 3645 1646; baseline 0.002 -26"><span class='ocrx_word' id='word_1_296' title='bbox 2200 1547 2680 1644; x_wconf 87' lang='lat' dir='ltr'>Respondeo,</span> <span class='ocrx_word' id='word_1_297' title='bbox 2716 1559 2788 1622; x_wconf 89' lang='lat' dir='ltr'>et</span> <span class='ocrx_word' id='word_1_298' title='bbox 2820 1548 2989 1622; x_wconf 91' lang='lat' dir='ltr'>dico</span> <span class='ocrx_word' id='word_1_299' title='bbox 3021 1549 3225 1646; x_wconf 87' lang='lat' dir='ltr'>quod</span> <span class='ocrx_word' id='word_1_300' title='bbox 3259 1573 3304 1623; x_wconf 92' lang='lat' dir='ltr'>a</span> <span class='ocrx_word' id='word_1_301' title='bbox 3363 1549 3645 1623; x_wconf 81' lang='lat' dir='ltr'>funda-</span> 
     </span>
     <span class='ocr_line' id='line_1_59' title="bbox 2100 1659 3646 1758; baseline 0.002 -26"><span class='ocrx_word' id='word_1_302' title='bbox 2100 1659 2382 1734; x_wconf 91' lang='lat' dir='ltr'>mentis</span> <span class='ocrx_word' id='word_1_303' title='bbox 2441 1661 2906 1758; x_wconf 88' lang='lat' dir='ltr'>specialibus</span> <span class='ocrx_word' id='word_1_304' title='bbox 2946 1662 3295 1734; x_wconf 89' lang='lat' dir='ltr'>omnium</span> <span class='ocrx_word' id='word_1_305' title='bbox 3349 1661 3646 1736; x_wconf 89' lang='lat' dir='ltr'>relatio-</span> 
     </span>
     <span class='ocr_line' id='line_1_60' title="bbox 2101 1777 3648 1877; baseline 0.003 -27"><span class='ocrx_word' id='word_1_306' title='bbox 2101 1801 2287 1850; x_wconf 91' lang='lat' dir='ltr'>num</span> <span class='ocrx_word' id='word_1_307' title='bbox 2325 1777 3030 1868; x_wconf 87' lang='lat' dir='ltr'>Sacramentorum,</span> <span class='ocrx_word' id='word_1_308' title='bbox 3073 1787 3152 1851; x_wconf 93' lang='lat' dir='ltr'>ut</span> <span class='ocrx_word' id='word_1_309' title='bbox 3204 1779 3298 1852; x_wconf 91' lang='lat' dir='ltr'>ab</span> <span class='ocrx_word' id='word_1_310' title='bbox 3332 1802 3534 1877; x_wconf 90' lang='lat' dir='ltr'>aqua</span> <span class='ocrx_word' id='word_1_311' title='bbox 3574 1789 3648 1854; x_wconf 90' lang='lat' dir='ltr'>et</span> 
     </span>
     <span class='ocr_line' id='line_1_61' title="bbox 2101 1887 3655 1995; baseline 0.003 -26"><span class='ocrx_word' id='word_1_312' title='bbox 2101 1897 2302 1987; x_wconf 88' lang='lat' dir='ltr'>ole0,</span> <span class='ocrx_word' id='word_1_313' title='bbox 2351 1905 2425 1968; x_wconf 90' lang='lat' dir='ltr'>et</span> <span class='ocrx_word' id='word_1_314' title='bbox 2463 1887 2742 1990; x_wconf 80' lang='lat' dir='ltr'>verbO,</span> <span class='ocrx_word' id='word_1_315' title='bbox 2775 1905 2850 1971; x_wconf 88' lang='lat' dir='ltr'>et</span> <span class='ocrx_word' id='word_1_316' title='bbox 2889 1897 3361 1992; x_wconf 81' lang='lat' dir='ltr'>hujusmodi,</span> <span class='ocrx_word' id='word_1_317' title='bbox 3400 1907 3655 1995; x_wconf 86' lang='lat' dir='ltr'>potest</span> 
     </span>
     <span class='ocr_line' id='line_1_62' title="bbox 2100 2012 3653 2110; baseline 0.001 -24"><span class='ocrx_word' id='word_1_318' title='bbox 2100 2012 2440 2086; x_wconf 79' lang='lat' dir='ltr'>abstrahi</span> <span class='ocrx_word' id='word_1_319' title='bbox 2506 2037 2740 2086; x_wconf 90' lang='lat' dir='ltr'>unum</span> <span class='ocrx_word' id='word_1_320' title='bbox 2788 2036 3227 2107; x_wconf 88' lang='lat' dir='ltr'>commune,</span> <span class='ocrx_word' id='word_1_321' title='bbox 3287 2015 3492 2110; x_wconf 88' lang='lat' dir='ltr'>quod</span> <span class='ocrx_word' id='word_1_322' title='bbox 3540 2024 3653 2088; x_wconf 90' lang='lat' dir='ltr'>est</span> 
     </span>
     <span class='ocr_line' id='line_1_63' title="bbox 2103 2128 3650 2205; baseline 0.001 -2"><span class='ocrx_word' id='word_1_323' title='bbox 2103 2128 2467 2203; x_wconf 88' lang='lat' dir='ltr'>sensibile</span> <span class='ocrx_word' id='word_1_324' title='bbox 2537 2130 2769 2204; x_wconf 90' lang='lat' dir='ltr'>unius</span> <span class='ocrx_word' id='word_1_325' title='bbox 2848 2130 3167 2204; x_wconf 89' lang='lat' dir='ltr'>rationis</span> <span class='ocrx_word' id='word_1_326' title='bbox 3234 2131 3327 2205; x_wconf 91' lang='lat' dir='ltr'>ad</span> <span class='ocrx_word' id='word_1_327' title='bbox 3388 2131 3650 2204; x_wconf 90' lang='lat' dir='ltr'>omnia</span> 
     </span>
     <span class='ocr_line' id='line_1_64' title="bbox 2102 2244 3640 2343; baseline 0.002 -26"><span class='ocrx_word' id='word_1_328' title='bbox 2102 2244 2600 2320; x_wconf 86' lang='lat' dir='ltr'>fundamenta</span> <span class='ocrx_word' id='word_1_329' title='bbox 2633 2246 3030 2343; x_wconf 86' lang='lat' dir='ltr'>specialia,</span> <span class='ocrx_word' id='word_1_330' title='bbox 3070 2254 3151 2321; x_wconf 89' lang='lat' dir='ltr'>ut</span> <span class='ocrx_word' id='word_1_331' title='bbox 3191 2246 3283 2319; x_wconf 93' lang='lat' dir='ltr'>ad</span> <span class='ocrx_word' id='word_1_332' title='bbox 3311 2246 3640 2341; x_wconf 88' lang='lat' dir='ltr'>visibile,</span> 
     </span>
     <span class='ocr_line' id='line_1_65' title="bbox 2100 2361 3646 2459; baseline -0.001 -23"><span class='ocrx_word' id='word_1_333' title='bbox 2100 2361 2464 2454; x_wconf 89' lang='lat' dir='ltr'>audibile,</span> <span class='ocrx_word' id='word_1_334' title='bbox 2509 2362 2907 2459; x_wconf 77' lang='lat' dir='ltr'>tangibile,</span> <span class='ocrx_word' id='word_1_335' title='bbox 2964 2372 3038 2437; x_wconf 87' lang='lat' dir='ltr'>et</span> <span class='ocrx_word' id='word_1_336' title='bbox 3092 2362 3372 2443; x_wconf 85' lang='lat' dir='ltr'>similia</span> <span class='ocrx_word' id='word_1_337' title='bbox 3404 2390 3421 2456; x_wconf 91' lang='lat'>;</span> <span class='ocrx_word' id='word_1_338' title='bbox 3459 2373 3532 2438; x_wconf 90' lang='lat' dir='ltr'>et</span> <span class='ocrx_word' id='word_1_339' title='bbox 3573 2364 3646 2436; x_wconf 92' lang='lat' dir='ltr'>id</span> 
     </span>
     <span class='ocr_line' id='line_1_66' title="bbox 2100 2479 3646 2577; baseline -0.001 -23"><span class='ocrx_word' id='word_1_340' title='bbox 2100 2502 2517 2554; x_wconf 89' lang='lat' dir='ltr'>commune</span> <span class='ocrx_word' id='word_1_341' title='bbox 2572 2479 2937 2554; x_wconf 85' lang='lat' dir='ltr'>omnibus</span> <span class='ocrx_word' id='word_1_342' title='bbox 2973 2490 3216 2577; x_wconf 90' lang='lat' dir='ltr'>potest</span> <span class='ocrx_word' id='word_1_343' title='bbox 3259 2481 3528 2554; x_wconf 86' lang='lat' dir='ltr'>cadere</span> <span class='ocrx_word' id='word_1_344' title='bbox 3572 2480 3646 2552; x_wconf 91' lang='lat' dir='ltr'>in</span> 
     </span>
     <span class='ocr_line' id='line_1_67' title="bbox 2099 2593 3644 2690; baseline -0.001 -20"><span class='ocrx_word' id='word_1_345' title='bbox 2099 2593 2559 2670; x_wconf 82' lang='lat' dir='ltr'>definitione</span> <span class='ocrx_word' id='word_1_346' title='bbox 2637 2596 3142 2690; x_wconf 78' lang='lat' dir='ltr'>Sacranienti,</span> <span class='ocrx_word' id='word_1_347' title='bbox 3196 2597 3644 2671; x_wconf 88' lang='lat' dir='ltr'>utadditum</span> 
     </span>
     <span class='ocr_line' id='line_1_68' title="bbox 2104 2714 3651 2800; baseline -0.001 -13"><span class='ocrx_word' id='word_1_348' title='bbox 2104 2735 2548 2788; x_wconf 89' lang='lat' dir='ltr'>commune.</span> <span class='ocrx_word' id='word_1_349' title='bbox 2595 2714 2891 2788; x_wconf 86' lang='lat' dir='ltr'>Relatio</span> <span class='ocrx_word' id='word_1_350' title='bbox 2933 2714 3167 2800; x_wconf 88' lang='lat' dir='ltr'>enim,</span> <span class='ocrx_word' id='word_1_351' title='bbox 3220 2714 3651 2788; x_wconf 89' lang='lat' dir='ltr'>sicutacci-</span> 
     </span>
     <span class='ocr_line' id='line_1_69' title="bbox 2100 2829 3652 2928; baseline 0 -24"><span class='ocrx_word' id='word_1_352' title='bbox 2100 2829 2365 2904; x_wconf 89' lang='lat' dir='ltr'>dentia</span> <span class='ocrx_word' id='word_1_353' title='bbox 2406 2830 2696 2927; x_wconf 89' lang='lat' dir='ltr'>aliqua,</span> <span class='ocrx_word' id='word_1_354' title='bbox 2759 2829 3124 2904; x_wconf 83' lang='lat' dir='ltr'>desinitur</span> <span class='ocrx_word' id='word_1_355' title='bbox 3190 2854 3328 2928; x_wconf 89' lang='lat' dir='ltr'>per</span> <span class='ocrx_word' id='word_1_356' title='bbox 3367 2831 3652 2904; x_wconf 90' lang='lat' dir='ltr'>addita-</span> 
     </span>
     <span class='ocr_line' id='line_1_70' title="bbox 2100 2946 3650 3044; baseline 0.001 -25"><span class='ocrx_word' id='word_1_357' title='bbox 2100 2955 2475 3040; x_wconf 89' lang='lat' dir='ltr'>mentum,</span> <span class='ocrx_word' id='word_1_358' title='bbox 2511 2955 2586 3020; x_wconf 86' lang='lat' dir='ltr'>et</span> <span class='ocrx_word' id='word_1_359' title='bbox 2639 2970 2775 3044; x_wconf 92' lang='lat' dir='ltr'>per</span> <span class='ocrx_word' id='word_1_360' title='bbox 2850 2946 3132 3044; x_wconf 84' lang='lat' dir='ltr'>duplex</span> <span class='ocrx_word' id='word_1_361' title='bbox 3172 2947 3650 3022; x_wconf 90' lang='lat' dir='ltr'>additamen-</span> 
     </span>
     <span class='ocr_line' id='line_1_71' title="bbox 2096 3060 3645 3162; baseline -0.001 -24"><span class='ocrx_word' id='word_1_362' title='bbox 2096 3074 2289 3157; x_wconf 90' lang='lat' dir='ltr'>tum,</span> <span class='ocrx_word' id='word_1_363' title='bbox 2336 3065 2540 3162; x_wconf 90' lang='lat' dir='ltr'>quod</span> <span class='ocrx_word' id='word_1_364' title='bbox 2585 3089 2734 3138; x_wconf 91' lang='lat' dir='ltr'>non</span> <span class='ocrx_word' id='word_1_365' title='bbox 2787 3065 3148 3139; x_wconf 87' lang='lat' dir='ltr'>convenit</span> <span class='ocrx_word' id='word_1_366' title='bbox 3188 3065 3386 3146; x_wconf 78' lang='lat' dir='ltr'>aliis.</span> <span class='ocrx_word' id='word_1_367' title='bbox 3448 3060 3645 3140; x_wconf 86' lang='lat' dir='ltr'>sicut</span> 
     </span>
     <span class='ocr_line' id='line_1_72' title="bbox 2094 3184 3644 3283; baseline 0.001 -26"><span class='ocrx_word' id='word_1_368' title='bbox 2094 3207 2235 3282; x_wconf 89' lang='lat' dir='ltr'>per</span> <span class='ocrx_word' id='word_1_369' title='bbox 2286 3184 2900 3270; x_wconf 83' lang='lat' dir='ltr'>fundamentum,</span> <span class='ocrx_word' id='word_1_370' title='bbox 2938 3185 3133 3258; x_wconf 91' lang='lat' dir='ltr'>sicut</span> <span class='ocrx_word' id='word_1_371' title='bbox 3166 3208 3303 3283; x_wconf 92' lang='grc' dir='ltr'>ρει·</span> <span class='ocrx_word' id='word_1_372' title='bbox 3350 3185 3644 3281; x_wconf 76' lang='lat' dir='ltr'>subJec-</span> 
     </span>
     <span class='ocr_line' id='line_1_73' title="bbox 2094 3300 3639 3398; baseline 0.002 -26"><span class='ocrx_word' id='word_1_373' title='bbox 2094 3306 2260 3373; x_wconf 90' lang='lat' dir='ltr'>tum</span> <span class='ocrx_word' id='word_1_374' title='bbox 2293 3325 2310 3386; x_wconf 88' lang='lat'>;</span> <span class='ocrx_word' id='word_1_375' title='bbox 2348 3308 2423 3373; x_wconf 88' lang='lat' dir='ltr'>et</span> <span class='ocrx_word' id='word_1_376' title='bbox 2453 3309 2734 3396; x_wconf 83' lang='lat' dir='ltr'>praeter</span> <span class='ocrx_word' id='word_1_377' title='bbox 2764 3301 2909 3374; x_wconf 90' lang='lat' dir='ltr'>hoc</span> <span class='ocrx_word' id='word_1_378' title='bbox 2941 3300 3169 3374; x_wconf 91' lang='lat' dir='ltr'>etiam</span> <span class='ocrx_word' id='word_1_379' title='bbox 3213 3323 3348 3398; x_wconf 89' lang='lat' dir='ltr'>per</span> <span class='ocrx_word' id='word_1_380' title='bbox 3389 3324 3639 3375; x_wconf 89' lang='lat' dir='ltr'>corre-</span> 
     </span>
     <span class='ocr_line' id='line_1_74' title="bbox 2094 3416 3630 3514; baseline -0.002 -22"><span class='ocrx_word' id='word_1_381' title='bbox 2094 3417 2445 3509; x_wconf 89' lang='lat' dir='ltr'>lativum,</span> <span class='ocrx_word' id='word_1_382' title='bbox 2483 3416 3189 3514; x_wconf 82' lang='lat' dir='ltr'>utperterminum‚</span> <span class='ocrx_word' id='word_1_383' title='bbox 3219 3417 3440 3512; x_wconf 89' lang='lat' dir='ltr'>cujus</span> <span class='ocrx_word' id='word_1_384' title='bbox 3473 3429 3630 3510; x_wconf 83' lang='lat' dir='ltr'>est3</span> 
     </span>
     <span class='ocr_line' id='line_1_75' title="bbox 2093 3531 3970 3651; baseline 0 -45"><span class='ocrx_word' id='word_1_385' title='bbox 2093 3540 2170 3606; x_wconf 87' lang='lat' dir='ltr'>et</span> <span class='ocrx_word' id='word_1_386' title='bbox 2208 3541 2388 3605; x_wconf 87' lang='lat' dir='ltr'>tunc</span> <span class='ocrx_word' id='word_1_387' title='bbox 2422 3540 2670 3628; x_wconf 89' lang='lat' dir='ltr'>potest</span> <span class='ocrx_word' id='word_1_388' title='bbox 2718 3531 2826 3605; x_wconf 90' lang='lat' dir='ltr'>sic</span> <span class='ocrx_word' id='word_1_389' title='bbox 2895 3531 3227 3617; x_wconf 77' lang='lat' dir='ltr'>definiri,</span> <span class='ocrx_word' id='word_1_390' title='bbox 3290 3532 3497 3629; x_wconf 89' lang='lat' dir='ltr'>quod</span> <span class='ocrx_word' id='word_1_391' title='bbox 3529 3540 3638 3606; x_wconf 80' lang='lat' dir='ltr'>est</span> <span class='ocrx_word' id='word_1_392' title='bbox 3665 3539 3970 3651; x_wconf 60' lang='lat' dir='ltr'>,Sffiffifg</span> 
     </span>
     <span class='ocr_line' id='line_1_76' title="bbox 2090 3640 3975 3746; baseline 0.001 -24"><span class='ocrx_word' id='word_1_393' title='bbox 2090 3647 2397 3744; x_wconf 72' lang='lat' dir='ltr'>siqnum</span> <span class='ocrx_word' id='word_1_394' title='bbox 2454 3646 2815 3721; x_wconf 76' lang='lat' dir='ltr'>sensibile</span> <span class='ocrx_word' id='word_1_395' title='bbox 2882 3647 3296 3722; x_wconf 82' lang='lat' dir='ltr'>invisibilis</span> <span class='ocrx_word' id='word_1_396' title='bbox 3357 3650 3633 3746; x_wconf 73' lang='lat' dir='ltr'>qratz&#39;ae</span> <span class='ocrx_word' id='word_1_397' title='bbox 3963 3640 3975 3652; x_wconf 74' lang='grc'><strong>”</strong></span> 
     </span>
     <span class='ocr_line' id='line_1_77' title="bbox 2095 3763 3638 3839; baseline 0.001 -2"><span class='ocrx_word' id='word_1_398' title='bbox 2095 3786 2194 3837; x_wconf 75' lang='lat' dir='ltr'>eoe</span> <span class='ocrx_word' id='word_1_399' title='bbox 2232 3763 2708 3838; x_wconf 71' lang='lat' dir='ltr'>institutione</span> <span class='ocrx_word' id='word_1_400' title='bbox 2751 3765 3124 3839; x_wconf 73' lang='lat' dir='ltr'>veraciter</span> <span class='ocrx_word' id='word_1_401' title='bbox 3180 3771 3253 3838; x_wconf 85' lang='lat' dir='ltr'>et</span> <span class='ocrx_word' id='word_1_402' title='bbox 3298 3764 3638 3838; x_wconf 78' lang='lat' dir='ltr'>demons-</span> 
     </span>
     <span class='ocr_line' id='line_1_78' title="bbox 2094 3881 3107 3978; baseline -0.002 -22"><span class='ocrx_word' id='word_1_403' title='bbox 2094 3881 2367 3956; x_wconf 80' lang='lat' dir='ltr'>trative</span> <span class='ocrx_word' id='word_1_404' title='bbox 2404 3881 2734 3978; x_wconf 73' lang='lat' dir='ltr'>qratiam</span> <span class='ocrx_word' id='word_1_405' title='bbox 2766 3882 3107 3978; x_wconf 71' lang='lat' dir='ltr'>siqnans.</span> 
     </span>
    </p>

    <p class='ocr_par' dir='ltr' id='par_1_9' title="bbox 2095 3997 3986 4449">
     <span class='ocr_line' id='line_1_79' title="bbox 2195 3997 3863 4098; baseline 0.002 -27"><span class='ocrx_word' id='word_1_406' title='bbox 2195 3998 2307 4072; x_wconf 91' lang='lat' dir='ltr'>De</span> <span class='ocrx_word' id='word_1_407' title='bbox 2343 3997 2561 4071; x_wconf 87' lang='lat' dir='ltr'>tertio</span> <span class='ocrx_word' id='word_1_408' title='bbox 2609 3998 2960 4087; x_wconf 86' lang='lat' dir='ltr'>articu10‚</span> <span class='ocrx_word' id='word_1_409' title='bbox 3006 4022 3100 4072; x_wconf 90' lang='lat' dir='ltr'>an</span> <span class='ocrx_word' id='word_1_410' title='bbox 3138 4000 3427 4074; x_wconf 87' lang='lat' dir='ltr'>scilicet</span> <span class='ocrx_word' id='word_1_411' title='bbox 3469 4003 3634 4074; x_wconf 81' lang='lat' dir='ltr'>haec</span> <span class='ocrx_word' id='word_1_412' title='bbox 3799 4033 3863 4098; x_wconf 60' lang='lat'>9,</span> 
     </span>
     <span class='ocr_line' id='line_1_80' title="bbox 2095 4112 3965 4212; baseline 0.003 -24"><span class='ocrx_word' id='word_1_413' title='bbox 2095 4112 2440 4188; x_wconf 87' lang='lat' dir='ltr'>definitio</span> <span class='ocrx_word' id='word_1_414' title='bbox 2527 4114 2636 4188; x_wconf 90' lang='lat' dir='ltr'>sic</span> <span class='ocrx_word' id='word_1_415' title='bbox 2715 4116 3115 4212; x_wconf 89' lang='lat' dir='ltr'>completa,</span> <span class='ocrx_word' id='word_1_416' title='bbox 3207 4117 3303 4189; x_wconf 87' lang='lat' dir='ltr'>sit</span> <span class='ocrx_word' id='word_1_417' title='bbox 3369 4117 3632 4191; x_wconf 88' lang='lat' dir='ltr'>eadem</span> <span class='ocrx_word' id='word_1_418' title='bbox 3693 4146 3965 4196; x_wconf 64' lang='lat' dir='ltr'>Articulum</span> 
     </span>
     <span class='ocr_line' id='line_1_81' title="bbox 2096 4213 3971 4334; baseline 0 -28"><span class='ocrx_word' id='word_1_419' title='bbox 2096 4255 2272 4306; x_wconf 80' lang='lat' dir='ltr'>cum</span> <span class='ocrx_word' id='word_1_420' title='bbox 2353 4229 2798 4306; x_wconf 76' lang='lat' dir='ltr'>definitione</span> <span class='ocrx_word' id='word_1_421' title='bbox 2871 4233 3024 4318; x_wconf 74' lang='lat' dir='ltr'>ina,</span> <span class='ocrx_word' id='word_1_422' title='bbox 3098 4257 3252 4329; x_wconf 77' lang='lat' dir='ltr'>qua</span> <span class='ocrx_word' id='word_1_423' title='bbox 3328 4213 3971 4334; x_wconf 59' lang='lat' dir='ltr'>dicitu1·‚ss,„„{2„„,</span> 
     </span>
     <span class='ocr_line' id='line_1_82' title="bbox 2097 4335 3986 4449; baseline 0.001 -27"><span class='ocrx_word' id='word_1_424' title='bbox 2097 4349 2302 4447; x_wconf 90' lang='lat' dir='ltr'>quod</span> <span class='ocrx_word' id='word_1_425' title='bbox 2346 4356 2454 4422; x_wconf 80' lang='lat' dir='ltr'>est</span> <span class='ocrx_word' id='word_1_426' title='bbox 2501 4347 2915 4422; x_wconf 78' lang='lat' dir='ltr'>invisibilis</span> <span class='ocrx_word' id='word_1_427' title='bbox 2968 4351 3241 4445; x_wconf 66' lang='lat' dir='ltr'>qratiae</span> <span class='ocrx_word' id='word_1_428' title='bbox 3309 4350 3638 4425; x_wconf 81' lang='lat' dir='ltr'>visibilis</span> <span class='ocrx_word' id='word_1_429' title='bbox 3667 4335 3986 4449; x_wconf 57' lang='lat' dir='ltr'>S}§?„⁰J,‘{g,</span> 
     </span>
    </p>
   </div>
   <div class='ocr_carea' id='block_1_8' title="bbox 2095 4461 3991 5739">
    <p class='ocr_par' dir='ltr' id='par_1_10' title="bbox 2095 4461 3991 5739">
     <span class='ocr_line' id='line_1_83' title="bbox 2095 4461 3991 4588; baseline 0.002 -49"><span class='ocrx_word' id='word_1_430' title='bbox 2095 4466 2381 4562; x_wconf 82' lang='lat' dir='ltr'>forma,</span> <span class='ocrx_word' id='word_1_431' title='bbox 2473 4466 2640 4539; x_wconf 88' lang='lat' dir='ltr'>dico</span> <span class='ocrx_word' id='word_1_432' title='bbox 2721 4466 2923 4561; x_wconf 90' lang='lat' dir='ltr'>quod</span> <span class='ocrx_word' id='word_1_433' title='bbox 2993 4467 3053 4540; x_wconf 88' lang='lat' dir='ltr'>si</span> <span class='ocrx_word' id='word_1_434' title='bbox 3132 4470 3639 4567; x_wconf 86' lang='lat' dir='ltr'>suppleantur</span> <span class='ocrx_word' id='word_1_435' title='bbox 3669 4461 3991 4588; x_wconf 49' lang='lat' dir='ltr'>¹{52fgi‘2ff2f</span> 
     </span>
     <span class='ocr_line' id='line_1_84' title="bbox 2100 4579 3642 4679; baseline 0.003 -25"><span class='ocrx_word' id='word_1_436' title='bbox 2100 4579 2548 4654; x_wconf 58' lang='lat' dir='ltr'>differentiae</span> <span class='ocrx_word' id='word_1_437' title='bbox 2599 4582 3014 4677; x_wconf 76' lang='lat' dir='ltr'>praedictae,</span> <span class='ocrx_word' id='word_1_438' title='bbox 3089 4584 3291 4679; x_wconf 86' lang='lat' dir='ltr'>quod</span> <span class='ocrx_word' id='word_1_439' title='bbox 3353 4595 3467 4658; x_wconf 88' lang='lat' dir='ltr'>est</span> <span class='ocrx_word' id='word_1_440' title='bbox 3525 4609 3642 4658; x_wconf 88' lang='lat' dir='ltr'>ea-</span> 
     </span>
     <span class='ocr_line' id='line_1_85' title="bbox 2100 4698 3643 4800; baseline 0.003 -30"><span class='ocrx_word' id='word_1_441' title='bbox 2100 4698 2302 4786; x_wconf 84' lang='lat' dir='ltr'>dem,</span> <span class='ocrx_word' id='word_1_442' title='bbox 2332 4699 2553 4771; x_wconf 88' lang='lat' dir='ltr'>aliter</span> <span class='ocrx_word' id='word_1_443' title='bbox 2584 4722 2766 4771; x_wconf 90' lang='lat' dir='ltr'>non.</span> <span class='ocrx_word' id='word_1_444' title='bbox 2807 4700 2994 4772; x_wconf 85' lang='lat' dir='ltr'>Cum</span> <span class='ocrx_word' id='word_1_445' title='bbox 3032 4701 3235 4773; x_wconf 86' lang='lat' dir='ltr'>enim</span> <span class='ocrx_word' id='word_1_446' title='bbox 3271 4704 3643 4800; x_wconf 83' lang='lat' dir='ltr'>accipitur</span> 
     </span>
     <span class='ocr_line' id='line_1_86' title="bbox 2103 4814 3648 4913; baseline 0.005 -26"><span class='ocrx_word' id='word_1_447' title='bbox 2103 4815 2177 4887; x_wconf 93' lang='lat' dir='ltr'>in</span> <span class='ocrx_word' id='word_1_448' title='bbox 2225 4816 2353 4887; x_wconf 88' lang='lat' dir='ltr'>itta</span> <span class='ocrx_word' id='word_1_449' title='bbox 2399 4814 2871 4902; x_wconf 81' lang='lat' dir='ltr'>definitione,</span> <span class='ocrx_word' id='word_1_450' title='bbox 2911 4818 3114 4913; x_wconf 86' lang='lat' dir='ltr'>quod</span> <span class='ocrx_word' id='word_1_451' title='bbox 3192 4819 3648 4895; x_wconf 89' lang='lat' dir='ltr'>Sacramen-</span> 
     </span>
     <span class='ocr_line' id='line_1_87' title="bbox 2099 4931 3646 5032; baseline 0.005 -29"><span class='ocrx_word' id='word_1_452' title='bbox 2099 4940 2260 5004; x_wconf 88' lang='lat' dir='ltr'>tum</span> <span class='ocrx_word' id='word_1_453' title='bbox 2305 4941 2418 5004; x_wconf 88' lang='lat' dir='ltr'>est</span> <span class='ocrx_word' id='word_1_454' title='bbox 2449 4931 2776 5005; x_wconf 78' lang='lat' dir='ltr'>visibilis</span> <span class='ocrx_word' id='word_1_455' title='bbox 2815 4933 3123 5030; x_wconf 74' lang='lat' dir='ltr'>sormcz3</span> <span class='ocrx_word' id='word_1_456' title='bbox 3179 4937 3437 5032; x_wconf 76' lang='lat' dir='ltr'>forma</span> <span class='ocrx_word' id='word_1_457' title='bbox 3491 4963 3646 5011; x_wconf 90' lang='lat' dir='ltr'>non</span> 
     </span>
     <span class='ocr_line' id='line_1_88' title="bbox 2103 5047 3648 5145; baseline 0.005 -24"><span class='ocrx_word' id='word_1_458' title='bbox 2103 5047 2476 5144; x_wconf 88' lang='lat' dir='ltr'>accipitur</span> <span class='ocrx_word' id='word_1_459' title='bbox 2517 5048 2618 5120; x_wconf 89' lang='lat' dir='ltr'>ibi</span> <span class='ocrx_word' id='word_1_460' title='bbox 2665 5072 2799 5145; x_wconf 88' lang='lat' dir='ltr'>pro</span> <span class='ocrx_word' id='word_1_461' title='bbox 2871 5050 3112 5123; x_wconf 80' lang='lat' dir='ltr'>forma</span> <span class='ocrx_word' id='word_1_462' title='bbox 3189 5051 3648 5128; x_wconf 82' lang='lat' dir='ltr'>informante</span> 
     </span>
     <span class='ocr_line' id='line_1_89' title="bbox 2104 5166 3647 5269; baseline 0.005 -30"><span class='ocrx_word' id='word_1_463' title='bbox 2104 5175 2179 5239; x_wconf 89' lang='lat' dir='ltr'>et</span> <span class='ocrx_word' id='word_1_464' title='bbox 2219 5174 2430 5262; x_wconf 91' lang='lat' dir='ltr'>parte</span> <span class='ocrx_word' id='word_1_465' title='bbox 2463 5166 2853 5240; x_wconf 85' lang='lat' dir='ltr'>essentiali</span> <span class='ocrx_word' id='word_1_466' title='bbox 2880 5169 3306 5265; x_wconf 82' lang='lat' dir='ltr'>compositi,</span> <span class='ocrx_word' id='word_1_467' title='bbox 3345 5171 3477 5245; x_wconf 85' lang='lat' dir='ltr'>sed</span> <span class='ocrx_word' id='word_1_468' title='bbox 3512 5198 3647 5269; x_wconf 91' lang='lat' dir='ltr'>pro</span> 
     </span>
     <span class='ocr_line' id='line_1_90' title="bbox 2107 5284 3648 5374; baseline 0.005 -19"><span class='ocrx_word' id='word_1_469' title='bbox 2107 5284 2348 5356; x_wconf 85' lang='lat' dir='ltr'>forma</span> <span class='ocrx_word' id='word_1_470' title='bbox 2395 5284 2829 5358; x_wconf 86' lang='lat' dir='ltr'>declarante</span> <span class='ocrx_word' id='word_1_471' title='bbox 2865 5293 2937 5359; x_wconf 89' lang='lat' dir='ltr'>et</span> <span class='ocrx_word' id='word_1_472' title='bbox 2986 5285 3356 5374; x_wconf 85' lang='lat' dir='ltr'>imitante,</span> <span class='ocrx_word' id='word_1_473' title='bbox 3437 5297 3510 5361; x_wconf 90' lang='lat' dir='ltr'>et</span> <span class='ocrx_word' id='word_1_474' title='bbox 3541 5289 3648 5362; x_wconf 92' lang='lat' dir='ltr'>sic</span> 
     </span>
     <span class='ocr_line' id='line_1_91' title="bbox 2107 5398 3647 5497; baseline 0.004 -25"><span class='ocrx_word' id='word_1_475' title='bbox 2107 5398 2481 5495; x_wconf 88' lang='lat' dir='ltr'>accipitur</span> <span class='ocrx_word' id='word_1_476' title='bbox 2522 5399 2622 5473; x_wconf 90' lang='lat' dir='ltr'>ibi</span> <span class='ocrx_word' id='word_1_477' title='bbox 2677 5424 2815 5497; x_wconf 91' lang='lat' dir='ltr'>pro</span> <span class='ocrx_word' id='word_1_478' title='bbox 2884 5401 3253 5474; x_wconf 81' lang='lat' dir='ltr'>relatione</span> <span class='ocrx_word' id='word_1_479' title='bbox 3304 5401 3504 5496; x_wconf 90' lang='lat' dir='ltr'>signi</span> <span class='ocrx_word' id='word_1_480' title='bbox 3556 5405 3647 5477; x_wconf 85' lang='lat' dir='ltr'>ad</span> 
     </span>
     <span class='ocr_line' id='line_1_92' title="bbox 2108 5517 3651 5619; baseline 0.003 -28"><span class='ocrx_word' id='word_1_481' title='bbox 2108 5517 2496 5614; x_wconf 91' lang='lat' dir='ltr'>signatum</span> <span class='ocrx_word' id='word_1_482' title='bbox 2536 5545 2550 5604; x_wconf 91' lang='lat'>;</span> <span class='ocrx_word' id='word_1_483' title='bbox 2597 5518 2899 5593; x_wconf 74' lang='lat' dir='ltr'>visibile</span> <span class='ocrx_word' id='word_1_484' title='bbox 2958 5527 3212 5593; x_wconf 89' lang='lat' dir='ltr'>autem</span> <span class='ocrx_word' id='word_1_485' title='bbox 3277 5520 3651 5619; x_wconf 87' lang='lat' dir='ltr'>accipitur</span> 
     </span>
     <span class='ocr_line' id='line_1_93' title="bbox 2109 5635 3649 5739; baseline 0.001 -30"><span class='ocrx_word' id='word_1_486' title='bbox 2109 5635 2216 5710; x_wconf 91' lang='lat' dir='ltr'>ibi</span> <span class='ocrx_word' id='word_1_487' title='bbox 2284 5660 2422 5734; x_wconf 90' lang='lat' dir='ltr'>pro</span> <span class='ocrx_word' id='word_1_488' title='bbox 2503 5637 2998 5711; x_wconf 80' lang='lat' dir='ltr'>fundamento</span> <span class='ocrx_word' id='word_1_489' title='bbox 3094 5638 3487 5712; x_wconf 89' lang='lat' dir='ltr'>communi</span> <span class='ocrx_word' id='word_1_490' title='bbox 3545 5639 3649 5739; x_wconf 93' lang='lat' dir='ltr'>ip-</span> 
     </span>
    </p>
   </div>
  </div>
 </body>
</html>
