4295 6326
690 389 821 457 590

690 559 819 634 bet
867 581 1034 633 esse
1072 557 1264 631 facta
1314 577 1450 652 per
1489 576 1795 628 servum
1841 552 2235 628 authenti-

693 700 893 760 cum,
926 676 1019 750 de
1052 698 1205 771 quo
1239 684 1529 747 certum
1564 681 1705 763 est,
1743 681 1816 745 et
1850 695 1984 768 per
2013 670 2237 766 signa

693 791 1081 866 evidentia
1144 799 1442 864 constat
1509 788 1712 884 quod
1785 797 1900 861 est
1962 811 2237 861 servus

692 907 1002 998 Christi,
1067 929 1337 980 omnes
1399 904 1555 995 alii,
1620 904 1904 1000 quibus
1972 902 2241 977 fitilla

692 1021 1237 1121 promulgatio,
1310 1020 1755 1115 obligantur
1847 1019 1941 1092 ad
2009 1018 2228 1106 illud,

692 1138 844 1213 Sed
880 1147 1050 1235 post
1117 1137 1655 1210 Pentecosten]
1699 1135 2238 1234 promulgaba-

691 1262 817 1327 tur
847 1254 942 1327 ab
974 1251 1360 1350 Apostolis
1403 1237 1873 1349 praeceptum
1910 1250 2002 1323 de
2045 1251 2238 1346 Bap-

690 1371 949 1464 tism0,
1003 1367 1507 1467 sequentibus
1562 1367 1804 1462 signis
1862 1365 2239 1440 evidenti-

691 1487 839 1562 bus
916 1487 1009 1560 ad
1088 1484 1557 1559 credendum
1644 1483 1849 1580 quod
1928 1482 2239 1556 fuerunt

695 1601 898 1677 servi
950 1598 1234 1673 Christi
1291 1596 1741 1687 authentici,
1789 1596 1973 1694 quia
2039 1597 2238 1671 fece-

696 1728 877 1792 runt
915 1716 1314 1803 miracula,
1353 1737 1529 1811 quae
1573 1722 1753 1787 sunt
1797 1713 2019 1810 signa
2059 1711 2235 1785 fidei

338 1843 663 1970 ..fflffifflssa
695 1832 1320 1925 evidentissima3
1365 1831 1613 1928 primo
1656 1831 1856 1905 inter
1892 1831 1931 1903 J
1945 1831 2234 1923 udaeOS,

363 1969 630 2022 nonraefl-
695 1951 827 2050 qui
871 1952 1181 2026 fuerunt
1238 1949 1315 2021 in
1385 1949 1843 2041 Jerusalem,
1890 1947 2019 2045 qui
2080 1947 2239 2020 dis-

448 2032 557 2084 dei.

691 2076 1103 2168 perserunt
1184 2077 1257 2140 et
1342 2064 2009 2163 persequebantur
2074 2087 2235 2157 eOS,

689 2186 1163 2282 expellentes
1192 2183 1286 2257 ab
1324 2207 1476 2258 una
1498 2182 1801 2257 civitate
1843 2182 1921 2254 in
1955 2181 2182 2255 aliam
2213 2209 2232 2273 ;

707 2303 983 2377 deinde
1033 2302 1560 2400 praedicabant
1607 2300 1929 2375 verbum
2001 2310 2075 2374 et
2131 2299 2243 2372 in-

689 2419 1159 2494 stitutionem
1230 2418 1597 2516 Baptismi
1677 2440 1844 2492 esse
1893 2439 2240 2489 necessa·

689 2535 881 2609 riam
954 2535 1046 2609 ad
1125 2536 1453 2609 salutem
1533 2533 1705 2608 aliis
1798 2532 2237 2607 civitatibus

687 2652 937 2748 magis
970 2650 1285 2726 remotis
1316 2678 1335 2744 3
1373 2650 1650 2724 deinde
1682 2649 2047 2724 omnibus
2076 2658 2230 2724 tam

686 2767 1066 2841 Gentibus
1123 2789 1353 2864 qnam
1421 2765 1736 2850 Judaeis,
1798 2774 1870 2837 et
1909 2765 2230 2861 longum

684 2892 990 2980 tempus
1025 2882 1328 2957 transiit
1370 2891 1784 2980 antequam
1830 2881 1996 2978 ejus
2064 2905 2233 2979 pro-

2075 380 2319 449 LIBRI
2367 381 2487 450 lv.

2347 555 2440 628 ad
2475 554 2643 652 ejus
2675 561 3277 659 susceptionem,
3314 576 3387 642 et
3426 571 3736 666 quando
3769 571 3893 645 in-

2345 671 2545 767 cepit
2583 673 2951 771 obligare.

2442 787 2591 862 Sed
2624 790 2716 863 ad
2751 793 2934 888 quid
2969 796 3339 893 obligavit
3370 805 3886 900 promulgatio
3923 867 3965 915 D
4002 868 4018 917 ἰ
4082 869 4147 919 ω.

2344 904 2715 1002 Baptismi
2757 933 2895 1006 per
2935 915 3247 988 modum
3291 920 3657 993 consilii?
3696 922 3885 996 Dico
3969 880 4221 982 ‹emomffiat
4269 927 4270 930 ’

2346 1023 2551 1118 quod
2610 1023 2980 1120 obligavit
3037 1054 3333 1127 omnes,
3393 1036 3678 1131 quibus
3720 1063 3887 1135 pro·
3951 1001 4198 1108 οἷῗιῃᾶιῗὲιῖ

2345 1139 2839 1235 mulgabatur
2916 1146 3010 1218 ad
3097 1171 3252 1222 non
3323 1162 3876 1252 contemptum.
3944 1119 4204 1248 033²&ssss-

2347 1252 2496 1328 Sed
2519 1264 2915 1353 statutum,
2961 1264 3082 1336 vel
3125 1277 3591 1366 praeceptum
3641 1273 3885 1348 alicu·
3934 1250 4199 1371 affl&

2338 1368 2467 1464 jus
2494 1372 2904 1470 dupliciter
2931 1388 3182 1474 potest
3220 1385 3609 1459 contemni
3647 1412 3662 1461 :
3711 1387 3882 1462 Uno
3976 1372 4197 1422 ‘mmm‘

2345 1487 2573 1560 modo
2636 1491 3017 1589 negative,
3068 1497 3250 1596 quia
3307 1524 3460 1574 non
3518 1503 3887 1579 observa-

2344 1611 2513 1690 tur;
2561 1605 2710 1679 alio
2771 1610 2997 1685 modo
3048 1616 3459 1711 contrarie,
3522 1621 3706 1717 quia
3755 1622 3893 1695 im·

2344 1719 2651 1816 peditur
2691 1733 2763 1797 et
2806 1730 3262 1823 reprobatur
3309 1743 3676 1833 tanquam
3711 1741 3894 1814 stul-

2345 1844 2538 1930 tum,
2603 1841 2890 1915 malum
2977 1854 3051 1919 et
3130 1847 3388 1926 inane.
3463 1853 3888 1930 Consilium

2348 1951 2594 2047 primo
2640 1957 2863 2031 modo
2915 1984 3068 2034 non
3123 1968 3672 2062 contemnitur,
3707 1972 3891 2070 quia

2347 2091 2500 2141 non
2531 2070 3013 2170 observatur,
3050 2080 3231 2175 quia
3279 2085 3544 2158 nullus
3584 2096 3894 2162 tenetur

2346 2184 2438 2257 de
2499 2189 2952 2288 necessitate
3021 2195 3114 2267 ad
3175 2196 3341 2293 ejus
3410 2199 3892 2279 observatio-

2349 2322 2525 2375 nem
2554 2303 3014 2401 inquantum
3050 2312 3505 2409 consilium.;
3545 2319 3678 2392 sed
3711 2343 3890 2394 con-

2345 2418 2604 2493 silium
2673 2427 3193 2501 contemnitur
3248 2434 3590 2510 secundo
3627 2440 3880 2533 modo,

2344 2533 2801 2633 inquantum
2866 2549 3226 2641 tanquam
3289 2548 3757 2642 irrationale,
3813 2567 3891 2631 et

2346 2650 2635 2724 malum
2724 2655 3179 2751 reprobatur
3271 2671 3344 2735 et
3441 2664 3878 2742 deridetur.

2343 2763 2584 2851 Quem
2642 2778 3166 2868 contemptum
3219 2778 3446 2853 credo
3489 2803 3657 2856 esse
3717 2809 3888 2881 pec·

2340 2892 2596 2959 catum
2703 2891 3051 2981 mortale,
3123 2894 3308 2990 quia
3402 2921 3557 2972 non
3654 2903 3882 2977 video

3922 803 4205 858 Consilium

683 2999 1055 3094 mulgatio
1098 2999 1188 3073 ad
1223 2998 1624 3073 universas
1668 2998 1928 3072 mundi
1971 3007 2230 3095 partes
2340 3000 2545 3095 quod
2571 3026 2883 3098 possum
2916 3018 3439 3107 contemnere,
3466 3025 3876 3114 etpone1·e,

682 3114 926 3210 magis
986 3113 1358 3188 distantes
1407 3111 1874 3211 perveniret,
1928 3121 2002 3187 et
2056 3112 2227 3189 ideo
2337 3125 2412 3189 et
2501 3119 2910 3215 reprobare
2996 3125 3436 3223 consilium,
3508 3139 3876 3231 tanquam

681 3232 743 3306 si
810 3233 903 3306 ad
964 3231 1299 3329 aliquem
1371 3230 1715 3305 nondum
1756 3231 2223 3328 pervenerit,
2337 3235 2626 3308 malum
2696 3246 2769 3311 et
2809 3238 3127 3327 fatuum,
3171 3243 3320 3317 nisi
3389 3258 3875 3326 contemnam

678 3348 884 3445 quod
943 3372 1098 3421 non
1161 3349 1389 3421 credo
1459 3370 1627 3423 esse
1669 3371 1968 3440 verum,
2044 3348 2227 3444 quia
2334 3357 2408 3423 et
2450 3351 2850 3447 reprobem
2896 3358 3459 3456 consulentem,
3496 3366 3879 3463 uthujus-

675 3488 834 3538 non
914 3475 1029 3539 est
1096 3488 1275 3562 pars
1337 3464 1633 3557 mundi,
1688 3464 1762 3537 in
1836 3486 1990 3561 qua
2066 3489 2221 3539 non
2335 3466 2568 3560 modi,
2604 3468 2869 3544 etideo
2902 3475 3333 3551 consultius
3362 3474 3563 3554 esset
3602 3484 3882 3559 nolen-

677 3583 1250 3678 promulgatum
1285 3582 1383 3655 sit
1415 3593 1884 3679 praeceptum
1919 3583 2010 3656 de
2035 3584 2227 3680 Bap-
2331 3592 2445 3658 tes
2552 3587 2810 3662 vivere
2930 3595 3360 3668 secundum
3462 3601 3875 3679 consilium

673 3696 933 3789 tismo,
970 3695 1154 3792 quia
1186 3696 1406 3770 aliter
1438 3720 1592 3768 non
1627 3698 2225 3793 complevissent
2329 3699 2634 3787 Christi,
2676 3705 3116 3799 permittere
3151 3710 3263 3784 eis
3317 3719 3759 3792 conservari
3791 3720 3870 3795 in

101 4808 243 4832 *z

101 4934 547 4971 Ἢ,

675 3812 1014 3909 Apostoli
1121 3801 1633 3909 praeceptum,
1727 3812 1993 3886 Marci.
2097 3814 2213 3886 16.

675 3928 973 4001 Εαηίθδ
1077 3928 1159 4001 in
1261 3927 1633 4001 mundum
1738 3930 2214 4022 universum,

317 4081 485 4131 Eum
525 4086 646 4145 po„
664 4042 1092 4140 praedicate
1150 4042 1668 4139 Evanyelium
1720 4044 1935 4116 omni
1997 4067 2216 4119 crea-

318 4145 894 4271 }38{·,1¹{33}taroe,
968 4158 1442 4255 baptizantes
1505 4181 1656 4251 608,
1702 4170 1844 4233 etc.
1891 4159 1969 4232 Si
2004 4161 2209 4234 enim

322 4272 621 4398 igssssvffitffi
668 4285 1139 4373 praeceptum
1187 4275 1278 4347 de
1314 4264 1703 4370 Baptismo
1737 4298 1889 4347 non
1934 4275 2031 4347 sit
2070 4276 2211 4349 ali-

381 4396 573 4510 roe3vte¹
666 4393 787 4466 cui
848 4391 1140 4489 patriae,
1219 4392 1339 4463 vel
1412 4390 1727 4484 civitati,
1808 4393 2002 4485 locO,
2083 4394 2205 4467 vel

377 4475 581 4525 sarpa.
661 4514 1018 4609 persona}
1094 4508 1605 4605 divulgatum,
1696 4509 1835 4602 illi,
1920 4509 2204 4606 quibus

661 4651 1059 4724 nunquam
1089 4628 1277 4700 facta
1301 4625 1440 4699 fuit
1467 4626 1634 4700 talis
1658 4627 2197 4724 promulgatio,

660 4748 751 4823 ad
787 4747 956 4842 ejus
990 4745 1557 4843 susceptionem
1619 4770 1773 4819 non
1813 4757 2194 4842 tenentur,

659 4864 787 4940 sed
827 4862 1337 4937 salvabuntur
1384 4861 1463 4935 in
1507 4862 1673 4959 lege
1708 4872 2031 4957 naturae,
2075 4868 2197 4940 vel

654 4983 821 5073 lege
859 4977 1169 5073 scripta,
1210 4976 1640 5073 cujusmodi
1675 4988 1857 5051 sunt
1889 4979 2025 5068 illi,
2063 4981 2197 5076 qui

650 5093 1121 5166 clauduntur
1183 5091 1383 5165 inter
1446 5103 1770 5186 monteS,
1835 5094 1924 5168 ad
2000 5117 2196 5192 quos

652 5232 805 5281 non
833 5218 1159 5306 possunt
1199 5210 1815 5303 evangelizantes
1847 5211 1985 5285 Dei
2021 5236 2196 5286 ver-

651 5324 834 5398 bum
873 5323 1306 5421 pervenire,
1346 5323 1411 5397 si
1453 5325 1584 5421 qui
1628 5327 1819 5401 tales
1849 5327 2025 5400 sint.

751 5439 876 5514 Sic
920 5431 1102 5535 crgo
1158 5449 1363 5537 patet
1420 5441 1805 5535 quomodo
1850 5444 2193 5539 promul-

652 5558 858 5654 gatio
902 5558 993 5631 de
1054 5564 1441 5653 praecepto
1470 5557 1838 5655 Baptismi
1904 5558 2194 5656 obligat

2330 3841 2543 3913 pace,
2581 3830 2656 3894 et
2703 3821 3116 3920 implorare
3150 3827 3264 3901 eis
3314 3830 3436 3928 pie
3495 3837 3866 3912 auxilium

2327 3935 2525 4031 apud
2563 3936 2839 4031 Deum,
2877 3962 3108 4037 quam
3152 3967 3283 4019 eos
3333 3950 3766 4045 opprobriis
3794 3964 3866 4028 et

2326 4050 2533 4126 falsis
2605 4055 3105 4151 opinionibus
3171 4061 3558 4141 infestare.
3643 4072 3863 4157 Quod

2320 4168 2523 4242 enirn
2556 4170 2700 4268 ipsi
2743 4186 3047 4270 portare
3081 4180 3382 4274 nolunt,
3419 4188 3864 4281 permittant

2318 4282 2536 4377 alios,
2575 4285 2705 4382 qui
2740 4291 3172 4388 promptius
3199 4294 3483 4372 divinis
3513 4302 3860 4378 consiliis

2315 4401 2847 4498 acquiescunt.

2412 4517 2899 4617 Praeceptum
2942 4535 3197 4600 autem
3246 4538 3573 4628 utroque
3628 4539 3852 4612 modo
3934 4547 4186 4627 Praeter,-

2311 4633 2856 4727 contemnitur,
2895 4647 2968 4712 et
3021 4643 3330 4736 quando
3380 4668 3531 4718 non
3585 4672 3851 4727 serva·
3912 4615 4193 4737 ¹330?ss

2308 4755 2457 4835 tur,
2486 4759 2560 4823 et
2591 4753 2899 4848 quando
2936 4757 3415 4856 reprobatur,
3453 4767 3653 4861 quod
3693 4793 3844 4846 non

2308 4863 2684 4961 contingit
2734 4866 2929 4963 fieri,
3002 4894 3144 4946 nec
3246 4881 3655 4976 servando,
3722 4889 3844 4962 vel

2308 4981 2790 5079 reprobando
2876 4986 3041 5062 sine
3120 5002 3431 5087 peccato
3517 5005 3842 5091 mortali,

2307 5099 2493 5195 quia
2547 5103 2679 5198 qui
2742 5112 3164 5181 contemnit
3217 5113 3692 5214 mandatum,
3752 5124 3845 5196 si-

2306 5215 2592 5290 militer
2635 5228 2710 5292 et
2744 5222 3266 5299 mandantem.
3291 5227 3845 5313 Verumtamen

2305 5347 2777 5433 praeceptum
2810 5340 3237 5416 humanum
3276 5357 3520 5442 potest
3553 5351 3625 5424 in
3663 5376 3849 5431 casu

2306 5451 2646 5525 secundo
2719 5455 2943 5527 modo
2986 5463 3377 5535 contemni
3414 5475 3486 5539 et
3518 5467 3847 5545 derideri

2303 5562 2400 5636 ab
2443 5589 2533 5638 eo
2567 5567 2688 5641 cui
2740 5569 3181 5666 imponitur.
3243 5576 3614 5658 Subditus
3641 5587 3846 5661 enim

3923 4739 4212 4791 obterun-
4269 4782 4270 4791 ,
