4295 6326
678 410 778 473 436

694 581 901 653 xima
921 602 1095 676 pars
1131 576 1625 651 beatitudinis
1667 598 1758 649 ex
1800 573 2239 669 Augustino

699 695 816 767 13.
871 694 963 768 de
995 693 1270 766 Trinic.
1308 715 1473 787 cap.
1525 689 1640 762 13.
1680 690 1828 763 Sed
1865 689 2238 762 viatorem

698 821 772 886 et
802 812 1112 885 beatum
1158 832 1353 901 esse,
1400 818 1514 881 est
1561 807 1811 905 ipsum
1884 804 2246 879 eumdem

697 929 923 1002 simul
962 951 1128 1002 esse
1165 927 1243 999 in
1285 925 1411 998 via
1455 934 1528 999 et
1584 926 1662 998 in
1706 922 2033 999 termino
2065 920 2243 1012 viae,

697 1045 902 1144 quod
935 1053 1049 1119 est
1082 1042 1584 1142 impossibile.

795 1161 1151 1237 Secundo
1187 1162 1412 1235 modo
1460 1167 1719 1258 posset
1761 1179 1968 1231 mere
1999 1154 2248 1228 viator

699 1303 867 1354 esse
908 1276 1436 1370 confirmatuS,
1484 1276 1747 1350 saltem
1793 1273 2001 1371 quod
2054 1296 2251 1344 nun-

697 1420 929 1495 quam
963 1404 1314 1494 peccaret
1365 1393 1814 1469 mortaliter.
1871 1390 2042 1464 Non
2115 1413 2249 1462 au-

698 1526 847 1588 tem
883 1512 1132 1611 primo
1169 1513 1395 1585 modo
1433 1520 1692 1609 posset
1745 1507 2026 1606 aliquis
2077 1527 2246 1580 esse

698 1629 1231 1723 confirmatuS,
1292 1629 1439 1703 nisi
1490 1628 1808 1702 haberet
1858 1625 2244 1722 objectum

702 1768 1073 1843 praesens,
1113 1745 1188 1817 in
1242 1767 1394 1842 quo
1464 1752 1578 1818 est
1620 1741 2017 1840 plenitudo
2077 1761 2245 1812 om-

671 1856 821 1936 nis
858 1861 1066 1954 boni3
1097 1861 1227 1934 sed
1253 1860 1362 1934 sic
1395 1869 1510 1934 est
1537 1856 2013 1956 impossibile
2039 1854 2244 1952 quod

695 1978 951 2051 omnis
985 1978 1344 2051 voluntas
1375 1974 1719 2067 viatoris,
1751 1975 1872 2047 vel
1899 1972 2246 2045 intellec-

697 2105 820 2169 tus
846 2094 1122 2169 habeat
1155 2093 1534 2189 objectum
1572 2088 2011 2166 beatificum
2054 2111 2246 2186 prae·

696 2238 878 2288 sens
911 2213 1228 2287 bonum.

480 2327 542 2394 3·
795 2334 1076 2406 Tamen
1123 2331 1215 2406 de
1257 2330 1437 2403 tiliis
1479 2328 1895 2427 procreatis
1937 2326 2013 2398 in
2041 2335 2241 2400 statu

347 2443 661 2557 Ἓξξξῦἳῇῑ·
698 2448 1165 2524 innocentiae
1213 2447 1380 2520 dico
1438 2444 1642 2542 quod
1686 2467 1827 2518 nec
1882 2443 1991 2516 sic
2070 2442 2248 2516 suis-

337 2548 666 2682 siffiffis‘gssr
701 2580 871 2647 sent
904 2564 1157 2644 statim
1208 2564 1669 2657 confirmati,
1729 2563 1915 2661 quin
1978 2571 2246 2660 postea

392 2697 618 2765 primam
702 2696 1018 2787 possent
1058 2706 1404 2783 peccare,
1450 2692 1522 2757 et
1572 2682 1756 2755 [orte
1835 2688 2243 2778 peccarent

379 2763 632 2871 ‘egfflo'
700 2808 791 2880 de
835 2807 1056 2891 sacto,
1129 2801 1309 2899 quia
1357 2801 1551 2873 sicut
1628 2799 1838 2871 Deus
1906 2796 2243 2871 dedisset

683 2922 1059 3018 justitiam
1104 2919 1349 3015 primo
1377 2916 1598 3014 patri,
1645 2914 1706 2988 si
1771 2914 2101 2988 stetisset
2160 2914 2237 2985 in

687 3040 936 3136 prima
967 3036 1414 3119 tentatione,
1452 3034 1555 3106 ita
1616 3030 2071 3127 regulariter
2114 3032 2241 3104 ha‘

686 3155 1036 3229 buissent
1095 3150 1231 3225 filii
1313 3177 1355 3225 a
1437 3149 1594 3223 Deo
1656 3147 2122 3236 immediate,
2170 3147 2235 3221 si

681 3278 1082 3349 vincerent
1132 3273 1459 3370 primam
1532 3269 2056 3344 tentationem.
2111 3268 2237 3342 Si-

675 3401 805 3466 cut
873 3389 1106 3486 igitur
1158 3388 1368 3461 Deus
1445 3385 1784 3459 dedisset
1850 3383 2229 3480 justitiam

678 3507 868 3606 patri
919 3529 1052 3604 pro
1097 3502 1283 3577 filio.
1331 3502 1394 3576 si
1464 3501 1826 3593 stetisset,
1898 3510 1972 3575 et
2049 3509 2229 3574 ante

679 3625 1001 3723 primam
1038 3618 1538 3695 tentationem
1585 3640 1737 3691 non
1795 3616 2030 3709 dedit,
2120 3616 2231 3690 sic

678 3751 839 3818 esto
873 3739 1077 3838 quod
1139 3748 1353 3835 pater
1411 3743 1944 3811 conservasset
2003 3735 2230 3808 inno-

679 3858 1003 3934 centiam
1063 3855 1137 3926 in
1204 3853 1450 3951 prima
1512 3851 1959 3944 tentatione,
2015 3850 2228 3924 Deus

679 3972 1134 4071 regulariter
1168 3970 1379 4043 daret
1431 3967 1618 4062 filio,
1665 3967 1929 4066 siflipse
2006 3967 2231 4041 vicis·

677 4101 790 4169 set
839 4089 1161 4189 primam
1212 4084 1739 4160 tentationem.
1815 4085 1905 4156 Et
1972 4082 2082 4157 sic
2118 4083 2226 4156 in-

681 4208 1049 4304 telligitur
1139 4204 1423 4276 dictum
1538 4199 1911 4288 Anselmi,
2011 4201 2219 4298 quod

674 4328 888 4403 Deus
920 4317 1873 4416 dedissetpalrijuslitt'am
1888 4339 2034 4413 pro
2066 4317 2225 4391 loia

665 4442 918 4544 prole,
980 4440 1052 4513 si
1107 4461 1263 4511 non
1315 4435 1700 4533 posuisset
1767 4431 2224 4529 obicem,set

679 4559 955 4636 deinde
1015 4556 1202 4648 filio,
1277 4553 1340 4627 si
1424 4575 1574 4624 non
1632 4551 2013 4648 posuisset
2066 4549 2223 4624 obi-

678 4701 871 4752 cem.

349 4819 402 4868 si
436 4818 604 4890 adam
774 4793 1023 4874 Dices,
1070 4788 1437 4862 fuissetne
1488 4785 1728 4860 Adam
1777 4807 2012 4858 causa
2067 4806 2217 4857 me-

321 4887 640 4994 αῗιιθιῘῘΞῗ-ῗιῗᾎ.
676 4909 940 4986 ritoria
1031 4914 1383 5002 respectu
1506 4901 1825 5001 justitiae
1920 4902 2217 4976 collatae

346 5007 613 5070 ⁸⁸²J⁰³²¹‘
678 5021 1390 5132 poste1·itati?Dico
1451 5020 1654 5117 quod
1716 5043 1867 5092 non
1922 5029 2219 5117 oportet

346 5071 471 5119 tiam
544 5084 625 5119 os·

413 5085 560 5183 mss,
675 5150 820 5221 hoc
865 5162 1176 5241 ponere,
1229 5136 1412 5236 quia
1461 5136 1658 5210 sicut
1725 5142 1983 5233 posset
2049 5134 2212 5208 dari

2074 397 2316 466 LIBRI
2363 397 2485 476 11„

2360 573 2473 647 ria
2532 574 3046 671 praecedente.
3128 574 3289 649 Nec
3360 574 3624 648 fuisset
3698 569 3906 646 filius

2355 690 2539 763 Adae
2581 691 2834 764 statim
2881 690 3418 781 confirmatuS,
3483 700 3645 765 esto
3696 687 3902 785 quod

2356 806 2593 879 Adam
2628 807 2986 900 stetisset,
3041 807 3226 904 quia
3268 808 3519 881 adhuc
3574 829 3728 878 non
3776 806 3903 877 ha-

2358 922 2651 996 buisset
2737 921 2944 998 filius
3014 925 3429 1022 perfectius
3522 922 3898 1021 justitiam

2356 1038 2839 1134 originalem,
2879 1063 3110 1137 quam
3153 1041 3424 1116 habuit
3462 1051 3681 1138 pater
3727 1049 3902 1114 ante

2357 1156 2886 1253 tentationem,
2920 1166 2994 1232 et
3030 1167 3287 1251 tamen
3330 1170 3545 1256 pater
3575 1180 3730 1232 non
3773 1180 3901 1231 so-

2357 1274 2515 1346 lum
2587 1273 2831 1371 potuit
2865 1297 3211 1372 peccare,
3284 1275 3437 1349 imo
3497 1272 3898 1373 peccavit3

2356 1388 2591 1485 igitur
2666 1414 2820 1465 non
2886 1391 3211 1467 fuissent
3259 1390 3397 1465 filii
3455 1390 3897 1466 confirmati

2357 1517 2533 1581 ante
2598 1507 2925 1605 primam
3026 1509 3524 1584 tentationem
3592 1533 3892 1603 eorum,

2357 1622 2602 1719 magis
2634 1646 2864 1721 quam
2934 1624 3072 1698 luit
3138 1634 3355 1723 pater
3402 1634 3577 1700 ante
3639 1648 3890 1719 suam,

2356 1739 2540 1836 quia
2579 1739 2643 1814 si
2677 1742 2976 1814 nullum
3007 1741 3363 1817 meritum
3408 1742 3675 1818 fuisset
3706 1766 3896 1840 prae-

2355 1858 2637 1932 cedens
2746 1868 3095 1956 respectu
3188 1860 3509 1956 justitiae
3594 1861 3894 1934 collatae

2330 1973 2580 2071 proli,
2626 1997 2778 2046 non
2813 1975 2985 2070 plus
3020 1974 3545 2072 impedivisset
3584 1976 3895 2073 illajus-

2351 2089 2517 2163 titia
2548 2090 2763 2163 illum
2809 2113 3035 2188 posse
3059 2114 3407 2189 peccare,
3444 2115 3675 2189 quam
3717 2093 3894 2166 fecit

2354 2213 2673 2302 patrem.

2449 2330 2587 2405 Vel
2665 2342 2825 2406 esto
2904 2332 3107 2430 quod
3173 2334 3413 2408 Adam
3485 2334 3893 2410 meruisset
4068 2340 4140 2405 4.

2343 2446 2718 2543 justitiam
2754 2447 2911 2522 filio
2952 2473 3122 2543 suo,
3195 2449 3447 2524 adhuc
3515 2451 3893 2550 potuisset

2352 2561 2558 2638 filius
2607 2587 2949 2662 peccare,
3007 2565 3207 2639 sicut
3272 2567 3497 2640 modo
3567 2579 3895 2665 possunt

2352 2690 2523 2778 post
2590 2682 3098 2780 Baptismum,
3158 2684 3342 2780 quia
3413 2684 3653 2759 Adam
3732 2711 3888 2761 non

2351 2808 2650 2872 tantum
2715 2801 3121 2875 meruisset
3186 2800 3365 2875 tiliis
3424 2801 3612 2898 suiS,
3692 2805 3891 2880 sicut

2351 2919 2576 2992 modo
2608 2918 2957 2993 Christus
3001 2920 3305 3014 meruit,
3378 2920 3509 3018 qui
3579 2923 3720 2997 suit
3782 2947 3896 3000 se-

2346 3034 2648 3108 cundus
2723 3036 2995 3129 Adam,
3074 3036 3322 3132 gratia
3406 3049 3717 3136 accepta
3813 3041 3890 3114 in

2345 3173 2838 3248 quocumque
2880 3150 3378 3227 Sacramento
3424 3178 3576 3228 non
3621 3155 3897 3229 confir-

2322 3277 2503 3340 mat
2566 3266 3052 3365 recipientes.
3125 3267 3272 3343 Sed
3317 3269 3667 3345 Christus
3733 3296 3893 3347 non

2346 3384 2625 3459 meruit
2671 3385 2874 3481 quod
2911 3409 3053 3460 nos
3099 3386 3342 3460 simus
3392 3388 3642 3462 statim
3700 3412 3894 3463 con-

2343 3498 2622 3574 firmati
2658 3511 2829 3598 post
2869 3502 3352 3599 Baptismum
3393 3532 3410 3596 3
3458 3504 3694 3599 igitur
3741 3531 3889 3582 nec

2342 3617 2584 3692 Adam
2629 3617 3038 3694 meruisset
3077 3617 3237 3692 filio
3270 3643 3439 3714 suo,
3485 3630 3647 3695 esto
3679 3623 3886 3719 quod

2344 3757 2499 3807 non
2544 3743 2962 3832 peccasset.
3020 3735 3228 3809 Bene
3296 3745 3551 3811 tamen
3620 3738 3887 3814 suisset

2339 3850 2787 3925 habituatus
2817 3860 3002 3926 tunc
3030 3874 3169 3949 per
3202 3852 3560 3927 meritum
3613 3856 3877 3953 patriS,

2335 3976 2408 4041 et
2440 3990 2576 4065 per
2608 3967 3262 4063 informationem,
3301 3993 3474 4044 cum
3520 3994 3672 4045 non
3739 3975 3881 4048 ha-

2333 4084 2627 4160 buisset
2717 4084 3232 4176 occasionem,
3330 4087 3664 4163 videndo
3747 4092 3879 4165 ali-

2334 4225 2563 4299 quem
2601 4202 2815 4301 prius
2856 4225 3243 4299 peccasse.

2428 4317 2536 4391 Ad
2567 4317 2901 4414 primum
2935 4317 3387 4416 principale,
3441 4319 3610 4395 dico
3664 4323 3871 4419 quod
3905 4336 3986 4387 Ad
4015 4353 4268 4413 ,au-sum.

2332 4435 2395 4509 si
2446 4434 2685 4510 Adam
2747 4435 3060 4510 vicisset
3113 4436 3634 4524 tentationem,
3708 4440 3872 4538 ipse
3937 4414 4241 4463 prunum.

2331 4552 2597 4626 fuisset
2622 4550 3145 4633 confirmatus,
3183 4554 3386 4650 quod
3418 4564 3683 4651 postea
3714 4581 3868 4632 non

2331 4678 2752 4765 peccasset,
2789 4667 2921 4743 sed
2954 4691 3139 4762 non,
3172 4669 3377 4765 quod
3410 4693 3566 4744 non
3589 4674 3877 4769 potuis-

2328 4796 2470 4880 set,
2516 4786 2882 4884 quamdiu
2924 4785 3064 4860 suit
3102 4785 3370 4873 viator,
3427 4798 3501 4863 et
3532 4789 3640 4863 sic
3684 4790 3875 4867 fuis-

2327 4915 2442 4980 set
2495 4902 2997 4979 confirmatus
3052 4927 3190 5002 pro
3254 4913 3413 4979 tota
3469 4909 3870 5004 progenie,

2326 5021 2529 5119 quod
2565 5020 3093 5095 filiivicissent
3133 5020 3457 5118 primam
3512 5026 3874 5100 tentatio·

2326 5162 2532 5232 nem,
2565 5138 2889 5213 fuissent
2919 5135 3377 5229 confirmati,
3408 5164 3563 5214 non
3607 5151 3863 5218 autem

665 5259 967 5364 justitia
1044 5255 1227 5330 Adoe
1294 5253 1459 5328 sine
1528 5274 1761 5326 causa
1822 5250 2215 5325 meritoria
2322 5255 2565 5355 priuS,
2603 5255 2800 5329 sicut
2842 5278 2982 5329 nec
3022 5264 3261 5352 pater.

673 5376 1190 5482 praecedente,
1277 5370 1385 5445 sic
1461 5369 1708 5469 potuit
1798 5368 1960 5443 dari
2051 5367 2210 5442 filio

672 5500 886 5586 Adoe,
950 5493 1012 5568 si
1079 5490 1318 5566 Adam
1400 5496 1935 5563 conservasset
1992 5485 2210 5559 inno-

673 5615 1004 5693 centiam
1037 5609 1328 5706 absque
1369 5605 1578 5680 omni
1627 5628 1859 5680 causa
1911 5602 2211 5679 merito-

2320 5487 2788 5563 innocentiae
2851 5488 3113 5560 nullus
3174 5489 3571 5585 genuisset
3610 5491 3858 5568 filium

2316 5604 2878 5698 damnandum,
2914 5603 2978 5678 si
3018 5625 3403 5700 generans
3466 5608 3685 5704 prius
3739 5612 3860 5685 vi-

2416 5371 2529 5446 Ad
2576 5369 2815 5465 aliud,
2872 5370 3213 5445 concedo
3273 5374 3477 5470 quod
3528 5375 3607 5448 in
3659 5387 3859 5452 statu
3895 5398 4243 5514 add-oeno

4039 5481 4161 5521 um
