4295 6326
617 439 746 507 326

2033 426 2267 496 LIBRI
2320 425 2442 493 ΙΙΙ.

1397 979 2545 1139 DISTINCTIO
2651 976 3004 1147 XII.

1004 1649 1403 1728 QUAESTIO
1472 1648 1755 1729 UNICA.

666 1815 908 1883 Utrum
944 1816 1262 1884 Christus
1292 1815 1513 1900 fuerit
1555 1812 2032 1901 impeccabilis
2073 1818 2109 1882 Ρ

472 2002 494 2017 ’
613 2009 810 2067 Alone.
843 1988 1171 2081 3.'p.q.14.
1206 2026 1279 2064 m.
1314 2026 1350 2064 1.
1390 2013 1450 2065 D.
1505 2008 1689 2063 Thom
1740 2008 1791 2063 3.
1845 2024 1900 2077 p.
1960 2022 2010 2078 q.
2065 2007 2151 2061 15.

684 2091 793 2138 art.
827 2099 865 2137 1.
898 2082 1020 2151 (ubi
1051 2082 1236 2152 cajet.
1267 2086 1322 2137 et
1348 2081 1601 2149 Medius)
1630 2083 1679 2135 et
1716 2080 1816 2161 ‘hic
1864 2095 1915 2151 q.
1948 2081 2000 2132 2.
2024 2086 2150 2180 ἀι.

685 2153 1638 2307 ξ’.13·ῧὲῗ.“ἔὲῗὲ·.”εῗ’ὶ;ἓι3,ῑῖ·ι.’4.
1662 2150 1943 2278 ῗῗξῗὶῗιῐ
1968 2158 2073 2304 “th
2095 2150 2150 2275 ἓξ

683 2295 900 2352 Marsnl.
952 2296 1044 2352 hic
1090 2298 1144 2351 3.
1193 2313 1248 2367 p.
1293 2312 1345 2366 q.
1396 2295 1452 2352 9.
1505 2294 1729 2350 Bussol.
1761 2312 1812 2365 q.
1848 2311 1885 2348 1.
1923 2293 2153 2351 Rubion

684 2367 912 2423 ibidem.
943 2367 1169 2423 {leni-io.
1202 2366 1386 2439 quodi.
1416 2368 1470 2421 6.
1502 2383 1556 2438 q.
1586 2367 1640 2420 6.
1673 2366 1887 2421 Suarrz
1925 2366 1980 2422 3.
2007 2382 2063 2436 p.
2095 2364 2151 2419 d.

684 2440 774 2566 Ξ3.
805 2443 936 2565 sete-t.
968 2438 1003 2564 12
1049 2439 1228 2564 ἕως.
1264 2438 1316 2495 d.
1345 2439 1435 2494 61.
1471 2438 1628 2494 Rada
1657 2439 1710 2492 3.
1739 2455 1798 2509 p.
1822 2445 2149 2493 controvers.

727 2553 738 2566 .
773 2527 849 2567 ar
877 2526 965 2566 ται
990 2526 1020 2566 ο
1089 2550 1102 2563 .

384 2715 445 2779 1,
714 2687 931 2765 Circa
988 2688 1521 2762 duodecimam
1584 2687 2153 2762 distinctionem

271 2829 488 2894 Argum.
534 2804 991 2903 1.quaeritur
1048 2804 1294 2901 primo
1370 2829 1385 2878 :
1472 2806 1743 2880 Utrum
1808 2804 2154 2879 Christus

609 2921 857 3019 fuerit
909 2919 1451 3018 impeccabiliS,
1519 2921 1628 2994 ita
1711 2920 1916 3018 quod
1996 2942 2153 2993 non

599 3044 858 3137 posset
884 3061 1210 3135 peccare
1248 3036 1294 3112 P
1334 3037 1556 3123 Quod
1588 3059 1771 3124 non,
1806 3037 2027 3109 Joan.
2075 3035 2144 3108 7.

612 3154 714 3230 Si
738 3155 1008 3230 dixero
1068 3153 1275 3255 quod
1321 3178 1477 3229 non
1529 3154 1713 3232 novi
1767 3158 1987 3248 eum,
2023 3177 2150 3227 ero

606 3273 890 3349 similis
931 3273 1142 3349 vobis
1181 3274 1544 3348 mendant.
1591 3274 1741 3349 Sed
1797 3274 1960 3371 ipse
2011 3298 2153 3371 po-

610 3390 754 3465 tuit
787 3393 932 3465 hoc
974 3390 1254 3480 dicere,
1305 3389 1488 3488 quia
1536 3388 1645 3464 sic
1703 3389 1889 3463 dixit
1938 3418 1955 3483 3
2020 3389 2155 3486 igi·

608 3514 736 3580 tur
815 3506 1065 3604 potuit
1168 3505 1425 3581 dicere
1481 3505 1846 3599 ‘falsum3
1921 3504 2154 3602 igitur

607 3624 855 3724 potuit
895 3647 1237 3723 peccare.

707 3743 921 3831 Item,
973 3741 1456 3837 Augustinus
1518 3741 1589 3813 3.
1644 3741 1738 3815 de
1798 3739 1928 3815 tib.
1980 3739 2141 3815 arb.

607 3858 880 3931 melior
909 3867 1025 3933 est
1064 3866 1367 3950 natura,
1421 3879 1597 3953 quae
1655 3857 1901 3954 potuit
1965 3879 2150 3953 pec-

607 3998 809 4067 care,
890 3997 1118 4071 quam
1201 3998 1375 4071 quae
1447 3997 1595 4047 non
1654 3974 1897 4071 potuit
1944 4003 1962 4068 3
2012 3976 2143 4048 sed

608 4092 943 4167 Verbum
978 4091 1394 4188 assumpsit
1459 4102 1810 4165 naturam
1869 4093 2146 4165 huma-

605 4231 781 4281 nam
822 4208 1218 4281 meliorem
1245 4209 1333 4280 'et
1380 4219 1814 4280 manentem
1878 4209 2147 4282 melio-

605 4349 795 4416 rem,
882 4324 1063 4421 quia
1124 4322 1284 4420 ipse
1343 4323 1759 4420 assumpsit
1817 4324 2138 4397 liberum

606 4439 1037 4530 arbitrium,
1096 4447 1170 4512 et
1244 4437 1616 4537 quidquid
1677 4438 2006 4535 pertinet
2050 4439 2143 4513 ad

606 4557 1006 4630 veritatem
1084 4563 1383 4630 natura}
1444 4555 1809 4629 humanae
1861 4554 1940 4627 in
2001 4578 2147 4628 no-

607 4672 751 4747 bis.

285 4843 539 4902 Tertium,
705 4793 922 4884 Item,
1004 4790 1207 4888 quod
1269 4790 1444 4886 quis
1512 4798 1788 4887 potest,
1858 4789 1919 4864 si
1953 4793 2141 4883 vult,

227 4976 260 4980 ,,
289 4975 306 4980 ,f
343 4965 416 4974 μ.
605 4907 954 4983 absolute
995 4914 1242 5004 potest
1276 4934 1294 4999 ;
1332 4906 1465 4980 sed
1506 4904 1854 4980 Christus
1905 4916 2152 5004 potest

605 5048 950 5124 peccare,
1039 5025 1104 5098 si
1178 5024 1345 5097 vult
1426 5050 1444 5117 ;
1505 5023 1739 5120 igitur
1800 5023 2147 5100 absolute

604 5151 878 5240 potest.
917 5140 1163 5236 Major
1190 5149 1398 5237 patet
1448 5164 1584 5237 per
1627 5141 2146 5236 Augustinum

607 5260 698 5334 de
760 5258 1047 5356 Spiritu
1127 5268 1200 5331 et
1264 5257 1514 5331 littera
1576 5281 1590 5331 ε
1671 5256 1888 5331 Illud
1930 5258 2154 5332 habet

606 5376 775 5475 quis
807 5375 889 5448 in
910 5378 1312 5470 potestate,
1350 5371 1556 5469 quod
1581 5372 1797 5469 facit,
1845 5373 1919 5446 si
1953 5373 2141 5448 υιιὶί.

608 5495 817 5569 Idem
863 5493 1023 5566 vult
1063 5490 1476 5564 Anselmus
1531 5491 1861 5565 secundo
1920 5490 2141 5586 libra,

614 5611 774 5685 Cur
807 5609 1023 5683 Deus
1052 5607 1305 5700 homa,
1350 5630 1515 5703 cap.
1584 5606 1697 5678 10.

322 3752 515 3802 Secun-

347 3816 497 3865 dum.

2366 1412 2850 1509 Oppositum,
2950 1409 3014 1483 si
3127 1406 3373 1506 potuit
3462 1427 3812 1502 peccare,
3905 1407 4120 1517 Com·

2266 1528 2501 1625 igitur
2530 1529 2776 1626 potuit
2836 1526 3186 1601 damnari
3233 1552 3251 1618 3
3310 1522 3547 1620 igitur
3602 1520 3812 1596 filius

2266 1644 2407 1718 Dei
2451 1644 2698 1742 potuit
2743 1642 3123 1717 damnari.

2360 1763 2550 1837 Dico
2595 1764 2687 1838 ad
2731 1763 3271 1861 quaestionem,
3322 1759 3525 1857 quod
3581 1758 3814 1833 beati·
3924 1764 3925 1767 ’
3981 1794 4047 1860 2·

2265 1881 2451 1954 tudo
2484 1880 2731 1978 potuit
2763 1880 2945 1979 poni
2980 1902 3217 1953 causa
3256 1900 3495 1976 quare
3546 1876 3812 1951 Chris·
3874 1908 4135 1984 Magjggrf,

2264 2006 2387 2071 tus
2434 2021 2585 2073 non
2647 1998 2895 2095 potuit
2948 2019 3296 2095 peccare,
3352 2002 3485 2068 aut
3544 2016 3814 2068 secun·
3910 1986 4117 2037 ⁰⁹¹⁰¹⁰·

2266 2114 2444 2187 dum
2483 2114 2712 2188 aliam
2763 2113 2995 2207 viam,
3050 2112 3295 2211 potuit
3341 2110 3526 2209 poni
3578 2133 3810 2185 causa

2265 2254 2357 2305 ex
2405 2230 2691 2304 unione
2745 2231 2835 2304 ad
2894 2229 3290 2323 Verbum3
3349 2237 3424 2302 et
3473 2230 3640 2303 haec
3701 2250 3812 2302 se-

2264 2347 2520 2421 cunda
2550 2347 2854 2421 videtur
2906 2346 2998 2421 de
3051 2344 3477 2420 intentione
3533 2343 3813 2441 Magis·

2264 2464 2360 2537 tri
2393 2465 2469 2537 in
2503 2464 2778 2559 littera,
2815 2473 2889 2540 et
2917 2463 3262 2539 Anselmi
3304 2464 3375 2535 2.
3444 2460 3576 2536 tib.
3654 2462 3815 2536 Cur

2261 2580 2478 2655 Deus
2515 2581 2769 2675 homa,
2815 2604 2983 2679 cap.
3024 2580 3140 2653 10.
3190 2580 3393 2678 quod
3428 2578 3611 2676 quia
3650 2587 3811 2653 erat

2264 2705 2663 2794 assumpta
2692 2721 2782 2772 ex
2818 2697 3137 2787 unione,
3174 2696 3316 2770 fuit
3344 2694 3813 2792 impeccabi-

2264 2814 2383 2888 lis.
2443 2815 2554 2888 Ad
2629 2816 2770 2888 hoc
2839 2825 2955 2889 est
3019 2814 3240 2906 ratiO,
3330 2835 3481 2885 non
3562 2819 3812 2909 potest
3844 2811 4148 2925 Βδῑῑὲηξῐῑ·

2264 2941 2541 3004 natura
2582 2953 2884 3005 summe
2935 2929 3221 3005 elevari
3269 2928 3362 3002 ad
3414 2950 3805 3002 summum

2264 3070 2449 3143 esse,
2499 3048 2648 3122 nisi
2691 3047 3035 3146 potentia
3066 3048 3413 3123 elevatur
3444 3045 3539 3120 ad
3594 3068 3813 3118 sum-

2266 3188 2480 3240 mum
2514 3189 2740 3264 aqere
2776 3194 2803 3251 ,·
2868 3165 3001 3240 sed
3069 3173 3346 3239 natura
3412 3171 3813 3260 assumpta

2264 3291 2377 3356 est
2473 3305 2773 3357 summe
2876 3283 3171 3356 elevata
3251 3280 3345 3356 ad
3419 3302 3809 3353 summum

2263 3421 2422 3472 esse
2451 3425 2481 3485 ,·
2533 3396 2769 3494 igitur
2818 3421 2911 3473 ex
2963 3397 3233 3472 eadem
3300 3394 3641 3494 potentia
3716 3393 3810 3467 ad

2262 3537 2654 3587 summum
2689 3538 2914 3613 agere
2951 3543 2977 3600 ,·
3014 3513 3250 3612 igitur
3283 3513 3450 3611 ipsa
3480 3510 3590 3616 sic
3649 3511 3811 3585 ele-

2259 3639 2436 3706 vata
2466 3655 2620 3705 non
2654 3630 2903 3729 potuit
2935 3654 3284 3730 peccare.

2359 3748 2574 3840 Item,
2620 3747 2714 3821 ad
2772 3749 2915 3821 hoc
2964 3756 3078 3822 est
3126 3747 3317 3821 ratio
3378 3742 3737 3843 specialis
3784 3766 3799 3816 :
3859 3791 4132 3846 Secunda.

2262 3865 2546 3938 Omnes
2589 3864 3079 3962 operationes
3110 3861 3390 3936 Christi
3422 3869 3603 3935 sunt
3630 3882 3809 3958 ope-

2262 3979 2598 4055 rationes
2673 3980 2904 4054 Verbi
2961 4003 3099 4076 per
3165 3977 3808 4053 communicatio—

2263 4119 2440 4169 nem
2482 4096 2930 4170 idiomatum
2971 4123 2989 4188 ;
3048 4095 3285 4191 igitur
3330 4092 3805 4192 impossibile

2261 4225 2373 4289 est
2443 4226 2797 4288 naturam
2893 4222 3362 4311 assumptam
3454 4234 3801 4309 pecc-are,

2263 4329 2411 4403 nisi
2471 4330 2811 4403 Verbum
2875 4330 3187 4426 oblique
3265 4336 3521 4424 ageret
3585 4359 3600 4418 ;
3671 4328 3801 4402 sed

2261 4449 2405 4520 hoc
2437 4455 2638 4521 esset
2669 4446 3009 4521 Verbum
3036 4469 3189 4520 non
3226 4469 3395 4521 esse
3416 4445 3752 4520 Verbum
3779 4472 3798 4539 ;

2259 4563 2520 4662 igitur,
2557 4574 2699 4640 etc.

2793 4853 3161 4910 SCHOLIUM
3223 4856 3266 4909 1.

2334 5003 2416 5058 Ex
2464 5002 2520 5056 vi
2570 5003 2805 5058 unionis
2855 5001 3231 5075 hypostaticae
3281 5003 3540 5075 praecise,
3598 5009 3808 5060 natura

2261 5099 2565 5165 assumpta
2609 5111 2723 5149 non
2758 5094 3020 5148 redditur
3068 5093 3484 5165 impeccabilis.
3537 5098 3623 5150 Ita
3651 5095 3805 5151 Doct.

2261 5184 2357 5241 hic
2389 5191 2445 5240 et
2475 5201 2650 5256 supra
2691 5186 2749 5239 d.
2783 5185 2839 5240 2.
2880 5202 2938 5257 q.
2992 5202 3034 5240 1.
3084 5186 3424 5255 Sequuntur
3466 5190 3641 5242 fleur.
3699 5188 3808 5243 Ru-

2263 5275 2422 5331 bion.
2467 5275 2641 5332 Gabr.
2705 5273 2918 5330 Marsil.
2981 5275 3202 5331 Bassol.
3265 5276 3516 5331 Durand.
3582 5277 3804 5345 Rhada,

2261 5365 2443 5436 citati,
2478 5366 2735 5436 ovando,
2784 5366 2987 5434 Faber,
3045 5366 3378 5423 Tartaretus
3426 5372 3483 5422 et
3531 5367 3803 5423 Leuchet.

2262 5455 2376 5525 hic,
2426 5461 2482 5511 et
2556 5473 2762 5512 omn-es
2821 5456 3107 5512 Scotistffl.
3166 5457 3434 5514 Christus
3485 5458 3802 5513 secundum

2263 5543 2408 5600 hanc
2439 5545 2786 5600 sententiam
2853 5560 2965 5599 non
3027 5549 3116 5599 est
3173 5544 3573 5618 impeccabilis
3630 5561 3698 5600 ex
3750 5546 3802 5601 vi

2261 5633 2492 5689 unionis
2524 5635 2779 5704 praecise.
2822 5633 3070 5698 Quidam
3117 5636 3198 5691 ita
3245 5635 3594 5691 inflammati
3639 5639 3800 5703 sunt,
