4295 6326
657 328 786 398 368

660 503 970 601 quando
1012 498 1264 579 emisit
1316 500 1700 600 spiritum,
1752 520 1908 573 non
1966 497 2204 572 fuisse

662 630 1038 697 mortuus.

761 739 972 823 Item,
1034 737 1291 811 anima
1331 732 1609 809 Christi
1661 719 1909 829 magis
1967 729 2204 805 domi-

661 864 889 928 natur
947 853 1280 952 corpori,
1320 875 1550 951 quam
1614 847 1985 947 appetitui
2037 871 2206 922 sen-

661 970 1193 1070 sitiv05'primo
1227 969 1630 1045 Politicor.
1687 991 1852 1065 cap.
1890 965 1960 1038 3.
2020 966 2205 1063 quia

660 1114 945 1189 corpus
977 1090 1260 1165 animae
1300 1088 1373 1161 in
1420 1087 1634 1161 nullo
1669 1093 1918 1183 potest
1973 1082 2204 1157 resis-

657 1216 814 1282 tere
847 1233 866 1300 3
902 1206 1036 1282 sed
1080 1205 1341 1280 anima
1371 1201 1648 1278 Christi
1709 1200 2043 1276 totaliter
2075 1198 2202 1273 do-

658 1320 1098 1398 minabatur
1137 1318 1506 1421 appetitui
1550 1315 1919 1392 sensitivo
1971 1316 2138 1412 ejus
2174 1341 2193 1408 ;

656 1435 898 1534 igitur
937 1447 1014 1514 et
1078 1434 1435 1535 corpori3
1494 1433 1727 1528 igitur
1784 1430 2032 1530 potuit
2089 1452 2200 1505 re-

657 1553 1035 1653 mansisse
1118 1551 1194 1628 in
1286 1571 1604 1646 corpore
1669 1540 1984 1644 'quando
2049 1543 2199 1627 exi-

652 1668 792 1744 vit.

748 1785 1196 1885 Oppositum
1235 1809 1262 1858 .·
1315 1785 1612 1882 Corpus
1704 1780 1985 1857 Christi
2036 1780 2199 1856 >ha-

649 1904 815 1980 buit
846 1904 1384 1978 necessitatem
1417 1898 1783 2001 patiendi,
1820 1898 1886 1972 si
1928 1898 2201 1972 fuisset

632 2019 988 2098 ‚exterius
1069 2041 1625 2116 corrumpens3
1675 2014 1808 2089 sed
1885 2037 1976 2089 ex
2063 2013 2194 2087 illa

651 2137 1009 2236 passione
1044 2138 1239 2211 facta
1269 2146 1382 2211 est
1425 2143 1637 2209 tanta
1677 2132 2189 2231 indispositiO,

649 2254 857 2352 quod
904 2253 1337 2330 necessario
1415 2257 1870 2363 sequeretur
1925 2273 2188 2342 mors;

649 2371 885 2469 igitur
940 2395 1094 2445 non
1153 2380 1267 2445 est
1334 2369 1412 2452 in
1479 2376 1849 2469 potestate
1908 2366 2191 2443 animae

647 2486 952 2572 Christi,
1014 2485 1401 2563 Christum
1440 2494 1618 2567 tuno
1669 2506 1823 2555 non
1871 2482 2088 2556 mori.

334 758 597 818 Tertium,

348 1817 561 1872 Contra.

1197 2796 1559 2855 SCHOLIUM
1601 2798 1645 2854 1.

724 2946 984 3019 Explicat
1016 2948 1302 3018 quomodo
1352 2963 1566 3020 corpus
1606 2946 1816 3003 Christi
1866 2948 2195 3022 (supposito

650 3035 960 3102 miraculo,
990 3036 1142 3108 quod
1177 3035 1360 3107 gloria
1391 3037 1449 3092 in
1485 3035 1627 3092 illud
1673 3036 2037 3110 redundavit)
2087 3038 2197 3094 ruit

652 3125 894 3184 mortale
950 3131 1008 3182 et
1064 3126 1343 3200 passibile
1399 3128 1470 3184 ab
1527 3127 1841 3185 intrinseco
1900 3132 1957 3185 et
1984 3127 2198 3185 extrin-

650 3231 800 3283 sece,
824 3216 977 3272 sicut
1007 3223 1210 3272 caetera
1250 3215 1507 3274 humana
1538 3232 1799 3288 corpora.

441 3431 505 3498 3,
752 3407 866 3482 Ad
962 3407 1290 3505 primam
1377 3408 1918 3505 quaestionem,
2021 3407 2191 3483 dico

298 3549 597 3602 Necessitas
653 3524 858 3621 quod
945 3525 1352 3598 necessitas
1447 3524 1851 3622 dupliciter
1946 3534 2195 3623 potest

328 3611 592 3740 Ἓῗῆξῗέἓὶ
652 3641 924 3739 accipi,
954 3643 1075 3715 vel
1131 3665 1268 3739 pro
1331 3642 1782 3717 necessitate
1840 3643 2192 3718 absoluta

651 3758 1026 3834 moriendi
1072 3761 1496 3833 secundum
1554 3782 1664 3853 se,
1711 3760 1829 3833 vel
1873 3784 2008 3858 pro
2052 3784 2192 3836 ne-

647 3874 999 3951 cessitate
1041 3874 1448 3968 moriendi,
1501 3874 1565 3949 si
1616 3875 2190 3974 approximetur

644 4018 888 4091 agens
929 3992 1182 4092 ipsum
1216 4017 1746 4092 corrumpens.
1808 3994 1889 4068 Si
1929 3995 2189 4070 consi-

643 4110 953 4187 deretur
999 4133 1311 4208 passum
1355 4110 1558 4207 quod
1611 4119 1907 4185 tantum
1949 4119 2061 4186 est
2105 4111 2180 4184 in

642 4225 985 4325 potentia
1056 4224 1681 4301 contradictionis
1749 4227 1842 4301 ad
1902 4228 2056 4326 pati
2111 4238 2186 4304 et

640 4368 798 4419 non
843 4343 1022 4442 pati,
1065 4344 1366 4418 nullum
1403 4344 1547 4418 tale
1589 4344 1819 4419 habet
1859 4346 2187 4421 necessi-

637 4468 869 4534 tatem
927 4459 1356 4533 absolutam
1422 4459 1515 4532 ad
1575 4460 2178 4559 corruptionem,

637 4576 821 4674 quia
861 4600 1204 4674 passum,
1260 4575 1465 4672 quod
1517 4586 1632 4650 est
1699 4575 1776 4649 in
1844 4579 2185 4675 potentia

637 4692 1264 4772 contradictionis
1297 4695 1391 4770 ad
1424 4704 1829 4794 utramque
1853 4708 2177 4795 partem,

637 4815 732 4890 ad
767 4823 1119 4889 neutram
1153 4810 1383 4886 habet
1424 4813 1982 4890 necessitatem.
2029 4817 2181 4891 Lo-

639 4926 949 5027 quendo
991 4925 1082 4999 de
1138 4926 1478 4999 secunda
1541 4927 2024 5021 necessitate,
2069 4927 2179 5003 sic

635 5053 885 5143 potest
925 5066 1236 5140 passum
1279 5041 1563 5117 habere
1643 5045 2176 5120 necessitatem

634 5155 1203 5256 corrumpendi,
1281 5155 1343 5231 si
1413 5159 1985 5255 approximetur
2050 5186 2180 5260 po-

633 5277 818 5352 tenti
864 5274 1113 5373 ipsum
1160 5295 1678 5371 corrumpere,
1717 5285 1789 5351 et
1829 5301 1982 5351 non
2026 5277 2177 5351 im-

634 5394 917 5493 pedito,
963 5392 1205 5466 donec
1275 5392 1752 5487 compleatur
1816 5394 2040 5489 actio,
2103 5405 2178 5470 et

632 5510 912 5585 dicitur
968 5505 1406 5582 necessario
1484 5508 1641 5606 pati
1720 5511 1971 5590 statim
2033 5536 2176 5611 ap-

2035 320 2277 392 LlBRI
2323 319 2446 390 111.

2315 495 2830 595 proximatum
2875 495 2969 572 ad
3001 518 3271 594 egem,
3317 494 3500 594 quia
3539 518 3690 570 non
3755 503 3869 570 est

2316 611 2394 684 in
2439 610 2606 707 ejus
2647 619 3021 709 potestate
3057 634 3212 686 non
3256 610 3437 708 pati.

2410 727 2832 826 Loquendo
2868 726 3102 824 igitur
3133 727 3227 803 de
3269 736 3512 802 morte
3553 748 3598 801 a
3626 748 3863 802 causa

2312 844 2768 937 extrinseca,
2805 844 3038 919 talem
3089 843 3625 919 necessitatem
3670 866 3860 917 con-

2310 960 2760 1034 ditionatam
2828 960 3248 1059 assumpsit
3322 960 3701 1052 ChristuS,
3790 959 3857 1034 si

2308 1075 2731 1151 occurrerit
2858 1077 3377 1153 extrinsecum
3485 1076 3848 1164 activum,

2308 1193 2514 1290 quod
2565 1191 2913 1267 redderet
2969 1217 3250 1291 corpus
3306 1192 3855 1292 improportio-

2306 1309 2477 1383 nale
2521 1308 2829 1383 animoe.
2862 1312 2954 1383 Et
2984 1309 3237 1384 adhuc
3263 1309 3344 1383 in
3378 1332 3697 1409 corpore
3739 1318 3855 1385 est

2302 1426 2613 1523 aliquod
2667 1426 3169 1526 principium,
3221 1428 3449 1502 etiam
3501 1427 3853 1504 intrinse-

2302 1564 2506 1629 cum,
2607 1543 2902 1619 ratione
2999 1542 3222 1642 cujus
3296 1564 3619 1651 necesse
3710 1544 3851 1619 fuit

2302 1659 2689 1734 Christum
2773 1660 3192 1760 corrumpi,
3281 1648 3437 1737 οὔ
3520 1668 3672 1736 mon
3752 1686 3850 1737 ex

2301 1798 2536 1851 causa
2566 1777 3011 1852 intrinseca.
3050 1774 3273 1865 Quod
3301 1772 3633 1869 declaro,
3663 1787 3849 1878 puta
3878 1777 4197 1894 hfilfflffuge·

2302 1893 2631 1991 primum
2669 1895 3104 1992 personale,
3140 1896 3221 1969 et
3252 1888 3499 1993 primo
3541 1920 3847 1971 assum-
3877 1904 4196 2020 οεεῡίἰῐιξῧω

2299 2019 2513 2107 ptum
2541 2008 2680 2083 fuit
2704 2018 2859 2083 tota
2888 2020 3166 2115 natura
3187 2010 3554 2088 humana.
3584 2012 3846 2088 Potest
3876 1981 4198 2095 ῗῖοἷῃῗὲωὸ·

2299 2116 2533 2222 igitur
2571 2126 3041 2202 considerari
3114 2126 3192 2201 in
3242 2130 3487 2227 primo
3529 2128 3844 2206 instanti
3982 2095 4051 2144 ‘¹⁰
4079 2096 4105 2145 r

2300 2252 2627 2337 naturoe,
2656 2243 2734 2316 in
2775 2267 2929 2341 quo
2946 2242 3285 2319 Verbum
3314 2246 3520 2322 illam
3556 2270 3846 2322 assum-

2300 2358 2473 2457 psit.
2509 2360 2590 2432 In
2649 2360 2987 2435 secundo
3029 2359 3342 2436 instanti
3375 2373 3623 2459 potest
3650 2363 3848 2438 Ver-

2222 2564 2225 2569 .
2299 2475 2485 2550 bum
2518 2476 2948 2574 comparari
2990 2477 3084 2551 ad
3110 2479 3519 2575 qualitates
3572 2504 3851 2557 conse-

2302 2603 2627 2690 quentes
2649 2603 3004 2670 naturam
3030 2597 3454 2671 humanam
3489 2598 3565 2670 in
3600 2598 3855 2673 Chris·

2303 2719 2402 2783 to.
2435 2711 2518 2784 In
2561 2711 2782 2786 tertio
2829 2712 3141 2787 instanti
3206 2722 3454 2812 potest
3493 2714 3853 2790 conside-

2303 2832 2453 2906 rari
2514 2831 2661 2907 ista
2726 2843 3027 2927 natura,
3094 2843 3176 2910 ut
3242 2859 3382 2933 per
3438 2836 3849 2934 qualitates

2302 2959 2793 3046 comparatur
2810 2950 2915 3024 ad
2939 2974 3164 3048 aqere
3203 2961 3277 3025 et
3306 2952 3501 3050 pati.
3542 2953 3622 3028 Si
3655 2960 3843 3030 con-

2303 3064 2869 3140 siderareturin
2925 3064 3171 3166 primo
3204 3066 3548 3163 instanti,
3584 3092 3675 3145 ex
3702 3071 3852 3145 hoc

2304 3183 2506 3281 quod
2549 3182 2969 3258 assumitur
2991 3194 3267 3259 natura
3293 3186 3659 3277 humana,
3689 3188 3853 3263 nul÷

2304 3300 2376 3373 la
2441 3309 2556 3374 est
2612 3322 2846 3375 causa
2904 3301 3380 3377 necessitatis
3437 3303 3844 3401 moriendi,

2303 3414 2485 3513 quia
2507 3438 2682 3489 cum
2716 3425 2994 3490 natura
3013 3418 3356 3493 humana
3385 3418 3484 3493 sit
3508 3420 3731 3495 modo
3762 3420 3844 3495 in

2300 3531 2631 3626 Christo,
2678 3532 2843 3630 ipsa
2887 3544 3087 3608 esset
3141 3534 3364 3608 modo
3431 3559 3666 3612 causa
3705 3560 3847 3614 ne-

2301 3648 2676 3723 cessitatis
2732 3649 3132 3725 moriendi.
3182 3652 3268 3724 In
3310 3655 3656 3731 secundo
3720 3653 3845 3728 in-

2299 3765 2526 3839 stanti
2562 3775 2675 3840 est
2704 3765 3036 3863 qualitas
3066 3767 3304 3865 partis
3335 3769 3837 3867 perfectioriS,

2298 3881 2589 3956 scilicet
2634 3881 2894 3955 anima
2950 3884 3178 3981 plena
3257 3886 3527 3981 gloria,
3575 3898 3648 3963 et
3715 3889 3844 3965 ad-

2298 3999 2449 4072 huc
2492 4022 2644 4071 non
2690 3998 2957 4072 fuisset
2988 3999 3249 4098 aliqua
3304 4003 3643 4098 potentia
3674 4029 3840 4082 mo-

2296 4113 2543 4190 riendi
2599 4115 2674 4187 in
2720 4114 3052 4209 ChristO,
3134 4116 3282 4190 nisi
3344 4120 3833 4219 miraculose,

2296 4226 2480 4324 quia
2580 4227 2673 4302 ad
2757 4228 3315 4326 plenitudinem
3385 4233 3653 4329 gloriae
3756 4237 3835 4310 in

2294 4342 2552 4417 anima
2609 4342 2889 4419 Christi
2958 4344 3308 4444 sequitur
3377 4348 3835 4444 glorificatio

2293 4459 2662 4557 corporis,
2697 4484 2836 4559 per
2872 4462 3391 4558 Augustinum
3444 4464 3527 4540 in
3593 4468 3835 4571 Epis-

2291 4576 2448 4652 tola
2485 4576 2590 4654 ad
2625 4577 3137 4665 Dioscoram,·
3176 4580 3408 4678 igitur
3438 4583 3500 4657 si
3545 4586 3636 4660 ad
3668 4588 3830 4685 ple-

2293 4691 2719 4767 nitudinem
2789 4693 3054 4790 gloriae
3133 4694 3411 4771 animae
3480 4722 3636 4773 non
3714 4726 3836 4778 se-

2292 4811 2672 4909 quebatur
2702 4810 3098 4909 plenitudo
3139 4813 3405 4910 gloriae
3457 4821 3827 4916 corporis,

2290 4930 2436 5001 hoc
2495 4928 2634 5002 suit
2675 4952 2810 5026 per
2861 4928 3318 5003 miraculum
3370 4933 3833 5013 subtrahens

2289 5033 2613 5142 gloriam
2663 5044 3030 5143 corporis.
3094 5045 3175 5119 In
3240 5049 3461 5123 tertio
3516 5050 3831 5129 instanti

2289 5174 2538 5263 potest
2584 5163 3054 5240 considerari
3115 5164 3401 5262 anima,
3453 5178 3535 5244 ut
3601 5173 3832 5270 plena

2288 5283 2560 5378 gloria,
2593 5292 2669 5357 et
2725 5307 3004 5381 corpus
3056 5307 3208 5357 non
3252 5286 3765 5380 glorificatum
3803 5319 3821 5385 3

2288 5410 2362 5474 et
2402 5409 2584 5474 tunc
2617 5399 3117 5498 concipiendo
3157 5399 3525 5498 Verbum,
3567 5416 3646 5480 ut
3686 5409 3827 5481 ha-

2289 5515 2480 5591 bens
2538 5525 2920 5610 naturam,
2993 5524 3067 5589 et
3128 5517 3318 5592 tales
3385 5521 3819 5619 qualitates,
