4295 6326
1523 429 1751 498 DIST.
1802 428 1924 507 ΙΙΙ.
1975 428 2392 509 QUAESTIO
2442 432 2493 498 Ι.

397 604 520 669 tur
538 597 671 695 Jan
688 625 783 676 ua
811 602 1090 679 virtute
1122 602 1506 703 passionis
1530 603 1881 702 praevisae
1912 632 1931 698 3

399 711 568 787 dico
595 714 829 811 igitur
855 721 1058 817 quod
1096 730 1421 819 utroque
1471 720 1697 795 modo
1740 720 1943 793 indi-

399 829 564 922 guit
629 833 853 910 beata
899 835 1134 934 Virgo
1199 837 1595 936 apertione
1645 836 1935 933 janum.

401 945 685 1044 Primo,
753 964 833 1026 ut
893 955 1452 1051 praeveniretur
1491 956 1745 1053 culpa.
1798 954 1940 1028 Se-

402 1065 683 1159 cundO,
724 1077 803 1141 ut
843 1079 1015 1144 actu
1074 1071 1503 1169 aperiretur
1532 1071 1776 1166 janua
1807 1094 1944 1168 per

404 1189 721 1257 mortem
757 1184 1035 1259 Christi
1077 1185 1519 1261 exhibitam.

498 1297 801 1373 Etcum
856 1301 1134 1401 dieitur
1209 1310 1474 1399 postea
1541 1302 1747 1398 quod
1805 1301 1942 1375 fuit

401 1417 853 1492 naturaliter
945 1428 1395 1517 propagata,
1470 1419 1639 1493 dico
1737 1418 1940 1516 quod

400 1534 847 1631 propagatio
890 1559 1041 1610 non
1086 1546 1200 1611 est
1232 1560 1467 1612 causa
1505 1535 1943 1611 necessaria

398 1653 687 1748 peccati
743 1653 1168 1750 originalis,
1208 1655 1390 1752 quia
1446 1653 1935 1729 manifestum

395 1772 746 1868 estquod
790 1780 1037 1871 potest
1074 1774 1240 1847 sine
1282 1797 1372 1847 eo
1424 1772 1617 1863 fieri,
1654 1783 1724 1847 et
1759 1772 1943 1870 quia

395 1896 643 1984 potest
691 1887 1045 1988 impediri
1079 1914 1123 1964 a
1154 1913 1388 1965 causa
1437 1888 1723 1963 fortiori
1770 1913 1943 1963 cau-

388 2013 605 2078 sante
644 2006 1115 2080 contrarium
1159 2006 1235 2079 in
1272 2006 1577 2098 anima;
1625 2013 1698 2078 et
1738 2012 1942 2102 patet

392 2123 595 2220 quod
671 2124 938 2218 habuit
995 2148 1265 2222 poenas
1334 2122 1693 2216 inflictas,
1762 2123 1944 2219 quia

393 2241 535 2314 hoc
608 2240 748 2315 l'uit
810 2243 1039 2336 utile3
1088 2243 1219 2317 sed
1286 2243 1515 2340 culpa
1572 2239 1764 2314 nulli
1831 2249 1945 2314 est

391 2355 603 2432 utilis
636 2356 1097 2455 inquantum
1144 2359 1396 2457 culpa.

920 2562 1282 2620 SCHOLIUM
1317 2563 1414 2618 111.

458 2711 726 2782 Explicat
758 2711 975 2785 optime
1009 2713 1188 2785 primo
1220 2712 1509 2785 quomodo
1540 2710 1700 2783 prius
1734 2714 1945 2765 natura

394 2802 505 2856 suit
539 2802 594 2856 in
624 2818 757 2869 esse,
810 2819 986 2873 quarn
1030 2803 1193 2873 justa
1242 2802 1325 2858 vel
1378 2802 1622 2872 injusta,
1664 2799 1802 2871 quia
1846 2815 1946 2870 pro

391 2888 490 2946 illo
522 2891 783 2957 instanti,
834 2910 938 2949 nec
985 2893 1192 2948 habuit
1235 2891 1556 2963 justitiam,
1612 2906 1717 2947 nec
1759 2890 1947 2945 caruit

394 2994 501 3048 ea3
536 2998 671 3036 narn
713 2981 768 3035 in
814 2983 1073 3038 secundo
1120 2986 1349 3037 tantum
1396 2980 1639 3036 instanti
1691 2980 1945 3036 alterum

391 3068 599 3126 horum
632 3071 743 3143 ipsi
777 3073 1119 3139 debebatur,
1152 3077 1211 3126 et
1240 3070 1381 3126 illud
1436 3075 1593 3127 esset
1636 3071 1943 3142 injustitia,

397 3159 512 3216 nisi
544 3166 697 3217 esset
730 3169 1043 3234 praeventa.
1084 3161 1371 3229 Secundo,
1419 3161 1501 3216 ait
1558 3159 1833 3232 possibile
1879 3160 1943 3215 Β.

408 3251 698 3323 Virginem
731 3271 832 3325 pcr
861 3254 1089 3310 instans
1120 3259 1350 3310 tantum
1386 3252 1567 3309 fuisse
1607 3254 1664 3308 in
1688 3256 1944 3324 peccato,

396 3346 455 3398 et
478 3352 736 3414 tempore
785 3344 1124 3401 immediate
1166 3343 1431 3416 sequenti
1485 3344 1543 3399 in
1598 3344 1808 3415 gratia,
1859 3340 1945 3397 vel

399 3447 501 3502 per
526 3437 762 3504 tempus
792 3433 850 3488 in
886 3439 1143 3505 peccate,
1176 3441 1231 3490 et
1277 3434 1335 3507 in
1389 3433 1630 3489 instanti
1681 3432 1951 3488 termina-

400 3523 516 3577 tivo
569 3522 696 3592 ejus
742 3523 809 3578 in'
850 3524 1056 3595 gratia,
1106 3523 1194 3579 vel
1242 3523 1330 3595 (ut
1372 3527 1442 3579 de
1485 3523 1634 3578 sacto
1682 3521 1947 3594 contigit)

402 3627 701 3682 nunquam
752 3614 926 3669 fuisse
974 3614 1031 3668 in
1092 3618 1348 3685 peccato.
1402 3613 1503 3669 Hic
1551 3608 1695 3667 nihil
1742 3612 1951 3668 asserit

394 3718 668 3773 expresse
726 3704 935 3760 Doctor
988 3704 1058 3759 de
1135 3703 1479 3776 quaestionc,
1545 3703 1642 3758 sed
1719 3706 1946 3759 tantum

397 3790 701 3863 implicite.
739 3793 843 3849 Pro
878 3791 1168 3849 solutione
1210 3801 1681 3862 argumentorum
1728 3792 1856 3849 vide
1886 3792 1946 3847 in

398 3881 576 3938 Oxou.
609 3882 801 3937 schol.
837 3881 934 3939 hic
969 3898 1130 3939 num.
1164 3882 1248 3938 44.
1284 3889 1342 3938 ct
1372 3899 1472 3955 pro
1504 3881 1797 3955 completa
1839 3898 1946 3938 no-

395 3970 520 4028 titia
557 3972 921 4044 antiquitatis
965 3990 1068 4044 pro
1118 3972 1227 4030 hac
1273 3974 1536 4040 veritate,
1588 3973 1715 4046 lege
1764 3973 1949 4029 Rosa·

396 4060 546 4116 rium
583 4072 709 4133 post
741 4061 1215 4118 tertiumlibrum
1267 4061 1469 4134 scripti
1512 4061 1694 4117 Oxou.
1736 4061 1950 4117 editio-

398 4150 488 4207 nis
524 4150 987 4223 Antvcrpiensis‚
1013 4147 1113 4215 nbi
1155 4168 1254 4223 per
1285 4153 1478 4208 omnia
1518 4151 1731 4208 saecula
1761 4151 1943 4209 babes

398 4240 506 4297 tide
560 4240 905 4313 dignissima
952 4241 1311 4298 testimonia.
1358 4242 1466 4298 Sed
1520 4242 1778 4314 amplius
1826 4259 1941 4298 non

395 4318 541 4402 opus
572 4337 658 4386 est
688 4330 857 4403 plura
886 4331 957 4386 de
986 4330 1094 4386 hac
1126 4347 1185 4386 re
1229 4331 1598 4403 investigare,
1630 4331 1766 4402 quia
1795 4336 1945 4387 Pau-

396 4419 482 4476 lus
527 4427 680 4493 Papa
729 4422 787 4478 V.
837 4418 1003 4476 Bulla
1044 4422 1178 4476 data
1230 4438 1382 4477 anno
1428 4420 1591 4476 4617.
1639 4420 1940 4478 silentium

391 4510 673 4583 imposuit
702 4513 891 4583 quoad
925 4517 1090 4567 actus
1120 4510 1406 4583 publicOS,
1441 4528 1515 4568 ne
1555 4511 1687 4584 quis
1737 4518 1940 4569 contra

392 4603 823 4675 conceptionem
858 4603 1062 4673 quovis
1096 4603 1267 4658 modo
1298 4602 1592 4675 loquatur.
1641 4606 1731 4659 Ex
1778 4620 1934 4660 occa·

389 4693 563 4757 sione,
598 4692 811 4763 inquit,
844 4693 1220 4762 affirmativae,
1253 4692 1396 4764 quod
1445 4694 1507 4747 B.
1565 4691 1722 4761 Virgo
1767 4696 1941 4765 suerit

390 4783 451 4836 in
479 4781 750 4849 oriyinali
778 4785 1064 4852 concepta,
1095 4782 1357 4837 oriuntur
1405 4783 1463 4837 in
1505 4783 1709 4853 populo
1758 4782 1935 4839 Chris-

388 4873 562 4939 tiano,
588 4888 713 4929 cum
748 4889 945 4943 magna
975 4872 1071 4928 Dei
1101 4873 1327 4944 offensa,
1376 4872 1663 4940 scandala,
1704 4874 1934 4946 jur-qia,

386 4970 438 5017 et
463 4961 848 5031 dissensiones,
876 4961 1002 5018 ideo
1022 4962 1283 5034 praecipit
1313 4962 1563 5019 omnibus
1593 4966 1645 5018 et
1691 4963 1935 5034 sinqulis

388 5052 773 5123 cujuscumque
801 5050 915 5106 sint
946 5053 1141 5118 status,
1172 5058 1272 5106 etc.
1312 5059 1370 5107 ut
1400 5069 1513 5109 non
1541 5052 1780 5107 audeant
1825 5070 1934 5124 pu-

388 5143 541 5200 blicis
564 5146 934 5210 concionibus,
968 5143 1430 5213 conclusionibus,
1473 5146 1818 5211 lectionibus,
1854 5148 1935 5203 vel

386 5235 515 5290 aliis
546 5235 975 5307 quibuscumque
997 5235 1208 5291 actibus
1225 5234 1482 5306 publicis,
1516 5252 1762 5292 asserere
1791 5236 1937 5308 quod

3440 428 3591 495 ,265

2043 602 2298 659 omnibus
2326 612 2377 659 ee
2405 604 2665 675 singulis,
2695 619 2766 659 ne
2794 603 2857 659 de
2904 610 3131 669 coetero,
3173 602 3341 657 etiam
3381 602 3436 655 in
3475 616 3591 655 ser-

2042 693 2295 748 monibus
2324 696 2378 748 et
2405 693 2625 765 scriptis
2645 693 2898 765 privatis,
2925 693 3164 746 audeant
3183 705 3419 746 asserere
3447 689 3590 761 quod

2047 785 2107 838 B.
2146 782 2302 854 Virqo
2333 792 2592 855 conceptu
2619 785 2793 854 suerit
2825 785 2882 837 in
2908 791 3125 854 peccato
3163 779 3453 851 oriyinale}
3493 793 3592 832 nec

2044 873 2109 927 de
2138 872 2240 928 hac
2268 875 2525 945 opinione
2555 873 2902 944 affirmativa
2932 873 3045 928 ullo
3090 871 3246 926 modo
3296 884 3465 939 onere
3508 868 3588 922 vel

2046 970 2301 1020 tractare.
2336 965 2640 1035 Nihitjam
2682 965 2865 1032 deest,
2912 964 3023 1020 nisi
3075 961 3348 1034 expressa
3397 965 3453 1017 et
3496 977 3587 1016 so-

2045 1053 2257 1109 lemnis
2295 1055 2580 1124 delinitio,
2611 1071 2787 1125 quam
2823 1056 2880 1109 in
2924 1054 3046 1110 dies
3093 1054 3513 1125 praestolamur.

2044 1146 2206 1206 (Lata
2237 1150 2327 1198 est
2360 1144 2590 1199 tendem
2627 1162 2657 1199 a
2693 1144 2788 1200 Pio
2818 1144 2939 1214 lx).

2143 1324 2393 1415 DiceS,
2431 1324 2576 1399 ista
2602 1323 2964 1399 videntur
2994 1322 3372 1421 opposita,
3405 1321 3588 1420 quia
3731 1357 3837 1425 10·

2048 1442 2124 1514 in
2160 1441 2406 1539 primo
2474 1440 2787 1515 instanti
2858 1450 3155 1515 natura)
3199 1450 3312 1514 est
3342 1439 3587 1512 Maria
3618 1474 3933 1543 sanectum

2048 1557 2208 1632 filia
2239 1558 2606 1632 naturalis
2637 1558 2849 1650 Adae,
2896 1581 3047 1630 non
3097 1557 3325 1631 habet
3355 1555 3586 1651 justi·
3621 1543 3936 1661 0323?ssss-

2045 1676 2228 1749 tiam
2299 1675 2750 1771 originalem
2809 1675 2886 1748 in
2958 1675 3203 1772 primo
3273 1674 3584 1748 instanti
3619 1665 3939 1774 {fflssun‘gu‘jt

2047 1801 2393 1884 naturae3
2436 1790 2670 1886 igitur
2728 1799 2935 1865 caret
2985 1814 3099 1880 ea,
3166 1789 3348 1886 quia
3415 1797 3590 1885 apta
3649 1786 3914 1900 ‘gssggtffl

2036 1920 2230 1984 ¹nata
2270 1919 2385 1983 est
2451 1909 2732 1983 habere
2803 1932 3000 2001 eam,
3076 1918 3157 1981 ut
3233 1906 3583 1981 debitrix.

2047 2027 2236 2100 Dico
2282 2024 2485 2122 quod
2520 2024 2949 2120 subjectum
2997 2032 3245 2122 potest
3277 2047 3594 2119 compa-

2049 2143 2198 2217 rari
2261 2142 2353 2215 ad
2399 2142 2749 2233 formam,
2795 2150 2870 2216 et
2910 2140 3003 2214 ad
3048 2141 3587 2238 privationem,

2048 2269 2122 2335 et
2161 2259 2412 2357 ipsum
2478 2268 2590 2333 est
2647 2258 2860 2355 prius
2928 2268 3203 2332 natura
3267 2266 3591 2355 utroque

2049 2375 2398 2449 istorum.
2447 2373 2818 2448 Similiter
2851 2373 3175 2470 privatio
3230 2382 3302 2446 et
3352 2373 3594 2447 forma

2051 2500 2378 2591 possunt
2429 2490 2860 2589 comparari
2911 2491 3007 2564 ad
3066 2491 3591 2590 susceptivum

2050 2633 2187 2708 pro
2218 2632 2606 2702 mensura,
2643 2632 2782 2705 pro
2812 2631 2966 2707 quo
3009 2618 3271 2707 aptum
3325 2620 3590 2682 natum

2050 2737 2164 2802 est
2191 2728 2515 2802 alterum
2549 2724 2866 2799 istorum
2905 2726 3184 2800 inesse.
3221 2726 3300 2799 Si
3336 2726 3594 2823 loqua-
3625 2742 3818 2869 pstigga
3836 2739 3943 2853 5151&

2052 2868 2225 2918 mur
2310 2844 2558 2942 primo
2639 2844 2893 2930 mod0‚
2967 2867 3118 2916 non
3213 2844 3586 2941 sequitur,
3626 2869 3758 2917 tanti
3793 2873 3944 2916 natu-

2051 2961 2298 3058 gratia
2339 2985 2491 3034 non
2549 2960 2774 3052 inest,
2812 2959 3046 3056 igitur
3096 2960 3323 3057 culpa
3365 2960 3588 3053 inest,
3625 2944 3925 3056 ruiiegiffl,

2053 3078 2236 3178 quia
2296 3073 2405 3149 in'
2441 3077 2585 3151 isto
2641 3076 2873 3175 priori
2937 3085 3262 3172 naturas,
3309 3076 3384 3149 in
3440 3099 3592 3175 quo
3623 3058 3948 3191 gffiffiffissc

2051 3195 2577 3292 susceptivum
2670 3203 2783 3269 est
2861 3193 3075 3291 prius
3171 3193 3434 3267 habitu
3523 3187 3916 3309 etlssgffigss‘20

2052 3312 2513 3410 privatione,
2578 3320 2918 3385 nonest
2976 3320 3238 3386 natum
3313 3311 3595 3386 habere

2053 3454 2326 3512 unum,
2374 3453 2516 3505 nec
2549 3431 2874 3504 alterum
2909 3458 2926 3522 3
2964 3439 3220 3504 tamen
3267 3453 3403 3527 pro
3456 3428 3600 3503 ista

2052 3570 2443 3637 mensura,
2484 3570 2619 3644 pro
2655 3529 3158 3643 q'uaalterum
3190 3556 3452 3619 natum
3488 3556 3600 3620 est

2052 3665 2336 3759 inesse,
2375 3666 2438 3739 si
2475 3666 2784 3739 habitus
2813 3688 2962 3738 non
3010 3665 3237 3754 inest,
3274 3664 3599 3763 privatio

2051 3782 2277 3857 inest.
2327 3782 2406 3856 si
2472 3792 2729 3857 autem
2797 3805 3198 3879 compares
3252 3782 3594 3855 habitum

2052 3909 2125 3974 et
2156 3898 2668 3998 privationem
2705 3899 2797 3973 ad
2855 3885 2966 3993 se,
3015 3922 3484 3997 quamquam
3519 3898 3620 3971 in'

2048 4025 2329 4091 natura
2379 4025 2552 4114 post
2594 4019 2896 4115 lapsum
2931 4017 3147 4115 prius
3188 4017 3284 4091 sit
3325 4040 3599 4114 pecca-

2046 4142 2210 4208 tum
2254 4125 2489 4233 quam
2535 4135 2806 4231 gratia,
2843 4144 3097 4209 tamen
3173 4136 3316 4209 tale
3386 4135 3601 4233 prius

2050 4274 2450 4349 nunquam
2489 4260 2791 4349 oportet
2821 4252 3074 4326 inesse
3133 4252 3595 4349 cuicumque

2048 4370 2478 4469 suppositO,
2540 4372 2722 4470 quia
2781 4395 3251 4470 quamquam
3323 4381 3591 4447 natura

2045 4488 2307 4585 gravis
2340 4488 2485 4563 sibi
2521 4488 2836 4564 dimissa
2879 4490 3092 4587 prius
3136 4490 3445 4564 situata
3488 4514 3599 4564 es-

2042 4628 2125 4680 se
2159 4606 2550 4696 deorsum,
2588 4605 2831 4704 possit
2865 4614 3118 4681 tamen
3155 4608 3371 4705 prius
3413 4607 3594 4705 poni

2043 4746 2398 4819 sursum3
2445 4724 2552 4798 sic
2595 4732 2845 4822 potest
2876 4725 3295 4822 praeveniri
3337 4728 3610 4823 pecca·‘

2039 4850 2202 4915 tum
2252 4841 2628 4938 originale
2692 4841 2770 4915 in
2813 4842 3087 4935 Maria,
3127 4844 3330 4940 quod
3388 4868 3598 4919 nun-

2043 4981 2274 5056 quam
2309 4958 2516 5032 insit.
3655 5048 3658 5055 „

2137 5075 2393 5168 DiceS‚
2431 5075 2505 5147 in
2553 5076 2683 5149 illo
2727 5075 3072 5171 instanti,
3121 5078 3194 5150 in
3242 5100 3393 5175 quo
3428 5102 3580 5152 non

2037 5192 2268 5266 habet
2341 5191 2747 5289 justitiam,
2850 5194 3079 5268 habet
3167 5196 3635 5269 carentiam·

384 5325 554 5380 Beata
622 5325 777 5395 Virqo
834 5327 1093 5397 concepta
1156 5326 1329 5394 luerit
1377 5324 1439 5379 in
1498 5325 1785 5397 oriqinali,
1831 5326 1929 5381 sub
2025 5308 2571 5407 justiiioe‚quia
2597 5320 2777 5384 tunc
2812 5321 2925 5385 eSt
2957 5311 3587 5408 debitl'ix;igiiu1'

382 5415 721 5483 pravissimis
744 5417 916 5486 poenis
952 5419 1004 5470 et
1027 5416 1272 5469 censuris
1302 5415 1420 5485 ipso
1461 5418 1603 5481 taceo
1634 5415 1928 5473 incurren-

384 5506 483 5560 dis.
515 5503 791 5560 Ultimum
837 5505 951 5560 fere
1000 5520 1235 5559 manum
1285 5506 1567 5577 imposuit
1612 5505 1930 5562 Sanctissi-

389 5610 512 5651 mus
542 5595 609 5651 D.
644 5595 954 5665 Gregorius
988 5596 1111 5654 XV.
1147 5593 1306 5651 Bulla
1340 5595 1477 5651 data
1504 5599 1558 5653 2.
1592 5597 1753 5653 Junii
1786 5596 1924 5651 anni

2034 5425 2296 5499 anima
2373 5436 2486 5500 est
2555 5427 2842 5523 injusta
2899 5426 2977 5499 in
3043 5428 3173 5501 illo
3236 5428 3572 5502 instanti.

2030 5541 2221 5617 Dico
2304 5544 2510 5641 quod
2601 5545 2663 5617 si
2755 5544 3183 5621 affirmatur
3248 5544 3573 5641 justitia,

272 5722 275 5725 n
389 5685 670 5745 currentis
720 5684 881 5742 4622.
934 5685 1044 5743 sub
1088 5685 1298 5742 iisdem
1334 5686 1549 5759 vpoenis
1579 5686 1926 5760 praecipiens
2027 5661 2224 5735 falsa
2289 5671 2403 5737 est
2461 5663 2916 5761 propositio,
2987 5663 3169 5762 quia
3210 5663 3285 5737 in
3333 5664 3580 5763 primo
