4295 6326
681 423 807 491 672
2147 427 2431 496 INDEX

1373 1345 1988 1470 LIBER
2133 1349 3163 1497 QUARTUS.

1790 2376 2322 2451 DISTlNCTIO
2381 2376 2719 2452 PRIMA.

1592 2666 1682 2728 De
1710 2667 2006 2727 creatione
2045 2674 2101 2727 et
2141 2665 2530 2726 sacramentis
2573 2666 2639 2726 in
2679 2683 2914 2745 qenere.

654 3103 1010 3177 QUAESTlO
1095 3105 1138 3165 1.
1189 3107 1409 3168 Utrum
1447 3102 1740 3183 possibile
1775 3101 1853 3162 sit
1879 3101 2157 3182 aliquam
2182 3106 2532 3161 creaturam
2570 3098 2802 3161 habere
2832 3100 3107 3182 aliquam
3145 3101 3579 3194 causalitatem

1255 3202 1633 3281 effectivam,
1671 3207 1955 3282 respectu
1987 3200 2256 3280 alicujus
2297 3198 2553 3261 effectus
2585 3199 2968 3278 producendi
3003 3218 3115 3279 per
3171 3201 3576 3263 creationem.
3745 3204 3860 3265 531

1072 3300 1147 3361 ll.
1196 3303 1417 3363 Utrum
1454 3299 1587 3359 baec
1620 3300 1699 3360 sit
1730 3316 1840 3380 per
1869 3316 1934 3359 se
1966 3297 2312 3359 essentialis
2342 3296 2626 3359 definitio
2665 3299 3043 3359 sacramenti
3073 3299 3244 3379 quod
3284 3306 3378 3361 eat
3423 3300 3580 3362 invi-

1256 3396 1450 3458 sibilis
1466 3404 1687 3477 qratiae
1717 3396 1974 3458 visibilis
2000 3397 2198 3478 forma
2287 3440 3576 3461 .............
3747 3400 3869 3463 544

1043 3500 1149 3559 ΙΙΙ.
1198 3500 1419 3560 Utrum
1454 3502 1851 3557 sacramenta
1883 3515 2060 3558 novae
2090 3495 2249 3575 legis
2279 3495 2558 3557 habeant
2587 3495 3024 3557 causalitatem
3057 3496 3327 3559 activam
3372 3515 3582 3579 respe-

1254 3601 1354 3658 ctu
1400 3595 1618 3674 gratioe
1647 3636 3575 3660 ...................
3742 3602 3869 3664 550

1045 3699 1150 3756 IV.
1202 3696 1422 3756 Utrum
1472 3694 1882 3755 sacramentis
1933 3713 2107 3755 novae
2155 3694 2308 3775 legis
2352 3694 2499 3755 insit
2540 3695 2756 3776 aliqua
2804 3697 3002 3756 virtus
3058 3700 3575 3777 supernaturalis,

1260 3813 1401 3874 quae
1430 3793 1507 3853 sit
1536 3792 1749 3872 aliquo
1783 3793 1970 3855 modo
2001 3812 2191 3856 causa
2220 3793 2557 3856 creationis
2586 3794 2804 3874 gratiae
2825 3793 2888 3854 in
2923 3795 3156 3857 anima.
3249 3841 3264 3855 .
3356 3844 3369 3857 .
3462 3845 3474 3858 .
3571 3844 3585 3859 .
3752 3804 3864 3864 551

1074 3895 1146 3954 V.
1195 3895 1419 3955 Utrum
1450 3892 1512 3952 iu
1536 3892 2007 3955 circumcisione
2031 3895 2472 3957 conserebatur
2501 3895 2705 3974 gratia
2712 3939 3584 3959 .........
3751 3903 3870 3963 558

1720 4429 2261 4505 DISTINCTIO
2326 4428 2808 4508 SECUNDA.

1593 4714 1683 4775 De
1701 4712 1982 4794 efficacia
2025 4721 2531 4776 sacramentorum
2562 4731 2724 4774 novae
2781 4716 2951 4793 ἱερᾶς.

656 5146 1014 5222 OUAESTIO
1101 5146 1147 5205 1.
1197 5147 1418 5207 Utrum
1465 5146 1866 5203 sacramenta
1924 5159 2101 5200 novae
2163 5139 2319 5217 legis
2366 5138 2637 5201 habeant
2691 5140 3032 5202 efficaciam
3087 5161 3265 5203 suam
3301 5152 3584 5224 respectu

1253 5241 1473 5319 gratiae
1534 5239 1933 5300 conferendae=
1964 5257 2001 5299 a
2046 5238 2340 5298 Passionc
2371 5237 2596 5298 Christi
2608 5284 3579 5305 ..........
3745 5244 3861 5305 56ss

1065 5342 1142 5402 ΙΙ.
1191 5338 1747 5419 Utrum-baptizati
1799 5337 2112 5417 baptismo
2144 5336 2402 5397 loannis
2437 5337 2813 5398 tenebuntur
2842 5337 2918 5398 de
2949 5339 3317 5401 necessitate
3367 5341 3587 5403 salutis

1252 5440 1476 5500 iterum
1526 5437 1828 5516 baptizari
1889 5436 2203 5516 baptismo
2240 5434 2466 5496 Christi
2477 5480 3586 5502 ............
3751 5444 3870 5503 573
