4295 6326
1513 416 1740 486 ms‘r.
1790 415 1949 486 xx.
2003 414 2419 496 QUAESTIO
2468 417 2557 489 11.
2898 512 2901 515 ὴ
3550 421 3636 489 99

429 600 556 665 tur
587 590 664 664 in
707 592 855 666 hoc
899 591 1418 667 combustibili
1446 614 1539 666 ex
1579 591 1724 665 hoc
1766 590 1971 688 igne,
2088 613 2238 664 nus
2295 600 2480 667 tuno
2544 593 3048 694 fuisset,quia
3108 594 3373 668 fuisset
3430 591 3637 666 filius

427 716 932 802 generaretur
988 731 1083 783 ex
1148 709 1298 783 alio
1389 708 1566 805 igne
1649 731 1974 782 numero
2089 705 2406 781 alterius
2446 709 2683 806 patris
2749 710 3127 785 salvandi.
3172 709 3312 784 Vel
3371 707 3639 783 dicen-

429 824 779 920 ejusdem
825 825 1152 919 virtutis,
1200 825 1302 900 ita
1329 824 1534 924 quod
1602 824 1665 899 si
1707 825 1806 898 sit
1843 848 1976 900 ea-
2088 820 2272 895 dum
2307 833 2421 898 est
2479 827 2904 900 seeundum
2963 827 3407 926 opinionem
3471 824 3640 899 Ma-

432 943 605 1017 dem
653 944 972 1020 materia
1030 968 1384 1038 numero,
1425 945 1725 1019 eaeteris
1785 945 1978 1043 pari·
2088 938 2336 1034 gistri,
2375 942 2576 1040 quod
2613 941 2820 1018 filius
2861 954 3278 1040 generatur
3333 966 3428 1017 ex
3492 940 3638 1015 ali-

432 1061 611 1156 bus,
655 1063 816 1136 sive
851 1063 947 1137 sit
994 1064 1196 1138 idem
1256 1086 1640 1161 generans
1715 1087 1979 1139 nume-
2092 1076 2246 1151 qua
2292 1057 2668 1153 particula
2708 1070 3075 1156 generata
3133 1060 3227 1135 de
3275 1059 3639 1133 substan-

436 1200 550 1260 ro‚
597 1176 759 1251 sive
785 1176 1022 1270 aliud,
1051 1177 1253 1252 idem
1294 1178 1439 1252 erit
1478 1176 1820 1252 effectus.
1869 1179 1978 1251 Ex
2088 1171 2195 1246 tia
2249 1173 2516 1269 patris,
2546 1198 2722 1272 quae
2793 1176 2867 1249 in
2911 1200 2993 1251 se
3065 1176 3386 1251 ulterius
3444 1197 3641 1270 aug-

434 1294 581 1366 hoc
611 1291 917 1368 videtur
971 1293 1176 1390 qnod
1209 1304 1508 1392 oportet
1555 1295 1976 1369 concedere
2093 1297 2475 1363 mentatur
2577 1313 2669 1364 ex
2754 1290 3151 1390 superfluo
3230 1290 3575 1366 alimenti
3612 1318 3632 1383 ;

434 1410 795 1484 eumdem
866 1410 1122 1506 ignem
1192 1434 1546 1505 numero,
1600 1421 1976 1508 quantum
2093 1404 2454 1501 possibile
2486 1404 2703 1482 fieret
2761 1409 2967 1505 quod
3037 1410 3170 1483 illa
3227 1408 3632 1507 particule,

436 1527 533 1601 ad
566 1527 856 1624 aliquid
890 1528 1039 1623 sui,
1112 1552 1335 1627 posse
1377 1529 1626 1604 redire
1659 1552 1796 1627 per
1836 1553 1978 1604 na·
2090 1545 2268 1620 quoe
2300 1523 2476 1599 data
2514 1525 2654 1599 suit
2684 1527 2879 1624 patri
2924 1528 3249 1625 reprobo
3289 1529 3377 1601 Β.
3423 1527 3634 1601 Mar-

432 1651 713 1716 turam.
2088 1640 2259 1736 tini,
2315 1642 2623 1718 daretur
2688 1646 2883 1744 patri
2950 1647 3165 1723 alteri
3226 1647 3624 1722 salvando.

119 1767 401 1879 iddare-23¹⁰·
540 1761 687 1836 Per
718 1761 937 1835 istam
981 1772 1186 1859 patet
1219 1763 1312 1838 ad
1346 1764 1677 1861 primum
1708 1764 1979 1861 princi·
2186 1758 2296 1832 Ad
2331 1760 2788 1857 seeundum,
2830 1763 3000 1838 dieo
3047 1766 3253 1862 quod
3323 1787 3630 1839 mascu-
3662 1772 3979 1888 Adducun-

142 1846 166 1893 Ρ
351 1865 369 1878 ’
437 1879 640 1976 pale,
676 1876 882 1974 quod
928 1878 1174 1973 multi,
1212 1879 1343 1977 qui
1378 1903 1585 1954 nunc
1652 1890 1834 1954 sunt
1887 1903 1978 1954 ex
2089 1874 2336 1949 linum
2368 1885 2443 1950 et
2506 1877 2991 1953 soemininum
3053 1890 3233 1955 sunt
3282 1879 3629 1956 differen-
3792 1851 3899 1888 um.

436 1992 787 2092 partibus
826 1994 1236 2090 (lamnam,
1273 1995 1597 2071 fuissent
1663 2007 1847 2071 tunc
1887 2021 1979 2072 ex
2093 1990 2217 2064 tiae
2289 1992 2798 2069 accidentales
2877 2019 2976 2069 ea:
3078 1997 3193 2070 10.
3283 1996 3626 2095 Metaplz.

433 2109 1025 2209 praedestinatis.
1097 2113 1394 2187 Etenim
1464 2123 1679 2211 pater
1746 2115 1981 2211 Paga·
2090 2113 2276 2181 teoel.
2314 2107 2432 2181 25.
2473 2110 2677 2185 etsie
2721 2111 2853 2209 qui
2894 2136 3104 2187 nuno
3143 2123 3257 2188 est
3329 2137 3635 2188 maseu-

433 2252 587 2302 nus
644 2228 731 2300 B.
763 2227 1103 2322 Martini,
1140 2239 1214 2304 et
1263 2229 1803 2306 universaliter
1842 2256 1981 2329 pa·
2089 2225 2239 2317 Ius,
2277 2235 2458 2300 tunc
2503 2226 2766 2302 suisset
2818 2229 3155 2324 foemina,
3192 2239 3265 2304 et
3341 2254 3381 2305 e
3459 2254 3636 2305 eon-

433 2353 695 2418 rentes
734 2344 1078 2418 damnati
1112 2346 1673 2445 cujuscumque
1726 2349 1974 2439 electi,
2090 2350 2232 2431 tra,
2270 2352 2345 2416 et
2374 2343 2465 2418 de
2509 2344 2702 2420 sacto
2748 2347 3056 2421 suerunt
3088 2347 3452 2423 mulieres
3505 2349 3636 2422 ali-

433 2470 620 2535 tunc
648 2484 803 2534 non
863 2460 1212 2556 fuissent,
1280 2472 1354 2537 et
1407 2474 1659 2540 tamen
1729 2465 1984 2541 Marti·
2091 2481 2298 2556 quae,
2335 2482 2511 2557 quae
2555 2461 2627 2534 in
2662 2463 2870 2538 viros
2902 2464 3286 2539 abierunt.
