4295 6326
373 2804 482 2875 19.

303 2920 385 2973 Ad
410 2920 552 2972 terti-2

366 2996 479 3036 um.

283 3827 364 3876 An
387 3839 540 3900 ‘prae-

331 3904 491 3939 mium

305 3953 515 4004 excedit

311 4029 522 4079 semper

276 4077 546 4129 meritum.

617 394 744 462 388

605 558 915 665 'oportet
952 567 1204 641 dicere
1247 565 1452 663 quod
1494 564 1763 639 eodem
1796 571 1966 636 actu
2011 584 2165 658 quo

620 685 899 757 fruitur
983 684 1260 758 meruit
1322 711 1340 776 3
1417 682 1618 755 unde
1686 679 1861 754 talis
1920 687 2163 779 actuS‚

619 801 801 898 quia
861 824 1217 899 persona,
1274 799 1495 895 cujus
1564 797 1728 890 suit,
1793 805 1953 871 erat
2011 794 2168 869 via-

617 926 762 1009 tor,
820 925 1069 1014 potest
1119 914 1497 1013 acceptari
1540 936 1677 1011 pro
1741 911 2036 1004 merito,
2087 918 2168 984 ut

616 1032 1074 1129 praedictum
1140 1040 1276 1105 est.
1355 1029 1447 1102 Et
1513 1027 1937 1103 secundum
2005 1026 2167 1124 pri-

618 1170 828 1219 mum
897 1147 1325 1221 membrum
1380 1145 1589 1219 illius
1641 1142 2164 1242 responsionis

615 1263 814 1358 dioc,
860 1264 1215 1362 quamvis
1249 1274 1463 1338 actus
1496 1260 1896 1337 beatificus
1939 1262 2164 1336 fuerit

614 1378 1072 1477 adaequatus
1142 1377 1552 1466 intensive,
1616 1386 1695 1450 ut
1761 1375 2164 1475 perfectior

612 1519 703 1570 eo
787 1496 1052 1572 haberi
1114 1520 1266 1569 non
1339 1495 1604 1593 possit,
1688 1518 1838 1568 non
1907 1504 2157 1567 tamen

612 1613 1033 1706 extensive,
1092 1612 1313 1687 aliter
1367 1613 1648 1686 Beatus
1689 1634 1844 1687 non
1903 1619 2163 1709 posset

612 1753 1077 1826 cognoscere
1194 1753 1315 1804 res
1414 1729 1491 1801 in
1595 1751 1878 1824 genere
1980 1751 2159 1825 pro-

612 1844 807 1942 prio,
843 1845 1027 1943 quia
1069 1846 1331 1919 eadem
1387 1844 1726 1942 potentia
1765 1843 2159 1939 cognoscit

611 1962 862 2036 Deum
905 1961 1203 2035 visione
1261 1962 1511 2054 beata,
1570 1971 1643 2035 et
1683 1961 1871 2035 alias
1914 1984 2033 2034 res
2076 1960 2154 2033 in

609 2101 891 2174 genere
952 2078 1307 2176 proprio;
1366 2101 1505 2152 nec
1567 2086 1821 2151 tamen
1881 2086 1995 2150 est
2060 2077 2153 2150 de

613 2195 909 2269 ratione
976 2194 1244 2269 talium
1323 2193 1837 2291 potentiarum
1926 2193 2157 2266 intel-

613 2309 859 2383 lectus
927 2317 1000 2382 et
1065 2307 1514 2400 voluntatis,
1587 2305 1976 2405 adaequari
2046 2306 2155 2380 sic

611 2450 749 2523 per
801 2450 1041 2500 unum
1086 2435 1369 2518 actum,
1429 2426 1612 2523 quin
1651 2432 1906 2523 posset
1964 2425 2158 2499 alte-

614 2567 783 2616 rum
828 2543 1138 2635 hahere,
1187 2542 1626 2640 recipiendo
1687 2542 2002 2634 sortiter,
2065 2540 2159 2614 si-

612 2668 740 2734 cut
780 2659 1138 2756 superius
1177 2658 1254 2731 in
1300 2658 1442 2732 isto
1483 2667 1712 2755 patet.

710 2777 821 2850 Ad
858 2776 1191 2869 tertium,
1229 2775 1293 2849 si
1326 2784 1628 2851 tenetur
1672 2775 1874 2872 quod
1909 2775 2158 2848 Chris-

612 2902 737 2969 tus
804 2901 1101 2965 tantum
1153 2891 1431 2966 meruit
1479 2892 1905 2966 secundum
1975 2915 2158 2988 por-

610 3010 896 3083 tionem
959 3007 1427 3097 inl'eriorem,
1485 3018 1668 3083 tunc
1710 3019 1957 3106 potest
2005 3007 2152 3083 dici

610 3127 813 3226 quod
873 3125 1276 3225 p1·ae1nium
1337 3125 1696 3220 aliorum,
1769 3126 1972 3224 quod
2030 3149 2157 3202 re-

607 3255 979 3343 ceperunt
1060 3269 1195 3342 pro
1281 3244 1548 3318 merito
1625 3245 1931 3332 Christi,
2016 3244 2156 3319 suit

603 3363 884 3438 melius
927 3365 1118 3437 sorte
1160 3386 1388 3459 quam
1434 3363 1715 3461 aliquis
1747 3373 1962 3436 actus
2003 3387 2155 3438 me-

600 3479 915 3554 ritorius
983 3479 1358 3577 portionis
1399 3478 1783 3553 inferioris
1837 3480 2144 3573 Christi,

602 3606 676 3671 et
753 3596 998 3694 potuit
1075 3596 1430 3670 meritum
1511 3595 1787 3670 Christi
1859 3596 1968 3671 sic
2054 3598 2147 3670 ad

601 3716 1008 3814 praemium
1053 3716 1375 3790 aliorum
1437 3714 1777 3789 ordinari
1819 3716 2015 3790 sicut
2054 3716 2147 3789 ad

603 3831 840 3907 finem
908 3833 1052 3906 suh
1122 3830 1300 3907 fine.
1368 3832 1445 3905 Si
1513 3842 1764 3906 autem
1847 3842 2147 3907 tenetur

603 3953 808 4050 quod
867 3952 1144 4025 meruit
1210 3951 1637 4025 secundum
1716 3950 2140 4048 portionem

600 4069 1107 4168 superiorem,
1172 4076 1246 4141 et
1297 4069 1438 4141 hoc
1480 4068 1598 4139 vel
1641 4066 1842 4141 circa
1883 4068 2145 4164 objec-

595 4195 758 4259 tum
802 4194 1178 4260 aeternum
1224 4183 1300 4255 in
1345 4207 1454 4276 se,
1491 4185 1610 4257 vel
1646 4183 1847 4258 circa
1896 4185 2144 4280 objec-

593 4313 669 4376 ta
748 4303 897 4377 alia
971 4289 1396 4376 relucentia
1489 4300 1564 4373 in
1640 4300 1919 4395 Verbo,
2018 4304 2140 4377 vel

593 4430 921 4517 utroque
968 4417 1219 4510 modo,
1284 4417 1389 4491 ita
1441 4419 1645 4513 quod
1688 4418 1895 4491 omni
1965 4429 2134 4494 actu

588 4535 700 4607 sic
746 4534 1022 4608 meruit
1062 4532 1485 4606 secundum
1535 4533 1842 4606 modum
1905 4558 2140 4633 supe-

589 4651 750 4724 rius
807 4651 1113 4734 sactum,
1178 4658 1359 4722 tunc
1413 4656 1658 4745 potest
1725 4649 1869 4723 dici
1933 4652 2137 4748 quod

588 4885 887 4959 excedit
981 4883 1365 4976 meritum,
1477 4908 1616 4957 nec
1723 4885 2138 4981 requiritur

588 5001 790 5098 quod
863 5000 1267 5099 praemium
1354 4999 1667 5074 excedat
1743 5001 2128 5093 meritum,

589 5117 736 5191 nisi
782 5117 1091 5213 quando
1151 5115 1337 5189 illud
1384 5124 1720 5189 meretur
1762 5140 1896 5214 pro
1939 5117 2135 5215 seip-

588 5257 699 5307 SO.

2046 384 2286 453 LIBRI
2332 380 2454 451 ΙΙΙ.

2277 580 2413 655 pro
2466 556 2747 654 seipso,
2800 557 3012 631 Deus
3068 551 3581 630 communiter
3619 574 3824 651 prae-

2276 675 2460 748 miat
2529 676 2726 748 ultra
2799 674 3298 770 condignum,
3380 672 3550 745 ideo
3619 695 3823 769 prae-

2274 791 2511 863 mium
2581 790 2877 866 excedit
2933 790 3290 864 meritum
3346 789 3521 862 tale.

2367 907 2477 980 Ad
2530 906 2736 981 aliud
2798 906 3108 1003 quando
3168 905 3545 1000 arguitur,
3610 903 3813 1001 quod

2271 1047 2423 1098 non
2471 1023 2714 1121 potuit
2751 1021 3022 1097 mereri
3056 1021 3131 1094 in
3177 1021 3423 1119 primo
3466 1019 3809 1112 instanti,

2270 1140 2453 1238 quia
2520 1163 2747 1214 omne
2817 1139 3021 1237 quod
3082 1147 3220 1232 est,
3294 1139 3603 1235 quando
3670 1145 3810 1231 est,

2269 1281 2585 1332 necesse
2645 1268 2756 1332 est
2798 1280 2994 1351 esse,
3033 1256 3126 1330 ad
3171 1258 3313 1330 hoc
3357 1278 3812 1354 responsum

2268 1385 2382 1450 est
2469 1376 2547 1449 in
2613 1374 2943 1449 secundo
3006 1372 3199 1448 libro
3250 1375 3294 1445 ⁶.
3359 1373 3578 1448 Unde
3644 1374 3812 1448 dico

2267 1492 2472 1589 quod
2549 1501 2764 1566 actus
2823 1492 2899 1564 in
2979 1490 3226 1590 primo
3290 1490 3604 1565 instanti
3677 1490 3816 1566 suit

2266 1611 2752 1708 contingenS,
2820 1612 3020 1686 unde
3091 1610 3548 1706 contingens
3607 1634 3815 1686 nun-

2264 1750 2497 1825 quam
2535 1729 2949 1803 formaliter
2991 1737 3104 1803 est
3135 1728 3617 1824 contingenS‚
3664 1727 3812 1801 nisi

2264 1845 2575 1941 quando
2616 1855 2780 1938 est3
2828 1846 3138 1943 quando
3192 1844 3400 1920 enim
3460 1868 3612 1917 non
3668 1856 3807 1938 est,

2262 1985 2414 2035 non
2478 1972 2592 2037 est
2649 1962 3135 2058 contingens,
3192 1985 3332 2037 nec
3394 1970 3571 2036 tunc
3639 1985 3814 2036 con-

2262 2081 2648 2178 tingenter
2705 2091 2845 2174 est,
2887 2079 3219 2179 [quando
3262 2105 3417 2154 non
3452 2089 3566 2156 est
3609 2107 3627 2172 3
3675 2080 3809 2154 sed

2262 2198 2411 2272 nisi
2470 2208 2671 2273 esset
2714 2198 3199 2293 contingenS,
3264 2199 3573 2296 quando
3630 2221 3804 2271 con-

2266 2314 2646 2411 tingenter
2688 2324 2916 2407 esset,
2963 2314 3346 2387 distinctio
3391 2314 3802 2389 necessarii

2262 2442 2335 2507 et
2366 2431 2883 2529 contingentis
2922 2455 3076 2505 non
3119 2441 3343 2518 esset,
3382 2443 3455 2506 et
3488 2432 3590 2505 ita
3625 2442 3803 2507 tunc

2263 2572 2417 2623 non
2461 2558 2661 2625 esset
2714 2548 2787 2621 in
2834 2572 3114 2644 genere
3159 2548 3798 2645 contingentium,

2263 2664 2394 2739 sed
2439 2664 3079 2757 necessariorum,
3142 2672 3215 2738 et
3272 2662 3445 2737 ideo
3503 2665 3810 2738 contin-

2261 2804 2453 2879 gens
2494 2781 2803 2878 quando
2881 2791 3020 2875 est,
3096 2781 3634 2877 contingenter
3698 2792 3812 2856 est

2262 2899 2577 2984 dictum,
2642 2898 2840 2972 sicut
2903 2921 3058 2971 non
3119 2898 3327 2972 entia
3393 2907 3807 2997 antequam

2260 3015 2437 3104 sint,
2533 3016 2889 3113 quaedam
2976 3023 3155 3088 sunt
3230 3014 3663 3112 possibilia,
3737 3024 3813 3088 ct

2259 3133 2610 3232 quaedam
2711 3131 3219 3229 impossibilia
3260 3159 3279 3226 ;
3379 3132 3487 3207 sic
3579 3133 3806 3207 etiam

2258 3274 2433 3325 curn
2483 3260 2689 3343 sunt,
2737 3250 3090 3348 quaedam
3134 3258 3314 3325 sunt
3364 3249 3778 3346 contingen

2260 3377 2396 3454 ter,
2449 3378 2521 3441 et
2567 3367 2922 3463 quaedam
2970 3366 3428 3441 necessario.
3478 3366 3811 3453 Quomo-

2256 3483 2351 3558 do
2385 3494 2640 3559 autem
2677 3483 3094 3582 propositio
3135 3483 3587 3581 Philosophi
3622 3508 3805 3560 vera

2255 3609 2395 3695 est,
2434 3611 2638 3699 patet
2679 3602 2758 3675 in
2794 3601 2859 3673 1.
2903 3599 3097 3675 libro
3131 3602 3175 3672 ⁸.
3215 3600 3591 3675 Voluntas
3618 3625 3800 3698 ergo

2254 3716 2327 3789 in
2401 3717 2649 3814 primo
2709 3716 3052 3803 instanti,
3126 3725 3206 3789 ut
3264 3716 3474 3813 prior
3526 3727 3802 3792 natura

2252 3833 2439 3909 actu*
2480 3858 2620 3908 suo
2661 3834 2768 3907 ita
2824 3834 3367 3929 contingenter
3426 3833 3630 3908 elicit
3671 3859 3803 3910 ac-

2249 3963 2408 4026 tum
2456 3976 2713 4044 suum,
2756 3950 2962 4025 sicut
2998 3951 3062 4026 si
3106 3950 3628 4050 praecessisset
3668 3978 3801 4027 ac-

2249 4077 2409 4141 tum
2454 4092 2679 4141 suum
2737 4090 2874 4164 per
2914 4067 3144 4140 diem.
3203 4066 3423 4141 Unde
3472 4091 3622 4141 non
3687 4078 3801 4143 est

2249 4184 2467 4277 ratio,
2512 4206 2750 4280 quare
2793 4166 3331 4279 contingenter
3371 4193 3576 4270 sunt,
3615 4184 3799 4280 quia

2248 4328 2481 4378 causa
2531 4303 2934 4377 duratione
2978 4301 3397 4400 praecessit,
3433 4303 3564 4377 sed
3614 4304 3798 4401 quia

2240 4445 2481 4496 ,causa
2546 4422 2854 4518 quando
2914 4430 3203 4514 causat,
3258 4421 3796 4518 contingenter

2247 4546 2534 4612 causat

3949 897 4060 968 20.

3871 1016 3949 1068 Ad
3986 1029 4149 1079 quar-

3938 1085 4072 1130 tum.

3874 1358 3896 1378 ⁶
3929 1358 3982 1410 d.
4012 1360 4059 1408 4.
4088 1372 4145 1423 q.

3965 1434 4058 1472 un.

3888 2422 4115 2475 Contin-

3939 2501 4073 2550 gen·

3895 2555 4117 2615 quando

3875 2620 3972 2671 est.
4008 2627 4136 2663 con-

3864 2678 4137 2740 tingenter

3947 2744 4044 2790 est.

3889 3631 3910 3650 ⁹
3931 3632 3985 3682 d.
4015 3634 4095 3683 39.

2342 4654 2452 4727 Ad
2495 4653 2703 4728 aliud
2746 4653 3052 4749 quando
3087 4652 3390 4742 dicitur,
3438 4655 3791 4729 mutatio·
3848 4660 4113 4775 Awgin·

588 4793 738 4842 non
776 4776 1072 4866 oportet
1125 4767 1328 4863 quod
1366 4767 1764 4862 praemium
1810 4768 2134 4844 aliorum
2235 4794 2381 4844 nes
2423 4781 2604 4844 sunt
2656 4769 3030 4843 ordinatae
3090 4769 3515 4843 secundum
3573 4769 3786 4869 prius
4034 4761 4048 4775 ’

2243 4898 2317 4961 et
2356 4886 2764 4986 posteriuS,
2811 4896 2953 4978 etc.
3016 4910 3287 4961 verum
3331 4896 3443 4960 est
3484 4886 3545 4961 si
3604 4897 3786 4963 tem-

2243 5029 2425 5105 pore
2469 5015 2542 5079 et
2598 5014 2965 5102 tempore,
3021 5005 3083 5078 si
3128 5013 3405 5078 natura
3458 5013 3532 5078 et
3574 5015 3787 5080 natu-

2241 5147 2397 5215 ra;
2492 5123 2615 5196 hic
2685 5132 2938 5196 autern
3027 5130 3327 5195 tantum
3405 5132 3517 5195 est
3599 5124 3783 5198 ordo

589 5350 938 5447 ignobili,
979 5357 1222 5446 potest
1280 5357 1457 5421 tunc
1505 5348 1860 5422 meritum
1905 5349 2131 5424 nobi-
2238 5356 2437 5430 inter
2479 5353 2869 5430 terminos.

585 5467 800 5540 lioris
843 5465 1207 5541 excedere
1249 5464 1657 5561 praemium
1720 5464 2133 5561 ignobilio-

584 5583 713 5657 ris.
781 5583 1105 5670 Quando
1148 5591 1399 5656 autem
1471 5583 1752 5680 aliquis
1794 5594 2128 5659 meretur

790 5232 938 5305 Sed
1034 5231 1097 5305 Si
1167 5229 1500 5303 nobilior
1581 5238 1918 5304 meretur
1995 5257 2131 5329 pro
2238 5249 2536 5314 nature—‚e
2567 5237 2778 5323 ‚inter
2821 5236 3306 5330 muta‘tioneS,
3354 5245 3426 5311 et
3467 5238 3639 5312 talis
3673 5249 3787 5313 est
3863 5297 3870 5301 .
