4295 6326
398 2277 661 2344 Septimo.

400 2732 620 2783 Octavo.

361 2794 446 2844 Ab
478 2799 657 2845 aucto-

374 2858 534 2908 ritate
566 2872 656 2909 ne·

414 2921 612 2985 gativa.

388 4251 524 4315 Aug.
559 4264 668 4302 non

371 4314 588 4364 videtur
600 4315 689 4364 do·

366 4377 540 4427 cuiese
571 4378 692 4428 cha-

393 4445 668 4494 ructet-em.

709 434 836 500 642

711 617 1025 705 propter
1078 608 1480 683 damnatos
1539 609 1615 681 in
1671 633 1898 706 poena
1979 610 2120 682 tale
2172 609 2268 682 si-

710 748 953 820 gnum
987 727 1694 819 rememorativum,
1736 738 1812 800 ut
1854 726 1944 799 ad
1990 726 2266 800 consu-

712 839 1010 915 sionem
1090 863 1355 915 eorum
1413 851 1980 938 cognoscantur
2032 842 2263 916 fuisse

713 959 858 1033 sub
899 968 1071 1033 actu
1102 960 1505 1057 Baptismi,
1551 968 1862 1058 propter
1912 959 2260 1033 eamdem

714 1075 1118 1168 rationem,
1166 1075 1350 1173 quia
1404 1078 1641 1150 multo
1696 1077 1937 1174 magis
1990 1087 2102 1151 est
2151 1077 2262 1150 eis

714 1193 1063 1268 confusio
1108 1194 1341 1268 fuisse
1375 1195 1519 1269 sub
1567 1195 1864 1270 actibus
1927 1195 2265 1270 charita-

713 1311 811 1385 tis
868 1320 942 1386 et
1007 1309 1216 1398 fidei,
1302 1321 1376 1386 et
1434 1313 1528 1386 ab
1610 1313 1762 1386 illis
1859 1313 2255 1406 cecidisse,

715 1450 947 1525 quam
990 1428 1336 1502 subactu
1394 1430 1791 1528 Baptismi,
1855 1430 2036 1527 quia
2090 1453 2263 1504 curn

714 1543 847 1617 illo
917 1568 1071 1618 non
1133 1568 1439 1642 semper
1497 1545 1723 1620 datur
1812 1547 2081 1642 gratia,
2190 1557 2268 1620 ut

715 1670 922 1760 patet
954 1662 1030 1735 in
1061 1661 1267 1755 ficto,
1297 1672 1369 1738 et
1399 1662 1571 1738 ideo
1605 1663 1980 1738 minorem
2018 1665 2269 1760 ingra-

718 1779 1126 1853 titudinem
1187 1781 1603 1864 concludit,
1675 1791 1749 1855 et
1806 1804 1943 1879 per
1989 1804 2267 1855 conse-

718 1918 966 1992 quens
1052 1896 1426 1972 minorem
1497 1898 2057 1992 confusionem,
2137 1924 2323 1972 co-.

719 2013 986 2109 gnosci
1070 2014 1213 2089 sub
1281 2023 1448 2088 actu
1536 2015 1905 2112 Baptismi
1996 2015 2260 2108 fuisse,

723 2153 954 2227 quam
998 2129 1175 2204 fidei
1210 2141 1284 2206 et
1314 2131 1734 2206 charitatis,

822 2246 1039 2340 Item,
1087 2247 1276 2320 nihil
1311 2248 1749 2344 ponendum
1796 2257 1910 2322 est
1942 2249 2106 2324 sine
2141 2274 2267 2324 ne-

725 2363 1118 2458 cessitate3
1165 2365 1557 2440 character
1585 2389 1740 2439 non
1776 2374 1890 2439 est
1923 2390 2266 2441 necessa-

724 2479 886 2555 rius
931 2511 948 2572 ;
986 2504 1196 2577 erge,
1232 2490 1376 2556 etc.

821 2597 1037 2691 Item,
1109 2596 1299 2670 nihil
1361 2609 1471 2672 est
1536 2599 1978 2696 ponendum
2026 2600 2265 2696 perti-

717 2736 899 2788 nere
1001 2713 1096 2787 ad
1197 2724 1791 2808 sacramentum,
1897 2727 2261 2813 tanquam

714 2831 1009 2929 aliquid
1037 2833 1524 2923 sacramenti,
1572 2833 1721 2908 nisi
1771 2835 1866 2909 sit
1922 2834 2262 2931 explica-

712 2958 874 3023 tum
910 2949 984 3022 in
1021 2959 1287 3024 sancta
1317 2950 1713 3048 Scriptura
1772 2954 1891 3026 vel
1957 2976 2046 3026 ex
2106 2952 2255 3026 fide

711 3065 1104 3140 Catholica
1148 3077 1519 3157 teneatur,
1570 3070 1689 3142 vel
1745 3069 2095 3166 explicite
2166 3093 2258 3143 ex

714 3184 936 3260 dictis
969 3184 1426 3258 Sanctorum
1471 3186 1869 3261 habeatur.
1928 3186 2037 3260 De
2083 3189 2257 3261 cha-

612 3345 619 3352 ·
713 3312 1005 3377 ractere
1065 3324 1245 3375 vero
1312 3302 1502 3375 nihil
1567 3303 1643 3374 in
1697 3314 1962 3377 sancta
1994 3304 2257 3402 Scrip-

708 3431 883 3495 tura
914 3419 1338 3517 explicatur
1398 3443 1487 3494 eo
1532 3420 1755 3492 modo
1817 3443 1970 3517 quo
2021 3422 2112 3494 de
2164 3447 2252 3495 eo

709 3536 1124 3633 loquimur,
1165 3535 1338 3610 licet
1370 3535 1502 3609 fiat
1534 3559 1786 3609 sermo
1828 3538 1918 3610 de
1952 3539 2257 3612 charac-

716 3665 867 3728 tere
900 3654 1195 3746 bestiae,
1234 3653 1435 3750 quod
1473 3677 1623 3725 non
1662 3662 1775 3727 est
1832 3655 1922 3728 ad
1988 3680 2260 3753 propo-

711 3771 972 3846 situm.
1009 3772 1168 3845 Nec
1204 3795 1294 3844 ex
1327 3770 1652 3845 articulo
1686 3770 1859 3845 fidei
1905 3774 2258 3870 sequitur

714 3888 1149 3963 necessario
1217 3887 1497 3961 dehere
1577 3888 1797 3984 sequi
1865 3891 2258 3965 characte-

715 4029 906 4099 rem,
980 4028 1119 4079 nec
1187 4004 1261 4077 in
1333 4004 1555 4087 dictis
1616 4006 2259 4093 Sanctorum,se-

718 4125 1056 4199 cundum
1104 4122 1324 4197 istam
1362 4122 2004 4218 significationem
2044 4126 2260 4200 inve-

721 4242 952 4315 nitur.
1017 4242 1215 4333 Legc
1262 4241 1807 4335 Augustinum,
1863 4242 1994 4337 qui
2052 4269 2258 4341 same

722 4359 812 4433 de
846 4357 990 4431 ista
1020 4355 1333 4430 materia
1364 4356 1733 4452 Baptismi
1791 4360 2129 4454 loquitur
2180 4361 2272 4432 in'

718 4474 881 4549 suis
910 4472 1149 4559 libris,
1191 4482 1265 4544 ut
1311 4471 1386 4544 in
1441 4482 1732 4569 septem
1787 4485 2052 4548 contra
2096 4476 2261 4547 Do-

715 4590 1072 4676 natistae,
1133 4599 1207 4662 et
1282 4612 1515 4685 super
1567 4590 1977 4686 Joannem,
2045 4602 2117 4666 et
2167 4594 2258 4667 de

716 4709 1110 4806 Baptismo
1142 4708 1669 4803 parvulorum,
1726 4718 1798 4781 et
1856 4714 2253 4805 nunquam

714 4828 1065 4901 invenies
1120 4824 1582 4897 vocabulum
1657 4826 2116 4900 characteri-s·
2181 4829 2250 4900 in

712 4949 858 5021 ista
897 4942 1489 5038 significatione,
1557 4944 1804 5015 solum
1868 4945 2069 5017 cnim
2132 4971 2255 5042 po-

712 5064 824 5136 nit
855 5061 1331 5157 Baptismum
1364 5069 1437 5132 et
1469 5083 1627 5133 rem
1664 5061 2061 5157 Baptismi,
2099 5086 2253 5135 rem

708 5203 997 5255 vocans
1079 5176 1432 5271 gratiam,
1513 5187 1587 5250 et
1687 5186 2250 5253 sacramentam

709 5298 958 5395 ipsum
996 5294 1313 5367 verbum
1342 5316 1513 5365 cum
1551 5295 1954 5367 clemente.
2005 5297 2150 5368 Sed
2188 5297 2249 5367 si

708 5411 1219 5489 essentialiter
1251 5408 1665 5506 pertineret
1719 5413 2115 5485 character
2157 5412 2248 5485 ad

708 5534 851 5605 hoc
886 5535 1456 5604 sacramentum
1491 5530 2243 5626 quomodocumque,

704 5671 856 5721 non
950 5657 1063 5721 est.
1156 5641 1569 5719 verisimile
1661 5644 1843 5743 quin
1938 5646 2027 5721 de
2117 5646 2247 5722 illo

2135 434 2366 501 Llssm
2419 435 2536 501 lv.

2373 610 2788 706 aliquando
2853 609 3118 684 luisset
3180 609 3259 681 in
3321 630 3430 696 se,
3495 606 3620 679 vel
3652 604 3728 676 in
3777 625 3918 675 suo

2373 726 2901 824 aequipollenti
2937 729 3236 800 locutus
3273 752 3288 812 ;
3328 723 3467 798 etsi
3511 722 3716 797 enim
3760 742 3914 793 non

2373 853 2599 940 neget
2639 845 3132 935 vocabulum,
3180 841 3369 914 nihil
3413 839 3697 912 mirum
3740 838 3912 921 hoc,

2373 962 2554 1058 quia
2597 986 2747 1036 non
2784 961 3025 1059 ponit,
3065 982 3466 1058 nunquam
3516 966 3766 1030 tamen
3803 954 3922 1027 af-

2373 1076 2625 1152 firmat
2702 1079 2891 1153 illud
2987 1078 3190 1175 quod
3254 1075 3581 1160 fecisset,
3671 1073 3733 1145 si
3821 1069 3920 1143 ad

2373 1203 2943 1269 sac-ramentum
3051 1191 3564 1267 essentialiter
3859 1186 3872 1197 ‘

2372 1312 2692 1387 nuisset.

2470 1437 2694 1512 Dices
2762 1437 2968 1534 quod
3040 1435 3178 1510 etsi
3249 1459 3403 1508 non
3471 1432 3924 1506 inveniatur

2372 1578 2729 1653 expresse
2826 1555 2920 1629 ah
2983 1552 3414 1650 Augustino
3483 1549 3919 1625 secundum

2375 1674 2594 1746 istam
2629 1670 3304 1768 significationem,
3351 1668 3744 1742 invenitur
3797 1676 3921 1741 ta-

2376 1813 2548 1863 men
2580 1790 2674 1863 ah
2724 1788 2894 1862 aliis
2928 1787 3238 1880 sanctiS,
3315 1796 3394 1859 ut
3433 1809 3476 1858 a
3538 1783 3919 1880 Dionysio

2373 1905 2783 1979 z'nEccles.
2839 1903 3244 1978 Hier-arch.
3308 1926 3472 1999 cap.
3512 1902 3581 1973 9.
3656 1912 3726 1973 et
3769 1899 3924 1972 Da-

2375 2045 2730 2095 masceno
2773 2019 2905 2095 uhi
2948 2019 3185 2117 prius,

2470 2138 2954 2236 Responch,
3001 2136 3206 2233 quod
3262 2134 3385 2209 isti
3454 2131 3692 2207 sancti
3758 2154 3918 2204 non
4072 2152 4157 2215 ιο,

2371 2266 2550 2329 sunt
2595 2255 2823 2330 locuti
2868 2252 3293 2329 secundum
3359 2251 3579 2324 istam
3624 2245 3923 2345 signifi-

2370 2374 2749 2448 cationem
2838 2373 2928 2445 de
3016 2372 3484 2462 charactere,
3568 2370 3689 2441 vel
3768 2389 3918 2439 suo

2370 2488 2890 2587 aequivalenti,
2957 2495 3038 2561 ut
3103 2485 3355 2582 sigillo
3432 2485 3551 2559 vel
3623 2481 3921 2578 figura-

2368 2606 2603 2679 tione.
2672 2604 2839 2678 Non
2886 2601 3334 2700 Dionysius,
3382 2623 3560 2673 nam
3632 2599 3708 2671 in
3779 2597 3919 2670 illo

2370 2724 2533 2795 loco
2567 2721 2907 2818 loquitur
2949 2728 3243 2792 tantum
3270 2716 3360 2790 de
3394 2715 3912 2801 solemnitate,

2367 2864 2543 2939 quae
2576 2841 2868 2915 solebat
2905 2838 3072 2912 fieri
3132 2838 3334 2913 circa
3376 2834 3675 2909 noviter
3716 2835 3917 2931 hap-

2367 2955 2658 3047 tizatOS,
2696 2954 2959 3027 dicens
3014 2952 3218 3048 quod
3270 2949 3700 3047 baptizatas
3751 2947 3917 3044 pri·
3950 2945 4201 2996 0⁵0⁰V⁵³⁸⁵

2366 3096 2486 3145 mo
2521 3069 2911 3145 ducendus
2961 3074 3153 3142 esset
3215 3066 3318 3140 ad
3361 3064 3907 3149 Hierarcleam,
3947 3000 4221 3122 &iiiiii-

2364 3192 2499 3289 qai
2535 3189 2794 3263 divino
2828 3187 3118 3261 lumine
3141 3187 3392 3283 ipsam
3412 3185 3673 3284 primo
3739 3207 3918 3259 con-
3948 3135 4219 3250 Γῖῗῖἷῗαιιὲ.

2361 3307 2735 3405 siqnabat,
2826 3317 2898 3381 et
2983 3306 3114 3379 illa
3190 3304 3651 3379 illuminatio
3746 3315 3917 3379 erat

2364 3424 2715 3521 quaedam
2774 3421 3252 3517 consignatio
3294 3432 3367 3494 et
3400 3418 3914 3515 configuratio

2364 3541 2530 3636 ejus
2580 3540 2671 3613 ad
2706 3540 2953 3613 Deum
3019 3538 3274 3612 multis
3350 3536 3520 3611 aliis
3587 3537 3914 3635 expletis

2364 3658 2565 3732 circa
2634 3658 2914 3755 ipsum.
3013 3656 3340 3730 Domum
3444 3655 3908 3753 baptizabat,

2364 3774 2467 3848 ita
2507 3774 2706 3870 quod
2771 3774 2914 3847 ista
2967 3771 3446 3867 consignatio
3517 3781 3590 3846 et
3631 3772 3913 3845 illumi-

2365 3890 2569 3964 natio
2615 3899 2776 3963 erat
2845 3890 3069 3983 longe
3131 3896 3306 3961 ante
3387 3886 3904 3984 receptionem

2363 4007 2762 4104 Baptismi,
2810 4016 2891 4079 ut
2922 4004 3202 4080 ibidem
3247 4005 3431 4079 satis
3477 4013 3679 4101 patet
3713 4032 3731 4097 ;
3770 4007 3908 4080 sed

2364 4128 2758 4199 character
2800 4148 2950 4197 non
2996 4123 3273 4196 (licitur
3305 4122 3669 4221 imprimi,
3726 4134 3906 4196 ante

2365 4242 2877 4339 receptionem
2927 4239 3320 4337 Baptismi,
3372 4239 3552 4337 quia
3594 4240 3909 4336 ponitur

2366 4358 2661 4456 primus
2693 4358 3007 4432 effectus
3041 4357 3233 4452 ejus.

2464 4476 2647 4549 Item
2703 4483 2902 4571 patet
2957 4497 3091 4571 per
3151 4474 3714 4547 vercellensem
3785 4498 3908 4546 cx-

2367 4602 2774 4688 ponentem
2820 4615 2984 4687 cap.
3023 4592 3091 4661 3.
3129 4590 3205 4661 Ε
3209 4588 3697 4664 eclesiasticae
3727 4590 3911 4663 Hie-

2365 4708 2677 4781 ramleice
2718 4708 2796 4780 in
2848 4708 2916 4777 o.
2953 4704 3344 4802 particula
3410 4731 3575 4802 cap.
3650 4709 3719 4777 2.
3769 4734 3910 4781 cu-

2355 4825 2483 4919 jus
2512 4835 2689 4897 sunt
2734 4825 2874 4896 ista
2943 4823 3175 4896 verba
3225 4845 3399 4920 quae
3442 4826 3901 4919 allegantur,

2363 4943 2489 5015 uhi
2535 4944 2714 5017 dicit
2783 4943 3212 5015 sisnandum
3291 4942 3512 5015 istam
3592 4946 3905 5017 transla—

2361 5060 2675 5148 tionem,
2778 5061 2881 5133 ita
2936 5083 3238 5132 sursum
3313 5066 3564 5133 actam
3639 5061 3906 5136 divina

2362 5176 2741 5250 beatitudo
2775 5202 2821 5248 a
2857 5176 2982 5249 sai
3019 5176 3259 5271 ipsius
3305 5176 3903 5273 participatione

2360 5295 2651 5391 recipit,
2686 5300 2757 5365 et
2812 5292 2904 5366 de
2952 5293 3272 5389 proprio
3329 5292 3646 5388 lamine,
3703 5297 3901 5369 sicce!

2357 5410 2683 5508 quodam
2716 5411 2932 5507 sz’yno
2970 5410 3120 5506 ipsi
3148 5410 3752 5485 traliitdirinmn
3783 5416 3896 5511 fa-

3977 1695 4210 1746 Instantia.

3986 2266 4187 2317 Solvitur

2356 5528 2587 5620 ciens,
2644 5533 2716 5601 et
2770 5527 3497 5601 communicatorem
3567 5528 3646 5601 in
3725 5530 3891 5606 Deo
3925 5489 4220 5629 03:222?

2353 5643 2855 5732 manenlizmz,
2887 5649 3022 5717 etc.
3055 5644 3072 5663 ⁶
3921 5615 4162 5728 ⁰⁸⁰&
4187 5632 4238 5671 ο.
