4295 6326
244 1703 319 1753 Ex
354 1701 559 1775 perfec-

245 1769 564 1829 tioricogm·

245 1830 392 1879 tione
414 1826 563 1891 prin-

279 1890 407 1949 cipii
441 1903 533 1939 eo-

264 1966 532 2018 gnoseun-

248 2021 335 2066 tur
365 2014 546 2078 plures

265 2079 537 2130 confusio·

363 2153 475 2193 nes.

575 364 703 431 352

580 543 697 608 tra
762 542 876 617 est
928 533 1228 608 fallacia
1304 531 1869 630 consequentis,
1938 555 2127 605 con-

580 653 950 727 vertendo
982 652 1644 748 consequentiam,
1708 650 1891 749 quia
1957 673 2131 723 cau-

583 771 1127 844 sesecundum
1169 770 1371 867 quod
1427 778 1542 844 est
1600 792 1835 843 causa
1899 764 2131 841 effec-

583 895 735 978 tuS,
772 910 929 959 non
960 886 1161 982 capit
1190 886 1529 984 aliquam
1582 882 2126 982 perfectionem

584 1002 852 1075 abillo
913 1000 1212 1096 effectu,
1268 1002 1452 1099 quia
1518 1001 1625 1075 sic
1667 1001 1869 1074 idem
1930 1007 2133 1073 esset

585 1140 818 1192 causa
858 1118 980 1192 sui
1039 1118 1308 1217 ipsiuS‚
1354 1118 1486 1194 sed
1521 1116 2012 1216 principium,
2053 1125 2133 1188 ut

586 1244 882 1335 notum,
944 1245 1211 1310 causat
1284 1235 1631 1309 notitiam
1694 1231 2134 1308 conclusio-

587 1351 754 1445 nis3
834 1351 1068 1449 igitur
1132 1376 1286 1426 non
1339 1362 1650 1451 propter
1709 1353 1882 1445 hoc,
1928 1348 2132 1449 quod

590 1469 987 1543 conclusio
1055 1479 1169 1545 est
1254 1479 1460 1564 nota,
1524 1468 1936 1567 perfectius
2003 1490 2137 1541 co-

587 1568 990 1680 gnoscitur
1124 1585 1589 1683 principium
1721 1582 2128 1659 intensive.

593 1701 820 1774 Nunc
889 1709 1142 1775 autem
1188 1701 1360 1775 licet
1401 1701 1811 1800 perfectius
1852 1722 2137 1795 cogno-

595 1842 807 1894 scere
852 1818 1316 1918 principium
1376 1819 1784 1905 intensive,
1820 1819 2139 1891 conclu-

596 1938 721 2013 dat
788 1938 1324 2012 conclusiones
1419 1939 1680 2035 plures
1748 1936 2137 2010 extensive

598 2055 987 2151 cognosci,
1023 2077 1424 2151 nunquam
1487 2066 1739 2129 tamen
1783 2076 1823 2128 e
1874 2061 2141 2127 contra

599 2195 692 2259 ex
725 2171 1156 2270 pluralitate
1193 2171 1786 2245 *conclusionum
1855 2192 2140 2264 cogno-

598 2288 836 2362 scitur
928 2288 1391 2385 principium
1461 2287 1869 2380 intensius,
1959 2285 2142 2383 quia

598 2403 1017 2502 accipiatur
1073 2402 1536 2501 principium
1595 2402 1665 2475 in
1758 2401 1999 2499 gradu
2068 2401 2134 2473 A

596 2530 669 2596 et
738 2521 835 2594 sit
903 2543 1156 2595 nonus
1222 2520 1534 2617 gradUS,
1625 2519 1722 2593 sit
1795 2519 2139 2594 decimus

595 2637 881 2734 gradus
961 2636 1648 2734 comprehensivus
1751 2633 2136 2733 principii,

595 2776 863 2851 quaero
924 2777 1016 2827 an
1116 2752 1422 2849 cognito
1523 2751 1901 2851 principio
1996 2749 2139 2824 sub

596 2869 837 2967 gradu
873 2869 974 2962 A,
1012 2869 1251 2968 possit
1279 2868 1638 2964 cognosci
1668 2867 1929 2964 aliqua
1969 2890 2143 2940 con-

597 2986 870 3079 clusiO,
916 2987 1037 3060 vel
1073 3009 1225 3058 non
1258 2983 1298 3056 ’.Ρ
1338 2985 1416 3058 Si
1470 2985 1605 3074 sic,
1651 3006 1804 3081 qua
1850 2983 2138 3058 ratione

601 3126 785 3199 una,
847 3103 957 3178 sic
1053 3101 1392 3178 secunda
1493 3110 1566 3177 et
1652 3101 1900 3196 tertia,
1963 3124 2138 3176 cum

599 3221 965 3320 quaelibet
995 3220 1395 3318 aequaliter
1460 3220 1944 3294 contineatur
1987 3219 2143 3291 vir-

598 3339 908 3412 tualiter
948 3337 1022 3410 in
1086 3336 1489 3434 principio.
1530 3337 1607 3411 Si
1686 3361 1841 3410 non
1903 3336 2140 3435 possit

599 3451 961 3549 cognosci
1022 3452 1282 3548 aliqua
1374 3453 1767 3526 conclusio
1836 3451 2140 3547 cognito

598 3567 977 3667 principio
1019 3566 1095 3639 in
1149 3567 1390 3662 gradu
1437 3568 1538 3659 A,
1583 3569 1702 3642 vel
1752 3566 1985 3664 igitur
2034 3567 2141 3642 sic

599 3707 1064 3781 cognoscere
1132 3684 1382 3781 ipsum
1463 3708 1616 3758 non
1677 3685 1819 3758 erit
1883 3684 2145 3783 aliqua

600 3792 936 3898 cognitio
1033 3799 1417 3898 principii,
1490 3807 1563 3873 et
1664 3809 1845 3874 tunc
1928 3801 2143 3874 nulla

602 3917 997 3993 conclusio
1032 3925 1289 4014 posset
1319 3915 1681 4012 cognosci
1723 3917 1912 3990 citra
1965 3940 2145 4013 gra-

604 4036 787 4109 dum
894 4033 1326 4108 ultimatnm
1418 4033 2143 4130 comprehensivum

603 4151 990 4252 principii,
1036 4151 1096 4224 si
1133 4174 1286 4224 non
1318 4150 1557 4248 possit
1585 4152 1846 4247 aliqua
1879 4151 2147 4225 notitia

604 4271 868 4347 haberi
929 4271 1022 4345 de
1092 4269 1589 4344 conclusione
1666 4293 1803 4368 per
1869 4269 2149 4368 princi-

604 4390 816 4488 pium
861 4389 935 4462 in
985 4389 1113 4463 illo
1167 4388 1438 4485 gradu.
1482 4386 1623 4461 Vel
1682 4388 1745 4461 si
1819 4389 1960 4463 sub
2016 4388 2145 4462 illo

605 4507 845 4604 gradu
882 4506 1120 4604 possit
1177 4505 1438 4602 aliqua
1476 4504 1812 4601 cognitio
1881 4504 2147 4580 haberi

605 4627 697 4700 de
758 4625 1257 4699 conclusione
1323 4647 1502 4717 una,
1584 4634 1829 4722 potest
1891 4625 2152 4722 aliqua

607 4742 871 4816 haberi
907 4741 1000 4816 de
1034 4739 1377 4838 qualibet
1440 4742 1936 4816 conclusione
1998 4741 2153 4814 vir-

606 4859 916 4933 tualiter
947 4867 1304 4932 contenta
1338 4885 1355 4950 3
1394 4856 1750 4953 igiturex
1804 4859 2152 4955 pluribus

609 4978 1240 5054 conclusionibus
1272 4978 1597 5073 cognitis
1631 5001 1779 5052 non
1831 4979 2154 5052 habetur

609 5097 1015 5195 perfectior
1047 5095 1382 5192 cognitio
1425 5095 1818 5169 extensiva
1868 5096 2157 5195 princi-

611 5215 745 5312 pii,
784 5214 912 5287 sed
950 5214 1200 5288 solum
1243 5210 1447 5308 quod
1482 5212 1575 5285 ad
1631 5213 1850 5310 plura
1915 5236 1996 5286 se
2038 5237 2157 5287 ex-

611 5330 1077 5419 tendit‚cum
1151 5351 1242 5400 ex
1310 5327 1661 5425 pluribus
1719 5329 2157 5404 conclusio-

614 5448 846 5523 nibus
917 5449 1144 5520 bomo
1214 5445 1647 5520 considerat
1748 5447 2159 5544 perfectius

615 5562 1119 5663 qnidditatem
1156 5558 1653 5634 terminorum
1692 5560 2157 5660 simplicium

1951 355 2194 423 LIBRI
2241 356 2363 426 ΙΙΙ.

2237 529 2823 629 principiorum,
2860 537 2933 603 et
2994 538 3195 621 tunck
3237 525 3618 600 intensius
3658 546 3787 598 co-

2237 647 2633 743 gnoscitur
2692 645 3187 744 principium,
3233 643 3415 741 quia
3491 641 3787 738 perfec-

2241 763 2391 836 tius
2423 761 2910 859 cognoscitur
2951 760 3339 857 quidditas
3371 758 3787 852 incomple-

2235 902 2539 971 xorum,
2584 886 2658 952 et
2699 880 2865 952 haec
2906 885 3021 951 est
3067 875 3391 974 praecisa
3448 871 3783 968 cognitio

2240 994 2624 1092 principii,
2667 1003 2746 1069 ut
2796 992 3287 1092 principium.

2771 1306 3133 1365 SCHOLIUM
3172 1309 3242 1364 V.

2313 1466 2489 1523 Ponit
2520 1473 2770 1539 quatuor
2804 1466 3026 1531 modOS,
3051 1463 3263 1536 quibus
3301 1460 3550 1534 intelligi
3597 1465 3790 1534 potest

2244 1556 2498 1613 animam
2531 1555 2741 1611 Christi
2773 1554 2966 1610 videre
2998 1553 3196 1609 omnia
3225 1551 3283 1607 in
3315 1551 3530 1620 Verb0,
3551 1557 3608 1607 et
3632 1555 3791 1606 tenet

2243 1652 2513 1717 quartum
2562 1646 2827 1709 modum,
2871 1642 3098 1701 scilicet
3147 1643 3340 1698 videre
3388 1640 3588 1697 omnia
3627 1640 3791 1695 babi-

2242 1736 2499 1800 tualiter.
2531 1736 2586 1791 id
2619 1740 2727 1801 est,
2760 1739 2889 1792 actu
2945 1734 3159 1806 primo,
3209 1732 3350 1803 quia
3395 1732 3454 1788 in
3501 1731 3609 1786 hoc
3639 1733 3791 1801 quod

2244 1829 2400 1884 videt
2461 1828 2706 1884 Verbum
2767 1824 3108 1895 formaliter,
3179 1825 3337 1881 videt
3368 1821 3383 1874 ⁰.
3413 1822 3608 1879 omnia
3684 1822 3796 1878 ulia

2245 1917 2618 1974 habitualiter
2674 1917 2734 1972 in
2801 1931 2888 1984 ec,
2950 1915 3103 1986 quod
3167 1913 3299 1969 aliis
3336 1912 3646 1969 animabus
3679 1928 3794 1967 non

2246 2008 2603 2065 conceditur.
2663 2008 2740 2062 De
2788 1996 2903 2077 quo
2951 2006 3081 2061 vide
3130 2020 3262 2059 eum
3315 2003 3373 2059 in
3424 2002 3605 2058 Oxou.
3639 2002 3733 2059 hic
3765 2018 3799 2057 a

2249 2116 2406 2156 num.
2438 2100 2528 2153 20.
2561 2102 2619 2154 et
2651 2097 2727 2152 ibi
2757 2096 2947 2152 Schol.
2982 2111 3096 2167 quo
3138 2111 3204 2149 ex
3254 2093 3434 2149 variis
3483 2090 3624 2148 loci's
3673 2092 3799 2162 ojus

2244 2188 2610 2246 ostendimus
2664 2186 2814 2241 hanc
2868 2201 2996 2241 esse
3053 2183 3345 2256 propriam
3397 2182 3527 2253 ejus
3576 2191 3801 2237 senten-

2249 2270 2408 2339 liam,
2444 2287 2619 2344 quam
2657 2271 2749 2326 hic
2780 2288 3052 2343 expresse
3083 2270 3272 2341 habet,
3307 2276 3366 2326 et
3409 2271 3493 2327 sic
3540 2287 3673 2327 eum
3708 2270 3798 2326 in-

2249 2362 2525 2434 telligunt
2563 2366 2621 2417 et
2660 2367 2994 2433 sequuntur
3023 2360 3226 2430 Faber,
3263 2360 3536 2432 1‘itigian.
3569 2360 3791 2416 Ovand.

2248 2452 2433 2509 etalii
2465 2451 2728 2507 Scotistae
2759 2451 2870 2506 bic.
2932 2452 3011 2506 De
3060 2450 3190 2506 aliis
3237 2451 3428 2507 modis
3471 2450 3600 2506 vide
3656 2465 3788 2506 eum

2247 2543 2467 2600 ibidem
2498 2559 2531 2596 a
2562 2557 2724 2598 num.
2755 2542 2814 2595 9.

2346 2755 2536 2830 Dico
2570 2753 2801 2851 igitur
2866 2753 2957 2828 ad
3001 2754 3537 2851 quaestionem,
3585 2753 3792 2850 quod

2248 3227 2370 3299 vel
2408 3223 2901 3298 habitualiter
2957 3232 3030 3297 et
3071 3232 3485 3319 utrumque
3554 3221 3801 3319 dupli-

2251 3469 2420 3534 actu
2450 3458 2733 3551 elicito,
2754 3457 2858 3531 ita
2883 3457 3086 3555 quod
3117 3457 3801 3555 habeatpropriam

2250 3577 2628 3651 visionem
2681 3574 3092 3672 cujuslibet
3136 3573 3337 3667 visi3
3395 3583 3650 3648 tamen
3722 3573 3799 3647 in

2250 3692 2533 3787 Verb0,
2576 3693 2774 3767 sicut
2846 3692 3084 3765 multa
3123 3691 3486 3765 videntur
3515 3691 3590 3765 in
3625 3715 3803 3788 spe-

2253 3813 2455 3905 culn,
2482 3833 2656 3908 quae
2690 3809 2977 3883 habent
3005 3808 3390 3907 propriam
3421 3808 3797 3883 visionem

2255 3928 2387 4022 ibi,
2411 3937 2485 4001 et
2515 3926 2942 4001 secundum
2978 3928 3175 4001 hanc
3217 3925 3419 3998 viam
3453 3923 3805 4023 seqnitur

2255 4045 2460 4143 quod
2503 4044 2935 4118 intellectus
2975 4041 3255 4116 animfe
3296 4042 3573 4116 Christi
3628 4053 3798 4116 actu

2254 4158 2811 4252 videtinfinita,
2845 4169 2919 4233 et
2950 4159 3153 4256 quod
3187 4159 3414 4233 habet
3459 4158 3802 4234 infinitas

2259 4277 2594 4350 visiones
2653 4275 3049 4350 distinctas
3112 4275 3189 4348 in
3288 4286 3459 4350 actu
3537 4276 3798 4372 simul,

2258 4395 2463 4493 quod
2498 4405 2752 4469 tamen
2788 4403 3112 4490 negatur
3162 4395 3699 4470 communiter.

2357 4513 2713 4588 Secundo
2755 4521 3002 4610 potest
3035 4512 3386 4609 intelligi,
3415 4514 3617 4610 quod
3652 4538 3806 4588 om·
3833 4542 4128 4593 secundus.

2260 4631 2390 4704 nia
2418 4630 2677 4704 videat
2753 4628 3178 4723 actualiter,
3225 4652 3376 4702 non
3448 4654 3585 4728 per
3624 4655 3805 4728 pro-

2262 4747 2468 4846 prias
2571 4757 2645 4821 et
2737 4746 3133 4820 distinctas
3227 4746 3591 4835 visioneS‚
3673 4749 3806 4823 sed

2264 4863 2468 4961 quod
2512 4863 2644 4935 illa
2712 4862 2905 4935 visio
2973 4862 3069 4934 sit
3141 4885 3292 4935 una
3361 4863 3804 4958 formaliter,

2264 4988 2338 5054 et
2380 4980 2639 5052 multa}
2680 4977 3133 5071 virtualiter,
3170 4988 3240 5051 et
3287 4979 3518 5054 habet
3569 5005 3808 5055 unum

2265 5095 2651 5192 objectum
2737 5094 3257 5190 adaequatum,
3348 5105 3427 5168 ut
3480 5097 3814 5172 essentia

2267 5213 2555 5307 divina,
2617 5222 2691 5287 et
2744 5210 3046 5286 infinita
3112 5214 3596 5289 secundaria.
3662 5216 3812 5291 Sed

2269 5329 2401 5403 illa
2434 5329 2694 5427 opinio
2764 5327 2982 5426 ponit
3047 5329 3252 5425 quod
3330 5341 3444 5405 est
3505 5356 3658 5407 una
3735 5332 3808 5405 in

2271 5456 2471 5536 actu,
2518 5456 2590 5520 et
2660 5444 3136 5519 infinitorum
3218 5445 3807 5523 intellectorum.

2274 5565 2364 5636 Et
2405 5562 2579 5636 licet
2618 5587 2768 5636 non
2810 5571 3044 5660 ponat
3086 5561 3425 5638 infinitas
3482 5566 3819 5641 visiones

3937 2774 4043 2839 22.

2250 2883 2508 2971 posset
2546 2871 2729 2970 poni
2763 2871 2965 2968 quod
3026 2871 3459 2945 intellectus
3513 2870 3793 2944 animae
3886 2889 4116 2963 Apu—12³,

2249 2988 2526 3062 Christi
2592 2987 2853 3061 omnia
2909 2986 3140 3080 videt,
3201 3009 3377 3084 quae
3451 2985 3790 3060 Verbum
3823 2952 4145 3065 ἓξιῃῖῗιιιῖἶὲ

2250 3108 2483 3201 videt,
2522 3103 3169 3204 quadrupliciter3
3205 3105 3327 3179 vel
3364 3103 3791 3197 actualiter,
3828 3078 4145 3206 qiffagffiffi'i-

3913 3205 4063 3254 citer.

3891 3268 4104 3317 Primus

2251 3342 2439 3416 citer
2495 3339 2922 3433 actualiter,
2969 3338 3173 3436 quod
3234 3338 3486 3412 videat
3540 3339 3800 3413 omnia
3870 3331 4080 3382 ¹¹³⁰<¹¹¹⁸·
