4295 6326
323 610 417 677 phi
446 627 625 665 sense-

403 682 548 729 runt.

667 412 798 480 540

674 605 944 657 omnes
1003 593 1431 682 posuerunt
1473 581 1909 658 necessario
1988 577 2211 655 educi

674 699 767 774 de
846 701 1182 797 potentia
1264 701 1625 776 materiae.
1698 700 1896 774 Ordo
1956 708 2209 773 autem

671 839 1081 891 causarum
1113 818 1536 892 secundum
1597 840 1757 909 603,
1802 826 1916 890 est
1955 838 2215 889 essen-

667 932 894 1025 uatis,
931 933 1036 1007 ita
1105 935 1308 1031 quod
1379 933 1578 1007 sicut
1672 932 2015 1007 efficiens
2099 941 2213 1005 est

663 1073 899 1124 causa
939 1052 1375 1127 necessaria
1416 1051 1490 1123 in
1535 1075 1676 1125 suo
1736 1052 2004 1124 ordine
2038 1074 2212 1124 cau-

663 1167 915 1259 sandi,
996 1168 1096 1241 ita
1181 1178 1254 1242 et
1313 1167 1633 1242 materia
1704 1177 1905 1241 esset
1975 1190 2212 1242 causa

660 1284 1095 1358 necessaria
1159 1284 1231 1358 in
1296 1309 1436 1359 suo
1496 1284 1765 1359 ordine
1806 1284 2202 1373 causandi,

554 1456 560 1461 -
661 1408 733 1473 et
773 1398 944 1475 ideo
981 1402 1188 1475 nulla
1226 1401 1467 1475 forma
1499 1401 1919 1500 corporalis
1951 1410 2211 1499 posset

354 1759 487 1818 Quid
519 1760 585 1811 de

333 1823 513 1872 anima
529 1836 616 1873 ra-

312 1884 499 1934 tionali
520 1900 636 1936 sen-

312 1950 440 1997 serit
459 1949 603 1998 Aris·

312 2010 518 2068 toteles‚
541 2013 636 2062 du-

326 2071 475 2124 bium
504 2080 601 2126 est.

306 3503 410 3554 Cur
459 3503 624 3553 Arist.

345 3578 381 3615 n
394 3570 576 3629 egeret

339 3631 572 3680 enimam

370 3693 558 3744 creari.

661 1537 827 1589 esse
871 1515 948 1589 in
987 1517 1306 1592 materia
1346 1541 1482 1615 per
1513 1542 1672 1612 663,
1709 1515 1856 1590 nisi
1906 1540 2041 1615 per
2071 1541 2209 1614 ge-

661 1632 1164 1708 nerationem.

759 1749 872 1823 De
915 1751 1156 1825 forma
1185 1760 1440 1825 autem
1492 1750 1984 1845 intellectiva,
2021 1751 2205 1848 quid

662 1868 1110 1943 Aristoteles
1164 1867 1255 1941 de
1313 1890 1404 1941 ea
1465 1867 1815 1957 senserit,
1887 1877 1999 1941 est
2075 1868 2206 1940 du·

664 1986 877 2061 bium
916 2013 933 2077 ;
978 1984 1042 2057 si
1074 1983 1280 2058 enim
1314 1984 1570 2081 posuit
1618 2006 1786 2057 eam
1838 2007 2006 2058 esse
2071 1985 2208 2057 for-

665 2125 868 2176 mam
928 2101 1355 2174 naturalem
1416 2098 1757 2195 corporis
1829 2099 2201 2194 organici,

659 2219 859 2293 sicut
897 2218 1199 2292 videtur
1240 2217 1481 2312 ipsam
1518 2239 1831 2313 ponere,
1870 2217 2199 2292 alsatie.

653 2343 729 2411 et
757 2338 827 2409 4.
872 2336 1128 2410 Etlzic.
1167 2343 1239 2409 et
1271 2337 1354 2409 2.
1400 2334 1493 2408 de
1532 2335 1798 2408 Anim.
1846 2334 2030 2432 quia
2080 2358 2207 2432 po-

651 2454 805 2527 suit
874 2451 1313 2526 felicitatem
1387 2450 1725 2524 hominis
1782 2450 2202 2525 consistere

651 2570 729 2644 in
795 2579 966 2644 actu
1022 2567 1301 2643 animae
1362 2567 1852 2641 intellectivae
1907 2566 1979 2639 in
2039 2591 2204 2665 spe-

652 2685 1068 2778 culatione,
1105 2692 1179 2759 et
1219 2683 1476 2782 posuit
1522 2683 1764 2780 ipsam
1825 2706 1993 2758 esse
2054 2683 2203 2755 im-

655 2803 1055 2878 mortalem
1099 2809 1172 2877 et
1204 2800 1710 2897 separabilem
1762 2824 1807 2874 a
1846 2824 2194 2899 corpore,

653 2920 850 2995 sicut
877 2927 1336 3017 perpetuum
1372 2941 1415 2992 a
1452 2917 1928 3015 corruptibili
1959 2946 1977 3011 ;
2018 2927 2200 2994 tunc

651 3059 967 3113 necesse
1003 3034 1274 3109 habuit
1338 3058 1506 3109 eam
1568 3034 1986 3109 concedere
2029 3059 2197 3112 esse

653 3156 749 3231 ab
774 3163 1013 3248 extra,
1059 3154 1242 3253 quia
1280 3153 1437 3249 illa,
1484 3177 1657 3253 quae
1694 3153 2046 3229 educitur
2103 3155 2196 3231 de

658 3270 998 3367 potentia
1033 3268 1398 3358 materiae,
1443 3292 1597 3342 non
1633 3268 1741 3343 sic
1788 3277 2046 3366 posset
2076 3293 2196 3344 se-

658 3386 938 3485 parari.
1004 3409 1157 3460 non
1261 3395 1515 3461 tamen
1615 3395 1934 3483 poneret
2026 3409 2195 3460 eam

658 3503 925 3589 creari,
960 3503 1255 3577 etiamsi
1290 3502 1386 3578 sit
1425 3502 1519 3576 ab
1551 3512 1786 3577 extra.
1822 3502 2016 3576 Nam
2061 3504 2200 3577 cir-

656 3643 745 3694 ca
767 3620 1046 3695 animae
1082 3621 1543 3695 creationem
1571 3619 1930 3716 ponimus
1952 3620 2197 3718 dupli-

654 3759 816 3810 cem
856 3737 1380 3823 mutationem,
1437 3758 1668 3810 unam
1731 3759 1776 3811 a
1831 3760 1986 3811 non
2036 3761 2195 3812 6336

651 3853 932 3928 animae
961 3853 1053 3926 ad
1089 3877 1248 3927 6336
1279 3852 1473 3949 ejuS,
1502 3852 1729 3927 aliam
1763 3876 1806 3927 a
1849 3877 2001 3927 non
2036 3855 2194 3929 ani-

650 3976 854 4042 mato
896 3992 1214 4066 corpore
1275 3969 1367 4042 ad
1413 3991 1691 4066 corpus
1732 3969 2186 4063 animatum,

648 4086 1074 4160 secundum
1146 4108 1374 4183 quam
1472 4095 1809 4159 mutatur
1910 4110 2191 4185 corpus

644 4203 1097 4300 organicum
1121 4202 1573 4277 animatum.
1635 4203 1970 4277 Primam
2018 4228 2191 4276 mu-

645 4319 1011 4393 tationem
1047 4342 1195 4392 non
1269 4319 1482 4417 ponit
1536 4319 2007 4413 AristoteleS,
2053 4322 2190 4395 sed

645 4434 1066 4510 secundam
1100 4445 1423 4528 tantum,
1470 4443 1544 4509 et
1580 4435 1749 4509 ideo
1793 4459 1945 4508 non
2000 4459 2190 4509 con-

644 4556 949 4629 cederet
1043 4556 1538 4648 creationem,
1626 4556 1758 4630 sed
1872 4567 2190 4654 poneret

640 4683 883 4748 totum
927 4673 1157 4747 simul
1204 4675 1480 4748 mutari
1523 4698 1566 4748 a
1604 4698 1755 4749 non
1813 4698 1969 4749 6336
2031 4675 2188 4748 ani-

641 4802 845 4866 mato
902 4792 995 4865 ad
1045 4815 1202 4866 6336
1253 4791 1704 4883 animatum,
1760 4790 1933 4864 licet
1992 4792 2184 4866 nihil

639 4910 921 4984 anima}
977 4908 1434 5007 praefuisset‚
1508 4907 1705 4981 sicut
1780 4907 1855 4979 in
1945 4908 2186 4982 forma

635 5026 1017 5124 corporali
1064 5050 1214 5099 non
1255 5034 1592 5100 mutatur
1638 5026 1881 5099 forma
1929 5049 1973 5098 a
2030 5050 2183 5100 non

634 5167 794 5216 6336
826 5144 917 5217 ad
951 5166 1135 5230 6336,
1173 5144 1303 5216 sed
1365 5151 1608 5215 totum
1670 5144 2181 5239 compositum

633 5261 881 5359 primo
962 5260 1069 5334 sic
1150 5270 1516 5353 mutatur,
1593 5260 1892 5334 etiamsi
1988 5262 2180 5335 nihil

631 5378 897 5450 formae
951 5376 1369 5475 praefuerit.

2088 406 2330 477 LIBRI
2376 407 2497 478 IV.

2846 731 3206 788 SCHOLIUM
3250 731 3344 788 IV.

2392 884 2526 939 Fide
2560 885 2750 955 potius
2808 900 2981 956 quam
3017 885 3239 939 ratione
3272 884 3669 950 convincente,
3705 889 3865 941 tenet

2319 973 2532 1029 Doctor
2560 980 2881 1030 creaturam
2914 989 3026 1028 non
3063 990 3228 1043 posse
3254 989 3448 1030 creare
3481 995 3494 1042 ;
3530 977 3679 1045 quod
3735 992 3861 1046 pro-

2320 1064 2405 1118 bat
2443 1063 2652 1134 primo,
2686 1063 2820 1134 quia
2850 1064 3108 1136 Angelus
3137 1080 3250 1119 non
3283 1065 3398 1135 agit
3431 1066 3542 1121 nisi
3590 1065 3857 1121 intellec-

2316 1154 2472 1208 tione
2502 1155 2588 1207 vel
2617 1153 2909 1219 volitione,
2941 1172 3067 1227 quae
3090 1160 3228 1210 eunt
3260 1156 3601 1223 accidentia,
3646 1157 3857 1225 quibus

2319 1244 2519 1315 nequit
2576 1260 2770 1299 creare
2827 1245 3223 1307 substantiam,
3289 1245 3549 1317 alioquin
3619 1248 3857 1303 effectus

2316 1334 2612 1389 excederet
2645 1352 2806 1390 suam
2863 1351 3119 1391 causam.
3155 1339 3442 1405 SecundO,
3480 1337 3682 1409 probat
3726 1338 3855 1393 sub·

2316 1422 2590 1477 stantiam
2653 1440 2986 1496 corpoream
3050 1442 3161 1481 non
3227 1442 3395 1498 posse
3460 1443 3677 1496 creare,
3723 1427 3858 1498 quia

2317 1528 2428 1566 non
2483 1529 2585 1583 per
2635 1514 2904 1580 formam,
2954 1531 3087 1570 cum
3136 1515 3256 1571 haec
3323 1522 3616 1589 supponat
3678 1523 3858 1572 mate-

2314 1605 2508 1671 riam;
2555 1621 2659 1659 nec
2717 1621 2818 1676 per
2875 1606 3203 1674 materiam,
3262 1624 3387 1678 quaa
3447 1614 3537 1664 est
3589 1608 3851 1664 omnium

2313 1692 2823 1765 imperfectissima
2865 1695 3096 1752 entitas.
3159 1698 3372 1765 Tertio,
3423 1699 3579 1768 quod
3647 1698 3856 1753 coelum

2316 1799 2430 1837 non
2467 1783 2648 1854 possit
2691 1800 2910 1851 creare,
2961 1787 3166 1856 probat
3225 1788 3446 1843 ratione
3496 1786 3745 1843 aliorum
3789 1804 3857 1844 ex

2313 1872 2684 1944 PhilosophO,
2718 1876 2855 1946 quia
2880 1890 3113 1932 movens
3144 1883 3201 1932 et
3225 1884 3443 1933 motum
3490 1877 3701 1934 debent
3733 1893 3858 1935 esse

2313 1961 2511 2031 simul,
2542 1980 2676 2019 curn
2711 1969 2861 2020 actio
2894 1982 3088 2021 eorum
3134 1968 3210 2022 sit
3256 1973 3313 2022 in
3357 1973 3660 2025 contractu
3700 1987 3714 2037 ς
3756 1970 3854 2024 sed

2312 2068 2522 2124 corpus
2545 2052 2777 2109 coeleste
2810 2072 2922 2109 non
2958 2061 3148 2126 potest
3183 2072 3305 2112 esse
3354 2058 3529 2113 simul
3583 2074 3714 2113 cum
3749 2058 3854 2113 ali·

2312 2158 2427 2212 quo
2459 2143 2738 2210 inferiori,
2772 2160 2878 2200 nec
2910 2161 3076 2215 agere
3127 2163 3227 2217 per
3273 2152 3635 2203 contractum
3678 2147 3852 2204 illius,

2312 2234 2442 2288 Haec
2475 2236 2618 2290 ratio
2651 2251 2763 2289 non
2811 2236 3036 2291 videtur
3082 2238 3308 2293 Doctori
3367 2237 3703 2306 probabilis,
3756 2240 3854 2294 de·

2310 2337 2468 2377 mum
2492 2329 2819 2379 creaturam
2858 2323 3002 2379 nibil
3036 2342 3203 2395 posse
3234 2341 3431 2381 creare
3474 2331 3680 2381 Doctor
3728 2343 3858 2382 con·

2307 2410 2511 2482 cludit,
2543 2418 2601 2467 et
2630 2414 2837 2483 probat
2869 2413 2925 2468 in
2958 2420 3149 2469 oxon.
3183 2414 3277 2470 bic
3309 2434 3341 2472 a
3375 2432 3532 2471 num.
3585 2418 3674 2470 28.
3725 2434 3855 2473 auc-

2307 2501 2539 2557 toritate
2569 2502 2932 2558 Sanctorum.

2405 2675 2552 2749 Sed
2587 2699 2727 2749 nos
2760 2678 3418 2755 Christianialiter
3459 2681 3846 2778 ponimuS‚
4009 2696 4121 2762 14.

2306 2814 2458 2864 non
2503 2791 2708 2865 enim
2754 2795 3114 2891 ponimus
3165 2819 3406 2871 unum
3467 2797 3844 2893 Angelum
3885 2812 4221 2887 Prima-eon-

2305 2932 2565 2984 creare
2598 2934 2823 3007 posse
2854 2912 3293 2988 inferiorem
3327 2918 3706 3011 Angelum
3742 2941 3852 2991 se·
3921 2876 4194 3013 &32¹3ss

2303 3026 2645 3100 cundum
2698 3028 2901 3102 viam
2977 3030 3447 3125 Avicennae3
3513 3031 3624 3107 sic
3707 3004 4221 3128 ne03¹3¹11¹²13¹8222t

2303 3142 2532 3219 etiam
2594 3145 2932 3245 aliquam
2993 3149 3314 3225 formam
3376 3151 3849 3226 substantia-
3879 3130 4224 3244 “ffissffisss

2303 3261 2453 3335 lem
2487 3261 2859 3337 infimam.
2899 3265 3286 3360 Probatio,
3331 3268 3581 3342 omnis
3631 3269 3849 3343 intel-

2303 3378 2525 3453 lectio
2582 3381 2856 3477 Angeli
2943 3394 3055 3456 est
3142 3384 3497 3460 accidens
3555 3415 3573 3480 ;
3658 3410 3841 3483 ergo

2302 3517 2457 3568 non
2495 3506 2739 3594 potest
2781 3521 3039 3574 creare
3081 3502 3617 3577 substantiam.
3668 3505 3849 3579 Pro-

2303 3611 2506 3685 batio
2549 3616 3092 3700 antecedentis,
3127 3617 3599 3716 quicumque
3633 3621 3849 3697 intel-

2301 3729 2544 3805 lectus
2587 3742 2833 3829 potest
2891 3734 3325 3832 intelligere
3384 3762 3612 3814 omne
3673 3765 3839 3834 enS,

2301 3847 2483 3942 quia
2506 3872 2594 3922 ex
2625 3872 2777 3947 quo
2807 3851 3141 3948 primum
3183 3854 3567 3949 objectum
3616 3857 3845 3932 intel-

2301 3966 2542 4039 lectus
2593 3966 3003 4063 cujuslibet
3068 3980 3181 4042 est
3236 3994 3400 4064 enS,
3447 3974 3843 4069 quodlibet

2297 4091 2740 4155 contentum
2786 4083 2929 4157 sub
2980 4094 3153 4158 ente
3216 4095 3330 4160 est
3376 4111 3514 4185 per
3543 4113 3623 4162 se
3675 4088 3841 4187 ejus

2296 4198 2678 4295 objectum
2729 4227 2746 4291 3
2793 4210 2976 4274 sunt
3023 4211 3281 4275 autem
3329 4203 3845 4301 intelligibilia

2296 4312 2626 4407 infinita,
2665 4338 2840 4412 quae
2880 4317 3210 4413 perfecte
3265 4331 3589 4416 possunt
3629 4322 3850 4398 intel:

2296 4431 2424 4526 ligi
2461 4431 2556 4505 ab
2599 4431 2986 4508 intellectu
3043 4437 3404 4531 perfecto,
3458 4446 3539 4511 ut
3587 4439 3845 4536 singu-

2296 4549 2514 4642 laria,
2551 4572 2727 4646 quae
2763 4561 3088 4647 possunt
3141 4576 3337 4648 esse,
3366 4565 3440 4629 et
3479 4557 3845 4658 multipli-

2293 4665 2448 4739 cari
2513 4665 2590 4739 in
2651 4666 3104 4762 inlinitum3
3168 4671 3301 4744 sed
3363 4671 3841 4770 impossibile

2295 4791 2403 4856 est
2474 4783 2809 4880 aliquam
2909 4784 3507 4862 intellectionem
3608 4816 3838 4867 unam

2293 4900 2562 4994 Angeli
2625 4923 2792 4974 esse
2852 4900 3332 4976 infinitorum
3394 4905 3844 5002 intelligibi-

2294 5017 2476 5089 lium
2536 5017 3003 5113 indistincte,
3043 5020 3192 5093 nisi
3276 5021 3373 5094 sit
3453 5023 3756 5100 infinita
3816 5054 3836 5120 ς

2291 5156 2473 5228 ergo
2507 5157 2683 5207 cum
2721 5136 3046 5209 diversis
3106 5137 3483 5234 intelligat
3536 5142 3842 5215 rationi-

2292 5249 2464 5342 bus,
2529 5251 2881 5327 distincte
2963 5254 3270 5328 diversa
3322 5255 3705 5352 intelligit,
3764 5269 3838 5334 et

2290 5368 2657 5465 quaelibet
2689 5378 2803 5443 est
2833 5369 2977 5443 sibi
3021 5372 3398 5447 accidens.

2384 5485 2624 5560 Aliter
2653 5487 3022 5583 probatur
3061 5487 3250 5563 illud
3303 5492 3764 5568 antecedens
3810 5518 3826 5568 ε

2285 5601 2628 5698 Angelus
2657 5610 2903 5701 potest
2942 5602 3371 5702 intelligere
3422 5612 3665 5682 unum
3708 5608 3832 5682 in-
